2184 2828
1082 109 1126 142 14

185 239 281 272 quam
310 231 414 261 eciam
442 230 614 261 retroactis
643 225 842 272 temporibus
870 226 996 259 decima
1024 228 1092 260 vini
1121 225 1162 259 de
1189 224 1337 259 omnihus
1365 230 1397 259 et
1425 227 1563 271 singulis
1598 229 1704 261 vineis
1732 231 1782 261 est
1810 227 1924 269 soluta,
1954 237 2018 271 que

185 288 224 321 ad
253 299 305 321 me
334 292 469 333 paterna
498 292 528 321 et
557 286 754 320 hereditaria
782 290 1000 321 successione
1027 290 1087 320 rite
1115 297 1154 319 ac
1182 285 1426 320 racionabiliter
1452 286 1558 320 fuerat
1586 287 1750 329 deuoluta,
1780 292 1875 333 prout
1912 290 2018 320 eciam

185 347 399 382 Serenissimi
420 347 601 393 Principes,
632 346 745 391 Reges
772 346 909 380 Boemie
937 351 969 380 et
995 346 1209 380 Marchiones
1237 345 1386 380 Morauie
1414 346 1529 381 eadem
1557 358 1640 381 vrna
1668 347 1788 381 ibidem
1816 347 1857 381 ab
1885 350 2018 393 antiquo

185 408 322 452 singulis
344 408 582 441 vindemiorum
609 406 810 453 temporibus
835 406 1068 441 inuiolabiliter
1086 405 1272 449 vtebantur,
1292 417 1344 440 me
1363 406 1481 441 Illustri
1500 406 1642 453 Principi
1670 407 1800 441 domine
1828 406 2018 441 Elizabethe

186 468 321 502 Boemie
349 473 381 502 et
408 468 542 502 Polonie
581 467 744 512 quondam
779 467 921 512 Regine,
956 467 1138 512 predictam
1171 477 1288 500 vrnam
1324 477 1397 500 cum
1435 466 1558 501 eisdem
1587 466 1682 501 bonis
1710 470 1740 501 in
1769 467 1958 513 Hustopecz
1987 472 2018 501 et

185 539 297 562 eorum
333 529 544 574 pertinencijs
579 527 778 561 hereditarie
814 527 1004 561 vendidisse
1040 531 1199 572 perpetuo
1226 527 1438 572 possidenda.
1492 527 1595 561 Huius
1628 530 1726 572 igitur
1760 527 2017 572 „amminiculo“

186 589 314 622 cautele
342 589 518 632 suffragate
546 598 662 622 omnes
690 592 721 621 et
750 588 899 632 singulos
928 592 991 621 tam
1025 598 1083 633 pro
1112 597 1199 620 nunc
1227 597 1323 632 quam
1351 587 1466 621 futuris
1494 587 1695 634 temporibus
1723 590 1827 633 ipsam
1855 587 2018 621 dominam

185 648 366 691 Elizaheth,
397 648 450 682 vel
479 651 550 682 eius
579 651 611 682 in
639 647 701 681 hac
728 653 821 694 parte
850 658 1064 682 successores
1092 658 1192 693 super
1225 646 1308 681 dicte
1337 658 1420 681 vrne
1448 651 1647 694 recepcione
1676 651 1826 694 inpetere
1853 647 2017 682 volentes.

187 710 357 743 Protestor
384 713 415 742 et
443 708 550 742 fateor
576 708 796 754 presentibus.
833 719 931 754 posse
959 708 1047 742 licite
1083 719 1121 742 ac
1156 707 1278 741 debere
1311 708 1494 751 coherceri,
1529 708 1565 742 In
1595 711 1686 742 cuius
1723 711 1770 742 rei
1798 710 2018 742 testimonium

186 774 217 803 et
246 769 346 803 robur
373 773 532 815 perpetuo
560 768 736 802 valiturum
765 768 915 813 Sigillum
950 780 1058 802 meum
1086 767 1294 814 presentibus
1328 773 1378 803 est
1405 780 1597 815 appensum.
1636 768 1754 802 Datum
1783 768 1891 813 Prage
1918 768 2019 802 Anno

185 830 305 864 domini
333 829 505 864 Millesimo
536 828 644 862 0000.
675 829 858 862 Tricesimo
888 828 1022 870 Quarto.
1052 828 1158 862 XVII.
1188 828 1354 863 Kalendas
1380 829 1468 873 Julij.

492 908 557 936 (Das
583 909 655 941 ittig*
681 907 727 933 auf
746 908 901 941 Pergameni
927 909 970 933 mit
994 909 1078 933 ciuem
1103 908 1165 933 sehr
1187 907 1302 941 kleinen,
1326 916 1381 933 zum
1405 908 1494 934 Tlieilc
1525 908 1715 941 best-badurico
1733 907 1824 941 sigule
1848 908 1880 933 ini
1907 907 2019 933 Archive

594 960 641 985 (les
666 959 786 985 Klosters
810 959 991 987 Maria-Saal,
1015 961 1048 985 im
1073 968 1104 984 m.
1131 962 1163 985 st.
1188 959 1394 991 Laudesai·cliive
1418 960 1462 986 Lit.
1489 960 1519 991 Q.
1546 968 1569 985 n.
1601 959 1660 989 Η.)

1071 1079 1140 1114 lS.

185 1158 292 1202 Papst
320 1158 454 1191 ιΙοΙιιῑνηη
486 1157 604 1191 XXII.
636 1159 821 1191 reserriret
849 1158 919 1191 dem
947 1157 1083 1191 Johmm
1116 1157 1295 1202 Coqm'mls,
1324 1159 1428 1191 einem
1458 1158 1574 1192 Solme
1603 1158 1661 1191 des
1690 1158 1806 1191 Simon
1827 1156 1962 1201 Philipp
1981 1157 2021 1190 de

185 1218 384 1262 Refsalz'bus,
414 1219 475 1251 (las
495 1218 636 1251 'moleste
656 1218 742 1262 offen
773 1218 948 1251 werdeude
970 1218 1158 1251 Canom'eal
1179 1217 1235 1252 bez'
1251 1218 1310 1251 der
1331 1218 1502 1252 Olmi'llzer
1521 1217 1738 1251 Domlfirelee.
1770 1217 1829 1251 Dc.
1852 1217 2022 1252 Acim'one

722 1278 805 1312 XII.
837 1279 980 1313 Kalend.
1009 1279 1097 1313 ,Iulii
1125 1279 1206 1318 (20.
1236 1279 1336 1322 ιΙαηί]
1369 1279 1477 1312 1334.

337 1353 529 1407 Johannes
556 1373 742 1419 Episcopus
771 1374 898 1408 Servus
928 1374 1109 1408 Servorum
1139 1374 1190 1408 dei
1218 1373 1344 1408 Dilecto
1373 1373 1455 1408 Filio
1483 1373 1624 1407 Jolianui
1655 1373 1740 1407 dicto
1769 1373 1917 1419 Coquino
1946 1377 2022 1407 nato

184 1434 291 1468 dilecti
327 1434 379 1468 lilii
409 1434 527 1468 nobilis
561 1437 623 1468 viri
658 1435 803 1468 Simonis
838 1434 974 1481 Philippi
1007 1435 1048 1468 de
1083 1434 1261 1479 Regalibus
1292 1434 1380 1468 militi
1415 1434 1544 1468 Clerico
1580 1434 1768 1468 l‘istoriensi
1804 1434 1950 1468 Salutem
1991 1438 2024 1467 et

185 1494 690 1540 ApostolicamBenedictionem
695 1522 829 1528 ......
848 1494 928 1528 Cum
946 1499 1054 1540 itaque
1076 1498 1290 1530 canonicatus
1305 1500 1336 1529 et
1350 1494 1516 1541 prebenda
1533 1495 1674 1529 ecclesie
1687 1494 1929 1537 Olomucensis,
1941 1504 2023 1539 quos

185 1555 320 1588 dilectus
332 1554 414 1589 lilius
430 1555 599 1589 Jobannes
615 1555 741 1589 electus
757 1554 990 1590 Olomucensis
1006 1559 1037 1589 in
1054 1556 1168 1590 eadem
1185 1556 1324 1590 ecclesia
1340 1559 1487 1602 tempore
1502 1558 1716 1601 promotionis
1732 1566 1790 1601 per
1805 1566 1866 1589 nos
1880 1554 1968 1589 facte
1984 1554 2024 1588 de

185 1618 255 1661 ipso
272 1615 310 1648 ad
339 1615 457 1649 dictam
485 1615 661 1649 ecclesiam
690 1620 765 1650 tunc
793 1621 924 1662 pastore
944 1621 1122 1659 carentem,
1144 1620 1174 1650 in
1194 1620 1263 1663 ipsa
1282 1616 1423 1650 ecclesia
1444 1615 1624 1650 obtinebat.
1654 1619 1737 1649 sicut
1756 1615 1862 1649 adbuc
1887 1614 2022 1655 obtinet,

186 1687 244 1721 per
264 1675 358 1709 huius
379 1678 616 1721 promotionem
638 1681 669 1710 et
688 1687 805 1710 munus
824 1680 1083 1711 consecrationis
1104 1676 1344 1724 suscipiendum
1365 1675 1405 1709 ab
1426 1687 1465 1710 eo
1486 1679 1518 1709 in
1542 1679 1694 1722 proximo
1716 1686 1840 1710 vacare
1860 1679 2020 1722 speratur.

184 1735 255 1770 Nos
280 1736 430 1769 volentes
458 1735 511 1769 tibi
539 1739 771 1782 premissorum
799 1740 987 1771 meritorum
1008 1742 1132 1771 tuorum
1154 1740 1266 1772 intuitu
1285 1739 1431 1782 graciam
1452 1736 1564 1770 facere
1584 1736 1774 1782 specialem,
1794 1739 2023 1770 canonicatum

185 1801 217 1830 et
245 1796 445 1842 prebendam
475 1797 640 1842 predictos
671 1824 831 1831 .....
862 1798 1085 1832 conferendos
1114 1798 1169 1832 tibi
1197 1808 1269 1832 cum
1297 1797 1497 1843 plenitudine
1523 1799 1600 1830 iuris
1626 1799 1791 1839 canonici,
1813 1807 1852 1830 ac
1874 1795 2023 1830 omnibus

186 1856 307 1891 iuribus
335 1861 368 1890 et
395 1859 607 1903 pertiuencijs
641 1861 708 1891 suis
737 1857 799 1891 bac
826 1861 901 1891 vice
929 1858 1136 1904 dispositioni
1171 1858 1348 1905 apostolice
1382 1858 1572 1904 specialiter
1606 1868 1816 1891 reservamus
1821 1883 2021 1891 ......

186 1917 270 1951 Nulli
305 1928 387 1962 ergo
416 1921 478 1951 etc.
515 1923 627 1951 nostre
661 1921 910 1961 reservationis,
944 1918 1156 1962 inhibitionis,
1193 1921 1430 1954 constitutionis
1463 1922 1496 1952 et
1532 1918 1709 1952 voluntatis
1743 1918 1925 1962 infringere
1960 1921 2021 1950 etc.

190 1978 305 2011 Datum
334 1978 503 2011 Avinione
532 1978 603 2012 ΧΠ.
634 1978 770 2012 Kalend.
800 1978 875 2012 Julii
905 1990 991 2013 anno
1020 1980 1148 2014 decimo
1176 1984 1306 2014 octavo.

340 2038 376 2071 In
410 2038 548 2072 eundem
583 2039 711 2072 modum
745 2039 870 2074 dilectis
903 2040 975 2073 liliis
1007 2040 1168 2074 Rollando
1208 2040 1248 2074 de
1283 2039 1472 2084 Scarampis
1513 2043 1545 2072 et
1577 2038 1736 2072 Goufrido
1769 2038 1810 2072 de
1842 2037 2023 2083 Regalibus

189 2099 363 2132 (fanonicis
397 2098 582 2144 Capellanis
624 2102 746 2134 nostris
775 2112 814 2134 ac
844 2128 850 2134 .
882 2128 888 2133 .
921 2100 1122 2135 Ol'licialibus
1151 2100 1328 2135 Laudunen
1333 2126 1532 2134 ......
1562 2098 1754 2133 Mandamus
1783 2101 1934 2144 quatinus
1962 2109 2024 2132 vos

189 2159 240 2191 vel
270 2159 332 2191 duo
361 2164 415 2192 aut
443 2171 525 2193 unus
554 2164 698 2193 vestrum
728 2171 786 2205 per
814 2172 875 2194 vos
904 2162 957 2195 vel
985 2162 1082 2195 alium
1111 2173 1169 2195 seu
1205 2162 1286 2195 alios
1314 2163 1542 2194 canonicatum
1571 2164 1603 2193 et
1631 2158 1830 2205 prebendam
1860 2158 2024 2205 predictos

189 2230 246 2264 per
275 2230 333 2252 nos
362 2224 393 2252 ut
423 2223 614 2265 premittitur
651 2225 852 2263 reservatos,
890 2233 963 2255 cum
999 2225 1089 2267 ipsos
1124 2226 1156 2255 ut
1183 2221 1345 2268 prefertur
1373 2231 1498 2254 vacare
1526 2223 1710 2262 contigerit,
1748 2219 1853 2253 eidem
1882 2219 2023 2253 iohanni

189 2279 274 2312 dicto
303 2278 450 2324 Coquino
479 2292 551 2314 cum
581 2281 780 2326 plenitudine
809 2284 887 2315 iuris
916 2284 1078 2324 canonici,
1108 2294 1147 2315 ac
1183 2281 1332 2316 omnibus
1358 2279 1481 2314 iuribus
1509 2285 1541 2314 et
1568 2281 1780 2325 pertinencijs
1809 2282 1876 2314 suis
1904 2283 2024 2313 aucto-

189 2342 282 2373 ritate
332 2344 441 2373 nostra
491 2340 691 2376 conferimus
742 2346 773 2375 et
822 2345 1042 2387 assignamus,
1093 2343 1252 2377 inducatis
1297 2352 1371 2375 eum
1420 2341 1474 2374 vel
1520 2344 1768 2386 procuratorem
1814 2350 1908 2374 suum
1953 2341 2023 2373 eius

190 2402 321 2433 nomine
356 2403 386 2432 in
423 2402 629 2446 corporalem
664 2404 910 2448 possessionem
948 2405 1163 2437 canonicatus
1198 2407 1231 2436 et
1263 2401 1441 2448 prebende,
1477 2412 1515 2434 ac
1544 2403 1659 2434 iurium
1695 2405 1726 2434 ct
1754 2402 2020 2446 pertinentiarum

190 2460 422 2506 predictorum,
451 2465 483 2494 et
510 2461 694 2496 defendatis
729 2463 905 2505 inductum,
942 2467 1050 2497 amoto
1087 2474 1129 2497 cx
1166 2463 1241 2497 inde
1275 2461 1418 2508 quolibet
1446 2461 1630 2503 detentore,
1660 2472 1699 2494 ac
1728 2460 1887 2495 facientes
1915 2463 2022 2506 ipsum

191 2521 242 2554 vel
273 2520 391 2554 dictum
421 2527 668 2566 procuratorem
697 2534 755 2569 pro
784 2535 825 2557 eo
853 2523 892 2558 ad
928 2523 1067 2558 eandem
1104 2523 1303 2569 prebendam
1336 2525 1367 2555 in
1400 2524 1594 2555 canonicum
1628 2524 1729 2567 recipi
1762 2525 1794 2555 et
1825 2523 1857 2555 in
1889 2519 2022 2554 fratrem

192 2581 317 2615 stallum
353 2580 413 2614 sibi
449 2583 478 2614 in
515 2582 622 2615 Clioro
660 2588 691 2617 et
719 2584 825 2617 locum
863 2587 892 2618 in
923 2583 1070 2629 Capitulo
1106 2586 1207 2629 ipsius
1241 2582 1384 2617 ecclesie
1418 2593 1491 2615 curn
1525 2581 1724 2627 plenitudine
1758 2584 1836 2615 iuris
1870 2582 2023 2614 canonici
