2184 2828
1056 139 1129 174 916

160 275 214 298 me
250 263 423 308 hucusque
456 261 602 295 indebite
634 259 792 301 habuisti,
825 263 858 292 et
899 257 1045 292 certifica
1083 268 1135 290 me
1170 267 1229 302 per
1262 261 1335 290 tuas
1372 257 1499 290 litteras
1538 256 1578 290 de
1613 261 1668 290 tuo
1703 256 1847 290 adventu
1883 255 1923 289 ad
1957 266 2010 290 me

164 324 313 358 breviter
341 322 556 363 succedente,
581 319 732 365 juvando
760 330 812 353 me
840 318 962 353 liberos
991 328 1085 351 meos
1114 316 1289 363 perficere,
1319 327 1402 363 quos
1432 319 1504 350 sine
1534 321 1565 350 te
1584 327 1650 351 non
1676 327 1812 362 possum
1837 316 2013 362 perficere,

166 387 264 420 sicuti
298 386 371 430 ipsa
405 386 492 417 nosti
527 386 559 415 et
593 380 798 415 removendo
834 392 851 413 a
886 390 939 412 me
974 377 1194 412 turbationem
1232 382 1265 411 et
1299 379 1504 421 angustiam,
1539 388 1602 423 que
1630 377 1671 411 de
1699 382 1754 411 tua
1783 376 2013 411 inobediencia

167 448 310 480 animum
339 443 415 477 mihi
437 445 586 477 cruciant
610 444 831 475 incessanter.
863 439 946 480 Quia
966 449 1038 472 cum
1059 437 1163 484 pridie
1190 437 1246 471 tihi
1272 440 1418 472 miserim
1444 436 1502 470 LX
1530 448 1669 482 grossos
1689 442 1722 471 et
1742 448 1829 471 nunc
1848 436 2014 483 hospitem

166 510 255 539 tuum
289 504 330 538 de
363 503 428 538 XX
465 501 632 548 grosstjs]
667 512 726 547 per
759 503 901 547 pignora
929 498 1114 533 certificare
1142 498 1271 541 valeas,
1297 500 1365 542 jam
1395 498 1516 532 nullam
1551 508 1687 532 causam
1716 497 1821 531 habes
1850 502 1882 531 te
1911 509 1930 531 a
1957 508 2011 531 me

165 566 294 600 diucius
324 568 355 598 in
385 574 493 598 meum
520 573 629 608 grave
657 561 862 607 dispendium
891 559 1099 594 absentandi.
1130 557 1261 592 Scitura
1291 569 1421 601 secure,
1451 562 1478 592 si
1508 561 1643 592 veneris
1671 561 1703 592 in
1732 560 1897 604 proximo,
1926 557 2014 604 quod

166 631 197 660 te
227 626 268 659 de
296 625 382 659 bono
412 634 521 670 panno
550 623 591 656 de
620 619 734 669 Gynth
764 624 904 656 vestiam
933 620 1032 667 pallio
1061 624 1094 653 et
1121 622 1244 663 tunica,
1278 622 1304 653 si
1334 619 1389 653 tibi
1423 619 1521 653 fuerit
1550 620 1754 664 placiturum.
1797 617 1881 652 Nam
1910 629 2015 664 usque

164 686 204 720 ad
233 686 352 720 festum
381 685 486 718 Pasce
514 684 598 717 ultra
627 694 743 718 omnes
772 692 941 728 expensas
970 680 1011 714 de
1040 680 1151 723 rebus,
1181 692 1263 727 quas
1292 691 1474 727 preparare
1503 679 1621 723 liabeo,
1643 691 1764 714 secure
1783 680 1874 713 lucra
1894 683 2014 726 potero

163 746 227 780 XII
269 744 491 791 mai-ctarmu]
530 746 659 789 argenti
697 742 864 785 obtinere,
911 752 984 775 cum
1019 740 1144 775 eisdem
1179 746 1286 775 tecum
1322 740 1489 774 Brunnam
1520 743 1626 774 statim
1655 745 1773 786 postea
1800 750 2014 774 reversurus.

165 809 201 843 Si
237 814 346 843 autem
381 808 568 853 hujusmodi
604 818 722 854 preces
757 817 848 840 meas
885 816 1049 851 spernens
1085 803 1125 838 ad
1161 813 1213 836 ine
1241 813 1306 835 non
1336 803 1484 843 veneriS,
1514 805 1591 834 tunc
1620 804 1718 844 scias,
1748 800 1834 846 quod
1863 799 2015 834 ammodo

166 881 231 904 non
261 873 386 904 mittam
415 869 470 903 tibi
499 869 637 911 litteras,
666 867 722 902 vel
750 869 889 900 nuncios
919 871 951 900 te
979 870 1153 903 vocantes,
1184 863 1242 897 sed
1270 862 1411 896 venditis
1432 873 1490 907 pre
1512 861 1594 895 suria
1614 873 1686 895 eum
1708 864 1852 895 maximo
1872 861 2015 906 dampno

165 930 318 965 omnibus
347 929 448 964 rebus
476 932 571 965 meis.
602 932 687 963 sicut
716 928 797 961 alias
827 938 878 960 me
906 926 1044 967 fecisse,
1075 924 1206 971 qnando
1235 923 1266 957 X
1295 934 1424 957 marcas
1453 922 1578 956 reditus
1604 925 1786 968 postposui,
1808 921 1864 956 tibi
1884 926 2017 956 constat

165 991 206 1025 ad
236 996 268 1025 te
297 995 373 1025 ante
402 990 523 1024 festum
553 988 741 1023 Nativitatis
763 987 940 1022 iracundus
961 990 1105 1022 veniam.
1122 990 1157 1019 ut
1182 995 1341 1026 vesanus,
1363 983 1446 1017 niala
1469 982 1523 1017 tibi
1544 994 1607 1028 que
1627 982 1763 1017 forsitan
1789 993 1855 1016 non
1876 982 2015 1025 evades,

167 1051 276 1086 subito
304 1052 464 1085 illaturus.

482 1112 590 1144 (jacobi
616 1112 711 1137 Codex
735 1110 889 1145 epistolaris
913 1109 1045 1136 Johannis
1070 1110 1142 1143 regis
1167 1108 1310 1134 Bohemiae
1336 1109 1361 1134 S.
1390 1108 1437 1133 75.
1463 1116 1487 1133 n.
1515 1107 1600 1141 18⁸³.)

1045 1255 1151 1290 369.

166 1328 241 1362 Der
276 1328 461 1363 Stadtrath
500 1338 561 1361 con
594 1327 688 1372 Praq
720 1326 892 1360 sclereibet
927 1337 971 1359 cm
991 1329 1098 1369 jenete
1132 1336 1192 1358 rou
1225 1324 1356 1357 Olmiitz·
1385 1326 1417 1357 ἱιι
1446 1326 1542 1357 einer
1571 1322 1748 1367 we'cletiqen
1780 1322 1846 1355 mul
1870 1332 2016 1366 yrossen

560 1387 832 1433 Anqelegyenlzee't
860 1388 953 1420 eines
980 1386 1116 1430 Prayei·
1144 1385 1365 1429 ilIz'tbaliyers.
1397 1396 1427 1418 ο.
1457 1384 1501 1418 D.
1534 1396 1563 1417 a.
1593 1384 1626 1417 J.

321 1447 564 1501 prudentibus
598 1469 692 1507 viris,
729 1465 837 1499 Judici
878 1469 910 1498 et
946 1464 1071 1498 Juratis
1112 1462 1428 1509 Olomsucensibus)
1467 1462 1577 1496 Judex
1613 1467 1646 1496 et
1681 1461 1787 1495 Jurati
1825 1461 2016 1506 Pragenses

166 1530 332 1562 sincerum
361 1538 493 1574 semper
521 1526 749 1573 complacendi
778 1526 939 1559 affectum.
970 1524 1140 1569 Exigente
1169 1524 1310 1571 quodam
1340 1536 1421 1558 casu
1442 1522 1576 1558 notabili
1597 1527 1627 1556 et
1647 1525 1784 1565 enormi,
1814 1522 1868 1568 qui
1888 1521 2017 1556 cuidam

165 1594 281 1624 nostro
300 1616 307 1622 .
326 1615 354 1631 .,
383 1591 436 1622 cui
465 1590 683 1634 compatimur
711 1587 863 1629 moleste,
894 1585 1024 1627 accidit,
1055 1590 1087 1619 et
1115 1589 1169 1631 qui
1197 1596 1263 1619 non
1293 1596 1336 1618 ex
1365 1584 1503 1631 abrupto
1533 1584 1591 1618 sed
1620 1586 1863 1630 opportunitate
1891 1585 1964 1617 visa
1985 1586 2017 1616 et

165 1652 288 1694 habita,
319 1655 433 1685 vestre
460 1649 646 1684 Prudencie
674 1660 733 1696 per
762 1648 982 1683 exhibitorem
1011 1650 1216 1694 presentium
1245 1650 1369 1679 certum
1399 1650 1432 1679 et
1451 1645 1618 1691 ydoneum
1639 1646 1796 1678 nuncium
1816 1647 2016 1690 exponetur,

165 1711 331 1759 quomodo
361 1713 450 1745 circa
479 1713 585 1757 ipsum
606 1721 718 1744 casum
741 1712 840 1743 tacite
859 1708 1141 1755 prosequendum,
1171 1718 1213 1741 ne
1232 1706 1375 1753 proditio
1396 1705 1608 1740 celandorum
1629 1704 1742 1738 afferat
1769 1708 2017 1747 nocumentum,

166 1772 354 1820 procedere
383 1771 544 1806 debeatis.
574 1770 694 1805 Datum
725 1774 756 1804 et
785 1774 866 1804 cetr.

1330 1847 1346 1869 l)

476 1850 585 1883 (Jacobi
610 1850 701 1876 Codex
726 1849 880 1884 epistolaris
904 1848 1036 1875 Joliaunis
1060 1849 1136 1886 regis
1160 1847 1304 1874 Bohemiae
1330 1865 1356 1875 μ.
1383 1846 1433 1873 86.
1459 1855 1483 1874 n.
1509 1845 1594 1878 224.)

1044 1994 1150 2029 370.

448 2064 783 2109 G1·c'inzbeslinmm129
811 2064 979 2098 &esschen
1007 2062 1152 2098 Mdlcren
1181 2063 1248 2097 und
1276 2063 1416 2108 Oppeltz.
1447 2074 1478 2097 o.
1508 2062 1552 2096 D.
1584 2061 1622 2095 0.
1651 2073 1682 2095 u.
1703 2060 1736 2094 J.

344 2124 391 2177 ln
419 2146 554 2178 nomine
583 2142 705 2176 domini
733 2141 854 2176 Anien.
884 2141 954 2176 Nos
984 2140 1184 2176 Otthacarus
1213 2141 1265 2176 dei
1294 2144 1400 2187 gratia
1433 2140 1612 2175 Bohemiae
1648 2150 1709 2173 rex
1744 2143 1808 2172 etc.
1854 2137 2014 2172 Omnibus

164 2208 197 2238 in
226 2208 431 2251 perpetuum.
469 2203 510 2237 Ut
543 2206 628 2237 inter
664 2213 726 2236 nos
762 2207 794 2236 et
830 2203 989 2237 illustrem
1022 2205 1204 2248 principem
1234 2200 1477 2236 dominum.V.
1511 2200 1669 2246 inclytum
1698 2199 1815 2233 ducem
1845 2199 1886 2233 de
1915 2197 2012 2244 Opol,

165 2268 373 2299 carissimum
402 2268 605 2310 compatrem
634 2267 793 2307 nostrum,
823 2266 938 2309 vigeat
965 2262 1096 2297 debitae
1124 2262 1311 2297 dilectionis
1341 2265 1528 2303 sinceritaS,
1557 2259 1759 2294 concordiae
1792 2261 1888 2302 unio,
1929 2269 2014 2304 per-

166 2330 353 2372 petuaeque
380 2328 473 2372 pacis
502 2324 672 2367 stabilitas,
701 2327 788 2358 omni
815 2326 968 2358 rancoris
998 2335 1037 2357 ac
1066 2323 1286 2357 dissensionis
1323 2325 1545 2369 symptomate
1581 2324 1749 2355 resecato:
1778 2330 1859 2354 ecce
1893 2319 2014 2353 limites

165 2389 240 2420 sive
268 2390 372 2419 metas
401 2390 576 2427 terrarum,
606 2395 707 2431 super
735 2383 852 2430 quibus
880 2387 965 2418 inter
992 2395 1054 2418 nos
1082 2388 1115 2417 et
1142 2386 1260 2429 ipsum,
1290 2388 1322 2417 et
1351 2384 1553 2417 clarissimos
1582 2367 1814 2427 progenitores
1842 2381 2013 2425 utriusque

165 2450 327 2489 nostrum,
353 2447 420 2490 jain
450 2446 570 2480 dudum
600 2444 793 2479 vertebatur
820 2447 958 2479 materia
987 2447 1205 2491 quaestionis,
1236 2444 1346 2478 taliter
1373 2443 1524 2477 duximus
1543 2441 1822 2487 distinguendas,
1857 2439 2014 2474 videlicet

165 2507 250 2553 quod
286 2511 394 2541 metae
433 2495 540 2540 terrae
578 2506 750 2540 Mei-aviae
784 2510 815 2539 et
850 2506 987 2540 ducatus
1017 2505 1206 2551 Opoliensis
1236 2517 1253 2539 a
1283 2507 1431 2538 terminis
1460 2505 1672 2548 episcopatus
1706 2501 2012 2544 NVratizlaviensiQ

165 2568 291 2601 scilicet
320 2570 351 2601 in
383 2567 470 2601 villa.
501 2578 564 2611 qne
592 2566 684 2613 Lypa
714 2571 931 2612 nuncupatur,
961 2569 1131 2612 incipiunt,
1160 2570 1191 2599 et
1220 2565 1339 2599 abinde
1368 2566 1523 2609 usquein
1543 2563 1652 2597 villam
1674 2562 1791 2608 Bogun
1810 2564 2012 2596 nominatam

165 2628 323 2674 praedicti
353 2627 445 2661 ducis
475 2626 614 2673 Opoliae
643 2627 894 2673 protendantur.
925 2628 955 2661 A
986 2638 1047 2671 qua
1076 2626 1234 2672 siquidem
1265 2626 1341 2659 villa
1370 2624 1506 2658 eaedem
1536 2628 1644 2658 metae
1673 2623 1819 2665 fluvium,
1848 2625 1902 2668 qui
1922 2620 2012 2655 Odra
