2184 2828
1057 126 1129 160 190

167 248 200 277 et
228 243 353 277 eisdem
391 247 520 289 penitus
556 243 743 277 voluntarie
777 247 810 277 et
845 254 926 277 sana
962 247 1072 276 mente
1100 241 1324 276 conferentes.
1371 242 1480 278 Debet
1508 248 1616 278 autem
1646 246 1842 281 canonieus,
1872 244 1925 289 qui
1955 255 2015 290 pro

167 308 317 349 tempore
353 303 463 345 fuerin
498 306 549 337 cui
584 302 778 337 venerabile
819 304 996 349 capitulum
1031 302 1174 337 ecclesie
1207 303 1354 348 predicte
1388 303 1506 338 dictam
1548 304 1658 338 villain
1700 306 1732 337 in
1774 303 1943 338 Bielouicz
1984 308 2015 339 et

167 367 353 407 canoniani„
392 375 464 398 cum
503 375 576 397 eam
611 375 735 398 vacare
770 367 953 408 continget,
989 363 1120 397 duxerit
1153 363 1391 397 conferendam
1433 364 1606 398 duodecim
1648 375 1780 398 marcas
1820 375 2015 408 grossorum

166 424 397 469 pragensium,
427 424 589 458 Moramci
624 424 791 470 ponderis,
829 427 860 458 in
890 435 992 458 censu
1022 423 1144 457 habere
1173 427 1205 457 et
1231 427 1405 469 percipere
1433 436 1505 458 cuin
1535 423 1728 458 Vtilitatibus
1756 427 1923 459 vniuersis
1951 436 2015 470 que

166 489 308 531 poterint
336 488 484 520 euenire.
514 484 565 518 De
594 484 710 530 quibus
739 485 870 531 quidem
899 484 1073 518 duodecim
1095 486 1214 518 marcis
1234 488 1300 518 tres
1320 496 1452 519 mareas
1473 486 1628 519 videlicet
1654 488 1841 519 sacristano
1870 486 2016 519 ecclesie

165 557 224 591 pro
254 544 542 580 distribueionibus
570 546 758 579 cottidianis
786 550 817 579 et
853 545 934 578 duas
963 544 1210 578 obedienciario
1247 547 1381 579 maioris
1418 545 1614 579 obediencie
1649 556 1708 591 pro
1743 545 1882 590 panibus
1918 549 2014 580 annis

166 607 303 651 siugulis
333 606 420 640 dabit
448 610 480 640 et
511 605 725 652 presentabit.
782 605 917 651 Septem
956 616 1085 638 marcas
1120 615 1194 638 cum
1228 616 1295 639 vno
1333 606 1521 639 molendino
1559 609 1590 639 in
1625 605 1793 639 Bielouicz
1823 609 1898 643 sito„
1928 606 2015 651 quod

165 668 238 700 loeo
267 670 357 700 curie
386 666 535 700 dedimus
564 666 671 700 eidem
701 669 875 705 canonico„
905 668 959 710 qui
981 676 1039 711 pro
1059 669 1207 710 tempore
1225 664 1333 708 fuerit,
1354 677 1413 711 pro
1433 678 1574 712 corpore
1596 665 1764 712 prebende
1783 666 2014 701 remanebunt.

165 727 346 761 Residuum
376 738 470 770 uero,
500 730 526 761 si
556 727 630 772 quid
661 730 691 760 in
721 738 823 760 censu
862 731 973 771 preter
1007 726 1180 759 duodecim
1218 737 1346 760 marcas
1383 726 1529 772 prefatas
1567 730 1731 772 supererit
1764 729 1797 760 in
1832 726 2014 767 Bielouicz,

165 788 226 821 hoc
256 792 355 821 totuin
384 799 444 833 pro
473 790 714 821 anniuersariis
741 789 773 820 in
794 787 936 820 eeclesia
959 786 1173 820 Olomucensi
1194 789 1313 820 nostris
1333 786 1524 832 parentibus
1546 787 1745 832 peragendis
1767 798 1827 833 pro
1847 787 2015 821 offertorio

165 854 198 882 et
228 848 299 892 alijs
328 851 531 882 necessariis
560 847 656 880 modo
685 851 844 881 consueto
873 846 1080 889 distribuere,
1101 851 1299 880 conuertere
1319 852 1351 881 et
1371 847 1519 881 diuidere
1540 848 1625 881 idem
1646 850 1829 882 canonicus
1850 847 2016 882 tenebitur

165 914 262 954 atque
291 908 381 942 dare.
412 908 446 942 ln
475 911 569 941 cuius
599 911 644 941 rei
675 911 895 941 testiinonium
925 912 955 941 et
972 907 1072 941 robur
1088 911 1250 953 perpetue
1270 906 1429 941 firmitatis
1449 912 1597 941 nostrum
1619 920 1657 941 ac
1677 907 1833 942 nobilium
1853 911 2012 947 virorum„

165 970 369 1003 dominorum
399 969 553 1002 l'otlionis
583 968 623 1002 de
653 967 882 1013 Vyldenberg,
903 967 1095 1013 Shynconis
1124 967 1164 1001 de
1185 967 1326 1009 Sti-alec,
1347 967 1509 1002 Luezonis
1538 969 1579 1002 de
1601 968 1831 1013 Visseinberg,
1861 968 2014 1003 Benessii

164 1030 204 1063 de
234 1031 371 1069 Crauan
402 1029 501 1062 Pollio
530 1029 570 1062 de
600 1028 830 1074 Vyldenbeig,
859 1028 1013 1067 Jesconis
1042 1033 1073 1062 et
1111 1028 1239 1062 Alberti
1269 1028 1403 1062 l'ratrnm
1440 1029 1480 1062 de
1517 1029 1676 1073 (hilburg,
1711 1031 1840 1063 testium
1877 1029 1917 1063 ad
1953 1029 2014 1063 hec

163 1102 224 1136 per
251 1102 312 1124 nos
341 1090 529 1136 specialiter
557 1094 748 1133 rogatorum
777 1089 884 1133 sigilla
915 1089 1125 1135 presentibus
1154 1093 1230 1122 sunt
1258 1100 1414 1135 appensa.
1471 1090 1590 1123 Actum
1625 1094 1656 1123 et
1692 1089 1802 1123 datum
1832 1089 2014 1124 Olomuncz

163 1162 250 1185 anno
279 1151 399 1185 domini
427 1149 671 1184 itr’CCCUXL‘J.
702 1161 790 1184 nono
819 1149 977 1184 kalendas
1006 1150 1134 1194 Mai-eij.

471 1239 541 1267 (Ans
566 1238 624 1263 dein
650 1238 716 1264 Cod.
743 1237 772 1264 Ο,
800 1237 843 1264 lV.
871 1239 903 1263 im
924 1237 1232 1263 l'ursterzbisrllolliclien
1254 1237 1367 1263 Avehit-e
1388 1246 1417 1263 zn
1438 1237 1573 1263 Krenisier
1591 1238 1806 1271 abgescliriehen
1831 1238 1863 1264 Α,
1882 1237 2013 1271 Boczek.)

1035 1384 1141 1420 262.

163 1472 271 1516 Papst
300 1471 464 1506 Benediel
502 1471 584 1505 XII.
622 1472 761 1505 erthee'll
797 1472 870 1505 dem
910 1471 1026 1506 Ulriele
1062 1483 1125 1504 ron
1159 1471 1320 1505 Neuhans
1354 1470 1411 1504 bei
1445 1471 1677 1515 Belu'imltl'emgy
1712 1471 1773 1504 der·
1808 1472 1874 1514 aas
1895 1473 2013 1505 semen

165 1534 292 1566 (iulet-12
322 1534 354 1565 in
385 1533 534 1566 Bolemen
565 1533 630 1565 um!
658 1533 801 1566 illideret!
833 1533 1069 1566 rorleamlenen
1106 1532 1321 1566 z-nlelree‘eleen
1358 1532 1487 1565 [seiz-er
1526 1533 1705 1573 (ineislens
1744 1531 1918 1565 Dealselee
1947 1532 2014 1565 und

163 1594 324 1635 Fremde)
354 1596 437 1637 jene
473 1593 689 1628 Absolutiou.
727 1593 854 1627 welche
888 1594 941 1627 (lie
979 1593 1216 1637 Kreuz-falzret·
1250 1594 1283 1626 in
1316 1593 1378 1625 das
1417 1591 1553 1636 (lelnlile
1598 1592 1692 1625 Laud
1734 1591 1903 1626 erlmlten.
1948 1592 2008 1626 Dr.

626 1655 795 1688 ,lcim'one
824 1653 871 1687 II.
908 1654 1028 1687 Nonas
1058 1654 1180 1687 Martii
1207 1653 1261 1695 (6.
1293 1653 1412 1694 Μὰιέ)
1446 1652 1554 1685 1370.

317 1739 540 1793 Benedictus
569 1762 746 1804 episcopus
776 1770 897 1793 servus
929 1770 1104 1793 servorum
1126 1759 1176 1793 dei
1198 1758 1314 1792 dilecto
1336 1758 1400 1792 lilio
1422 1756 1519 1791 nobili
1542 1760 1613 1791 viro
1638 1757 1748 1791 Ulrico
1769 1757 1912 1803 dompno
1932 1757 2015 1803 (sic)

161 1818 201 1852 de
229 1818 426 1853 Novadomo
453 1819 630 1863 l'ragensis
656 1819 741 1853 dioc.
768 1819 885 1853 baroni
911 1819 951 1853 de
978 1831 1084 1863 regno
1110 1819 1244 1853 Boeniie
1268 1819 1406 1853 salutem
1432 1823 1464 1851 et
1493 1819 1707 1863 apostolicam
1736 1818 2012 1852 benedictionem.

317 1879 373 1913 Pia
402 1885 480 1914 vota
511 1880 654 1914 tidelium
684 1880 824 1914 libenter
852 1879 998 1923 benigno
1028 1880 1145 1914 favore
1174 1882 1414 1926 prosequinmr.
1444 1884 1474 1912 et
1506 1882 1536 1912 in
1559 1879 1618 1912 biis
1639 1881 1825 1924 presertim,
1846 1890 1910 1924 que
1940 1879 2014 1912 lidei

163 1939 312 1973 favorem
342 1943 533 1985 respiciunt„
564 1943 740 1986 petitiones
769 1952 882 1974 eorum
913 1940 1093 1974 liberaliter
1129 1941 1335 1975 exaudimus.
1392 1940 1483 1973 Sane
1520 1942 1631 1985 petitio
1661 1944 1713 1973 tua
1743 1938 1837 1972 nobis
1867 1939 2013 1973 exhibita

162 2000 365 2044 continebat7
407 2001 492 2046 quod
538 2005 569 2035 in
611 2004 708 2035 terris
751 2006 804 2035 tuo
847 2001 990 2035 dominio
1033 2001 1203 2047 temporali
1246 2000 1414 2041 subiectis,
1453 2003 1482 2033 in
1526 1999 1686 2042 l'ragensi
1727 2004 1758 2034 et
1800 1999 2014 2034 Oloniueensi

162 2061 350 2095 diocesibus
378 2061 647 2101 consistentibus,
678 2066 709 2095 et
738 2064 835 2096 etiam
866 2065 896 2095 in
927 2066 994 2096 toto
1023 2073 1129 2103 regno
1159 2062 1294 2096 Boeniie
1322 2061 1434 2094 iniiniti
1465 2060 1614 2102 lii-retici,
1646 2063 1865 2094 communiter
1896 2060 2011 2094 Theu-

163 2124 262 2155 toniei
297 2126 329 2155 et
365 2121 508 2164 advene,
548 2133 611 2155 non
648 2122 772 2167 absque
803 2122 981 2156 infectione
1010 2123 1170 2156 cultorum
1205 2122 1279 2156 iidei
1314 2121 1499 2155 orthodoxe
1529 2122 1713 2166 periculose
1742 2120 1823 2166 proli
1859 2120 1953 2155 dolor
1981 2123 2013 2155 in

163 2193 282 2226 magna
319 2183 522 2216 multitudine
557 2183 765 2228 pullularuntq
802 2188 833 2216 et
870 2183 956 2229 quod
991 2183 1067 2217 dieti
1102 2183 1251 2221 heretici„
1288 2193 1360 2216 cuin
1403 2184 1616 2227 inquisitores
1653 2181 1800 2215 heretice
1838 2184 2012 2227 pravitatis

163 2246 356 2277 auctoritate
391 2244 571 2289 apostoliea
606 2246 638 2276 in
673 2244 735 2277 illis
771 2243 916 2289 partibus
957 2246 1137 2287 constituti,
1180 2244 1293 2278 volunt
1333 2242 1517 2288 procedere
1553 2246 1667 2276 contra
1710 2253 1782 2281 eos„
1818 2241 1947 2287 fugiunt
1981 2245 2013 2275 et

163 2303 299 2345 latitant,
329 2315 367 2337 ae
396 2304 576 2338 catholicos
605 2307 748 2349 capiunt.
779 2305 936 2343 mutilant„
973 2305 1144 2350 expoliant
1179 2309 1211 2338 et
1244 2303 1336 2337 aliter
1371 2303 1630 2348 proditionaliter
1665 2302 1843 2345 offendunt,
1873 2301 2009 2336 eosdem

162 2373 342 2408 eoi-unique
372 2364 456 2397 bona
487 2364 639 2398 incendio
669 2367 754 2409 iguis
782 2369 980 2411 supponunt,
1009 2370 1042 2399 et
1076 2365 1160 2411 quod
1200 2365 1274 2398 licet
1309 2374 1368 2409 per
1401 2363 1552 2396 dilectum
1592 2362 1689 2397 lilium
1720 2362 1848 2398 Gallum
1877 2362 2011 2397 fratrem

164 2423 289 2457 ordinis
323 2425 563 2469 predicatorum
603 2428 826 2471 inquisitorem
863 2429 1037 2471 pravitatis
1067 2426 1226 2472 predicte,
1255 2427 1285 2458 in
1316 2424 1376 2457 illis
1407 2423 1553 2469 partibus
1582 2423 1784 2469 deputatum,
1813 2434 1900 2458 nunc
1928 2433 2011 2468 pre-

164 2489 290 2518 sentem
320 2487 350 2517 in
381 2485 529 2519 Romana
559 2489 649 2519 curia
679 2486 766 2520 inulti
797 2486 908 2520 insecti
938 2490 1102 2532 pravitate
1131 2485 1287 2532 predicta,
1317 2484 1472 2518 abiuratis
1501 2484 1669 2518 erroribus
1698 2484 1819 2519 devote
1852 2483 2010 2518 redierint

165 2545 203 2577 ad
234 2547 436 2589 agnitionem
466 2551 499 2579 et
525 2546 796 2580 observationem
819 2547 892 2580 lidei
914 2547 1110 2585 orthodoxe„
1133 2551 1240 2580 tamen
1261 2549 1333 2591 post
1353 2547 1423 2578 eius
1443 2544 1626 2579 absentiam
1648 2548 1678 2579 in
1700 2555 1833 2579 errores
1852 2545 2010 2589 pristinos

165 2610 239 2639 sunt
267 2606 401 2650 relapsi,
431 2608 727 2642 conventiuneulas
757 2607 885 2642 illicitas
914 2619 986 2641 cuin
1024 2609 1188 2651 magistris
1222 2617 1334 2640 eorum
1372 2617 1454 2650 quos
1489 2610 1610 2640 vocant
1645 2605 1814 2652 apostolos
1843 2603 2008 2645 faciendo,
