<?xml version="1.0" encoding="UTF-8"?>
<!DOCTYPE html PUBLIC "-//W3C//DTD XHTML 1.0 Transitional//EN"
    "http://www.w3.org/TR/xhtml1/DTD/xhtml1-transitional.dtd">
<html xmlns="http://www.w3.org/1999/xhtml" xml:lang="en" lang="en">
 <head>
  <title>
</title>
<meta http-equiv="Content-Type" content="text/html;charset=utf-8" />
  <meta name='ocr-system' content='tesseract 3.04.00' />
  <meta name='ocr-capabilities' content='ocr_page ocr_carea ocr_par ocr_line ocrx_word'/>
</head>
<body>
  <div class='ocr_page' id='page_1' title='image "./codexdiplomaticu07morauoft_1133.png"; bbox 0 0 2184 2828; ppageno 0'>
   <div class='ocr_carea' id='block_1_1' title="bbox 1016 80 1090 115">
    <p class='ocr_par' dir='ltr' id='par_1_1' title="bbox 1016 80 1090 115">
     <span class='ocr_line' id='line_1_1' title="bbox 1016 80 1090 115; baseline -0.014 0"><span class='ocrx_word' id='word_1_1' title='bbox 1016 80 1090 115; x_wconf 81' lang='lat'>997</span> 
     </span>
    </p>
   </div>
   <div class='ocr_carea' id='block_1_2' title="bbox 108 197 1985 1166">
    <p class='ocr_par' dir='ltr' id='par_1_2' title="bbox 108 197 1985 730">
     <span class='ocr_line' id='line_1_2' title="bbox 279 197 1983 245; baseline 0 -11"><span class='ocrx_word' id='word_1_2' title='bbox 279 200 562 235; x_wconf 87' lang='lat' dir='ltr'>Concurrentibus</span> <span class='ocrx_word' id='word_1_3' title='bbox 590 203 692 245; x_wconf 87' lang='lat' dir='ltr'>igitur</span> <span class='ocrx_word' id='word_1_4' title='bbox 718 199 782 235; x_wconf 90' lang='lat' dir='ltr'>hiis</span> <span class='ocrx_word' id='word_1_5' title='bbox 810 199 938 234; x_wconf 89' lang='lat' dir='ltr'>duobus</span> <span class='ocrx_word' id='word_1_6' title='bbox 966 202 999 233; x_wconf 91' lang='lat' dir='ltr'>in</span> <span class='ocrx_word' id='word_1_7' title='bbox 1023 208 1170 245; x_wconf 83' lang='lat' dir='ltr'>persona</span> <span class='ocrx_word' id='word_1_8' title='bbox 1195 197 1396 231; x_wconf 85' lang='lat' dir='ltr'>ministri.b.</span> <span class='ocrx_word' id='word_1_9' title='bbox 1423 197 1534 231; x_wconf 88' lang='lat' dir='ltr'>dilecti</span> <span class='ocrx_word' id='word_1_10' title='bbox 1562 199 1857 243; x_wconf 72' lang='lat' dir='ltr'>uicecancellarii,</span> <span class='ocrx_word' id='word_1_11' title='bbox 1877 198 1983 234; x_wconf 88' lang='lat' dir='ltr'>fidelis</span> 
     </span>
     <span class='ocr_line' id='line_1_3' title="bbox 122 256 1984 307; baseline -0.001 -11"><span class='ocrx_word' id='word_1_12' title='bbox 122 265 228 297; x_wconf 82' lang='lat' dir='ltr'>nostri</span> <span class='ocrx_word' id='word_1_13' title='bbox 257 264 312 307; x_wconf 85' lang='lat' dir='ltr'>qui</span> <span class='ocrx_word' id='word_1_14' title='bbox 340 266 435 305; x_wconf 80' lang='lat' dir='ltr'>grata</span> <span class='ocrx_word' id='word_1_15' title='bbox 465 264 545 294; x_wconf 84' lang='lat' dir='ltr'>satis</span> <span class='ocrx_word' id='word_1_16' title='bbox 575 265 606 294; x_wconf 89' lang='lat' dir='ltr'>et</span> <span class='ocrx_word' id='word_1_17' title='bbox 635 265 774 306; x_wconf 85' lang='lat' dir='ltr'>accepta</span> <span class='ocrx_word' id='word_1_18' title='bbox 805 263 948 294; x_wconf 89' lang='lat' dir='ltr'>seruicia</span> <span class='ocrx_word' id='word_1_19' title='bbox 982 258 1149 303; x_wconf 84' lang='lat' dir='ltr'>quondam</span> <span class='ocrx_word' id='word_1_20' title='bbox 1183 256 1268 290; x_wconf 88' lang='lat' dir='ltr'>diuis</span> <span class='ocrx_word' id='word_1_21' title='bbox 1304 257 1433 291; x_wconf 88' lang='lat' dir='ltr'>dilectis</span> <span class='ocrx_word' id='word_1_22' title='bbox 1462 258 1734 304; x_wconf 82' lang='lat' dir='ltr'>progenitoribus</span> <span class='ocrx_word' id='word_1_23' title='bbox 1763 262 1887 294; x_wconf 89' lang='lat' dir='ltr'>nostris</span> <span class='ocrx_word' id='word_1_24' title='bbox 1917 260 1984 294; x_wconf 90' lang='lat' dir='ltr'>do-</span> 
     </span>
     <span class='ocr_line' id='line_1_4' title="bbox 124 318 1985 368; baseline -0.001 -12"><span class='ocrx_word' id='word_1_25' title='bbox 124 326 212 357; x_wconf 90' lang='lat' dir='ltr'>mino</span> <span class='ocrx_word' id='word_1_26' title='bbox 241 321 419 355; x_wconf 87' lang='lat' dir='ltr'>karissimo</span> <span class='ocrx_word' id='word_1_27' title='bbox 452 332 518 354; x_wconf 80' lang='lat' dir='ltr'>auo</span> <span class='ocrx_word' id='word_1_28' title='bbox 551 325 670 355; x_wconf 71' lang='lat' dir='ltr'>nostro</span> <span class='ocrx_word' id='word_1_29' title='bbox 707 325 738 354; x_wconf 92' lang='lat' dir='ltr'>et</span> <span class='ocrx_word' id='word_1_30' title='bbox 771 320 890 354; x_wconf 82' lang='lat' dir='ltr'>illustri</span> <span class='ocrx_word' id='word_1_31' title='bbox 925 321 1002 364; x_wconf 64' lang='lat' dir='ltr'>regi</span> <span class='ocrx_word' id='word_1_32' title='bbox 1027 319 1128 363; x_wconf 77' lang='lat' dir='ltr'>patri</span> <span class='ocrx_word' id='word_1_33' title='bbox 1159 321 1278 351; x_wconf 73' lang='lat' dir='ltr'>nostro</span> <span class='ocrx_word' id='word_1_34' title='bbox 1314 318 1451 352; x_wconf 87' lang='lat' dir='ltr'>celestis</span> <span class='ocrx_word' id='word_1_35' title='bbox 1481 322 1640 353; x_wconf 84' lang='lat' dir='ltr'>memorie</span> <span class='ocrx_word' id='word_1_36' title='bbox 1669 319 1810 354; x_wconf 87' lang='lat' dir='ltr'>fideliter</span> <span class='ocrx_word' id='word_1_37' title='bbox 1838 324 1985 368; x_wconf 79' lang='lat' dir='ltr'>prestitit</span> 
     </span>
     <span class='ocr_line' id='line_1_5' title="bbox 122 379 1983 427; baseline -0.001 -10"><span class='ocrx_word' id='word_1_38' title='bbox 122 387 155 417; x_wconf 89' lang='lat' dir='ltr'>et</span> <span class='ocrx_word' id='word_1_39' title='bbox 183 381 304 416; x_wconf 92' lang='lat' dir='ltr'>deuote</span> <span class='ocrx_word' id='word_1_40' title='bbox 331 380 457 427; x_wconf 80' lang='lat' dir='ltr'>pridem</span> <span class='ocrx_word' id='word_1_41' title='bbox 488 392 594 426; x_wconf 87' lang='lat' dir='ltr'>regno</span> <span class='ocrx_word' id='word_1_42' title='bbox 622 385 738 415; x_wconf 85' lang='lat' dir='ltr'>nostro</span> <span class='ocrx_word' id='word_1_43' title='bbox 769 380 932 414; x_wconf 73' lang='lat' dir='ltr'>Boleemie</span> <span class='ocrx_word' id='word_1_44' title='bbox 959 381 1112 425; x_wconf 85' lang='lat' dir='ltr'>nequiter</span> <span class='ocrx_word' id='word_1_45' title='bbox 1140 382 1302 424; x_wconf 78' lang='lat' dir='ltr'>occupato</span> <span class='ocrx_word' id='word_1_46' title='bbox 1336 390 1396 425; x_wconf 91' lang='lat' dir='ltr'>per</span> <span class='ocrx_word' id='word_1_47' title='bbox 1428 379 1528 425; x_wconf 87' lang='lat' dir='ltr'>plane</span> <span class='ocrx_word' id='word_1_48' title='bbox 1562 382 1779 426; x_wconf 89' lang='lat' dir='ltr'>impensionis</span> <span class='ocrx_word' id='word_1_49' title='bbox 1809 386 1867 415; x_wconf 88' lang='lat' dir='ltr'>aut</span> <span class='ocrx_word' id='word_1_50' title='bbox 1897 393 1983 416; x_wconf 89' lang='lat' dir='ltr'>suc-</span> 
     </span>
     <span class='ocr_line' id='line_1_6' title="bbox 121 438 1982 488; baseline 0.001 -12"><span class='ocrx_word' id='word_1_51' title='bbox 121 445 286 477; x_wconf 83' lang='lat' dir='ltr'>cessionis</span> <span class='ocrx_word' id='word_1_52' title='bbox 314 441 489 488; x_wconf 76' lang='lat' dir='ltr'>quidquam</span> <span class='ocrx_word' id='word_1_53' title='bbox 524 444 605 475; x_wconf 85' lang='lat' dir='ltr'>iuris</span> <span class='ocrx_word' id='word_1_54' title='bbox 638 445 694 474; x_wconf 90' lang='lat' dir='ltr'>aut</span> <span class='ocrx_word' id='word_1_55' title='bbox 729 443 868 474; x_wconf 87' lang='lat' dir='ltr'>actionis</span> <span class='ocrx_word' id='word_1_56' title='bbox 903 439 1030 474; x_wconf 88' lang='lat' dir='ltr'>habere</span> <span class='ocrx_word' id='word_1_57' title='bbox 1059 438 1179 473; x_wconf 88' lang='lat' dir='ltr'>debeat</span> <span class='ocrx_word' id='word_1_58' title='bbox 1206 440 1241 472; x_wconf 78' lang='lat' dir='ltr'>in</span> <span class='ocrx_word' id='word_1_59' title='bbox 1269 438 1355 472; x_wconf 75' lang='lat' dir='ltr'>nilla</span> <span class='ocrx_word' id='word_1_60' title='bbox 1389 444 1421 473; x_wconf 89' lang='lat' dir='ltr'>et</span> <span class='ocrx_word' id='word_1_61' title='bbox 1455 443 1527 474; x_wconf 91' lang='lat' dir='ltr'>eius</span> <span class='ocrx_word' id='word_1_62' title='bbox 1561 444 1750 475; x_wconf 80' lang='lat' dir='ltr'>attinenciis</span> <span class='ocrx_word' id='word_1_63' title='bbox 1786 447 1982 488; x_wconf 75' lang='lat' dir='ltr'>prenotatis7</span> 
     </span>
     <span class='ocr_line' id='line_1_7' title="bbox 108 500 1984 550; baseline 0 -12"><span class='ocrx_word' id='word_1_64' title='bbox 108 508 155 538; x_wconf 89' lang='lat' dir='ltr'>&#39;et</span> <span class='ocrx_word' id='word_1_65' title='bbox 181 508 258 549; x_wconf 91' lang='lat' dir='ltr'>post</span> <span class='ocrx_word' id='word_1_66' title='bbox 285 506 424 536; x_wconf 89' lang='lat' dir='ltr'>mortem</span> <span class='ocrx_word' id='word_1_67' title='bbox 452 504 557 548; x_wconf 87' lang='lat' dir='ltr'>ipsius</span> <span class='ocrx_word' id='word_1_68' title='bbox 587 501 781 536; x_wconf 89' lang='lat' dir='ltr'>domini.B.</span> <span class='ocrx_word' id='word_1_69' title='bbox 817 501 903 535; x_wconf 87' lang='lat' dir='ltr'>dicta</span> <span class='ocrx_word' id='word_1_70' title='bbox 932 500 1008 534; x_wconf 87' lang='lat' dir='ltr'>uilla</span> <span class='ocrx_word' id='word_1_71' title='bbox 1044 512 1118 535; x_wconf 90' lang='lat' dir='ltr'>cum</span> <span class='ocrx_word' id='word_1_72' title='bbox 1147 502 1366 535; x_wconf 85' lang='lat' dir='ltr'>vniuersitate</span> <span class='ocrx_word' id='word_1_73' title='bbox 1395 501 1434 535; x_wconf 86' lang='lat' dir='ltr'>ad</span> <span class='ocrx_word' id='word_1_74' title='bbox 1470 504 1521 535; x_wconf 90' lang='lat' dir='ltr'>ius</span> <span class='ocrx_word' id='word_1_75' title='bbox 1552 506 1584 535; x_wconf 90' lang='lat' dir='ltr'>et</span> <span class='ocrx_word' id='word_1_76' title='bbox 1619 502 1808 536; x_wconf 83' lang='lat' dir='ltr'>domincum</span> <span class='ocrx_word' id='word_1_77' title='bbox 1838 508 1870 537; x_wconf 85' lang='lat' dir='ltr'>et</span> <span class='ocrx_word' id='word_1_78' title='bbox 1898 515 1984 550; x_wconf 91' lang='lat' dir='ltr'>pro-</span> 
     </span>
     <span class='ocr_line' id='line_1_8' title="bbox 122 560 1983 611; baseline 0.001 -13"><span class='ocrx_word' id='word_1_79' title='bbox 122 567 297 611; x_wconf 85' lang='lat' dir='ltr'>prietatem</span> <span class='ocrx_word' id='word_1_80' title='bbox 327 562 444 596; x_wconf 91' lang='lat' dir='ltr'>domus</span> <span class='ocrx_word' id='word_1_81' title='bbox 479 567 593 596; x_wconf 91' lang='lat' dir='ltr'>nostre</span> <span class='ocrx_word' id='word_1_82' title='bbox 628 562 735 596; x_wconf 90' lang='lat' dir='ltr'>solute</span> <span class='ocrx_word' id='word_1_83' title='bbox 767 561 889 595; x_wconf 86' lang='lat' dir='ltr'>redibit</span> <span class='ocrx_word' id='word_1_84' title='bbox 921 566 953 595; x_wconf 91' lang='lat' dir='ltr'>et</span> <span class='ocrx_word' id='word_1_85' title='bbox 986 560 1091 596; x_wconf 90' lang='lat' dir='ltr'>libere</span> <span class='ocrx_word' id='word_1_86' title='bbox 1120 566 1152 595; x_wconf 91' lang='lat' dir='ltr'>et</span> <span class='ocrx_word' id='word_1_87' title='bbox 1185 572 1241 595; x_wconf 87' lang='lat' dir='ltr'>res</span> <span class='ocrx_word' id='word_1_88' title='bbox 1279 560 1425 608; x_wconf 85' lang='lat' dir='ltr'>quelibet</span> <span class='ocrx_word' id='word_1_89' title='bbox 1453 573 1536 607; x_wconf 88' lang='lat' dir='ltr'>quas</span> <span class='ocrx_word' id='word_1_90' title='bbox 1565 562 1653 597; x_wconf 89' lang='lat' dir='ltr'>idem</span> <span class='ocrx_word' id='word_1_91' title='bbox 1682 566 1714 597; x_wconf 92' lang='lat' dir='ltr'>in</span> <span class='ocrx_word' id='word_1_92' title='bbox 1744 575 1805 598; x_wconf 91' lang='lat' dir='ltr'>suo</span> <span class='ocrx_word' id='word_1_93' title='bbox 1835 564 1983 599; x_wconf 86' lang='lat' dir='ltr'>decessu</span> 
     </span>
     <span class='ocr_line' id='line_1_9' title="bbox 123 622 1985 671; baseline 0.001 -13"><span class='ocrx_word' id='word_1_94' title='bbox 123 628 155 659; x_wconf 92' lang='lat' dir='ltr'>in</span> <span class='ocrx_word' id='word_1_95' title='bbox 184 624 260 658; x_wconf 88' lang='lat' dir='ltr'>uilla</span> <span class='ocrx_word' id='word_1_96' title='bbox 288 623 458 669; x_wconf 80' lang='lat' dir='ltr'>reliquerit</span> <span class='ocrx_word' id='word_1_97' title='bbox 486 627 668 657; x_wconf 85' lang='lat' dir='ltr'>memorata</span> <span class='ocrx_word' id='word_1_98' title='bbox 698 622 738 656; x_wconf 93' lang='lat' dir='ltr'>ad</span> <span class='ocrx_word' id='word_1_99' title='bbox 763 633 825 656; x_wconf 91' lang='lat' dir='ltr'>nos</span> <span class='ocrx_word' id='word_1_100' title='bbox 848 627 879 656; x_wconf 92' lang='lat' dir='ltr'>et</span> <span class='ocrx_word' id='word_1_101' title='bbox 899 622 1031 657; x_wconf 91' lang='lat' dir='ltr'>domum</span> <span class='ocrx_word' id='word_1_102' title='bbox 1050 626 1199 656; x_wconf 86' lang='lat' dir='ltr'>nostram</span> <span class='ocrx_word' id='word_1_103' title='bbox 1224 622 1414 656; x_wconf 88' lang='lat' dir='ltr'>omnimode</span> <span class='ocrx_word' id='word_1_104' title='bbox 1440 622 1661 658; x_wconf 90' lang='lat' dir='ltr'>deuoluentur</span> <span class='ocrx_word' id='word_1_105' title='bbox 1682 624 1859 658; x_wconf 89' lang='lat' dir='ltr'>cuiuslibet</span> <span class='ocrx_word' id='word_1_106' title='bbox 1879 628 1985 671; x_wconf 91' lang='lat' dir='ltr'>ipsius</span> 
     </span>
     <span class='ocr_line' id='line_1_10' title="bbox 122 682 1414 730; baseline -0.002 -10"><span class='ocrx_word' id='word_1_107' title='bbox 122 688 218 720; x_wconf 88' lang='lat' dir='ltr'>amici</span> <span class='ocrx_word' id='word_1_108' title='bbox 248 696 288 719; x_wconf 87' lang='lat' dir='ltr'>ac</span> <span class='ocrx_word' id='word_1_109' title='bbox 317 687 561 729; x_wconf 85' lang='lat' dir='ltr'>consanguinei</span> <span class='ocrx_word' id='word_1_110' title='bbox 590 683 862 718; x_wconf 84' lang='lat' dir='ltr'>contradiccione</span> <span class='ocrx_word' id='word_1_111' title='bbox 890 686 923 717; x_wconf 93' lang='lat' dir='ltr'>in</span> <span class='ocrx_word' id='word_1_112' title='bbox 951 687 1123 730; x_wconf 86' lang='lat' dir='ltr'>posterum</span> <span class='ocrx_word' id='word_1_113' title='bbox 1151 693 1218 717; x_wconf 90' lang='lat' dir='ltr'>non</span> <span class='ocrx_word' id='word_1_114' title='bbox 1248 682 1414 717; x_wconf 85' lang='lat' dir='ltr'>obstante.</span> 
     </span>
    </p>

    <p class='ocr_par' dir='ltr' id='par_1_3' title="bbox 119 743 1985 1034">
     <span class='ocr_line' id='line_1_11' title="bbox 278 743 1985 793; baseline 0.002 -15"><span class='ocrx_word' id='word_1_115' title='bbox 278 744 322 779; x_wconf 92' lang='lat' dir='ltr'>Ut</span> <span class='ocrx_word' id='word_1_116' title='bbox 349 747 449 789; x_wconf 89' lang='lat' dir='ltr'>igitur</span> <span class='ocrx_word' id='word_1_117' title='bbox 477 744 539 778; x_wconf 90' lang='lat' dir='ltr'>hec</span> <span class='ocrx_word' id='word_1_118' title='bbox 567 749 682 778; x_wconf 82' lang='lat' dir='ltr'>nostra</span> <span class='ocrx_word' id='word_1_119' title='bbox 712 743 855 778; x_wconf 88' lang='lat' dir='ltr'>donacio</span> <span class='ocrx_word' id='word_1_120' title='bbox 885 743 1148 790; x_wconf 87' lang='lat' dir='ltr'>inpermutabilis</span> <span class='ocrx_word' id='word_1_121' title='bbox 1179 749 1211 778; x_wconf 91' lang='lat' dir='ltr'>et</span> <span class='ocrx_word' id='word_1_122' title='bbox 1239 747 1272 778; x_wconf 90' lang='lat' dir='ltr'>in</span> <span class='ocrx_word' id='word_1_123' title='bbox 1302 744 1464 778; x_wconf 90' lang='lat' dir='ltr'>conuulsa</span> <span class='ocrx_word' id='word_1_124' title='bbox 1490 751 1685 790; x_wconf 90' lang='lat' dir='ltr'>permaneat</span> <span class='ocrx_word' id='word_1_125' title='bbox 1706 757 1848 792; x_wconf 89' lang='lat' dir='ltr'>presens</span> <span class='ocrx_word' id='word_1_126' title='bbox 1870 750 1985 793; x_wconf 91' lang='lat' dir='ltr'>scrip-</span> 
     </span>
     <span class='ocr_line' id='line_1_12' title="bbox 121 804 1982 854; baseline 0.001 -14"><span class='ocrx_word' id='word_1_127' title='bbox 121 811 188 840; x_wconf 86' lang='lat' dir='ltr'>tum</span> <span class='ocrx_word' id='word_1_128' title='bbox 217 806 317 850; x_wconf 84' lang='lat' dir='ltr'>sigilo</span> <span class='ocrx_word' id='word_1_129' title='bbox 350 810 466 839; x_wconf 90' lang='lat' dir='ltr'>nostro</span> <span class='ocrx_word' id='word_1_130' title='bbox 501 809 534 839; x_wconf 90' lang='lat' dir='ltr'>et</span> <span class='ocrx_word' id='word_1_131' title='bbox 570 804 704 852; x_wconf 87' lang='lat' dir='ltr'>capituli</span> <span class='ocrx_word' id='word_1_132' title='bbox 738 809 923 838; x_wconf 88' lang='lat' dir='ltr'>memorate</span> <span class='ocrx_word' id='word_1_133' title='bbox 958 804 1075 839; x_wconf 88' lang='lat' dir='ltr'>domus</span> <span class='ocrx_word' id='word_1_134' title='bbox 1111 808 1289 850; x_wconf 78' lang='lat' dir='ltr'>pragensis</span> <span class='ocrx_word' id='word_1_135' title='bbox 1323 809 1561 841; x_wconf 85' lang='lat' dir='ltr'>conmunitum.</span> <span class='ocrx_word' id='word_1_136' title='bbox 1598 818 1681 854; x_wconf 90' lang='lat' dir='ltr'>sepe</span> <span class='ocrx_word' id='word_1_137' title='bbox 1715 807 1801 842; x_wconf 89' lang='lat' dir='ltr'>dicto</span> <span class='ocrx_word' id='word_1_138' title='bbox 1836 807 1982 842; x_wconf 88' lang='lat' dir='ltr'>domino.</span> 
     </span>
     <span class='ocr_line' id='line_1_13' title="bbox 120 865 1982 913; baseline 0.002 -13"><span class='ocrx_word' id='word_1_139' title='bbox 120 867 163 901; x_wconf 91' lang='lat' dir='ltr'>B.</span> <span class='ocrx_word' id='word_1_140' title='bbox 194 866 350 900; x_wconf 89' lang='lat' dir='ltr'>Cedimus</span> <span class='ocrx_word' id='word_1_141' title='bbox 379 865 419 899; x_wconf 88' lang='lat' dir='ltr'>ad</span> <span class='ocrx_word' id='word_1_142' title='bbox 448 866 612 900; x_wconf 88' lang='lat' dir='ltr'>cautelam</span> <span class='ocrx_word' id='word_1_143' title='bbox 642 865 738 900; x_wconf 88' lang='lat' dir='ltr'>huius</span> <span class='ocrx_word' id='word_1_144' title='bbox 768 865 965 900; x_wconf 85' lang='lat' dir='ltr'>donacionis</span> <span class='ocrx_word' id='word_1_145' title='bbox 996 870 1122 909; x_wconf 70' lang='lat' dir='ltr'>nostre,</span> <span class='ocrx_word' id='word_1_146' title='bbox 1152 869 1256 900; x_wconf 90' lang='lat' dir='ltr'>testes</span> <span class='ocrx_word' id='word_1_147' title='bbox 1285 870 1371 900; x_wconf 89' lang='lat' dir='ltr'>sunt.</span> <span class='ocrx_word' id='word_1_148' title='bbox 1406 866 1443 901; x_wconf 88' lang='lat' dir='ltr'>T.</span> <span class='ocrx_word' id='word_1_149' title='bbox 1476 867 1513 900; x_wconf 89' lang='lat' dir='ltr'>C.</span> <span class='ocrx_word' id='word_1_150' title='bbox 1545 872 1577 901; x_wconf 88' lang='lat' dir='ltr'>et</span> <span class='ocrx_word' id='word_1_151' title='bbox 1596 867 1653 902; x_wconf 89' lang='lat' dir='ltr'>Jo.</span> <span class='ocrx_word' id='word_1_152' title='bbox 1675 872 1738 902; x_wconf 90' lang='lat' dir='ltr'>etc.</span> <span class='ocrx_word' id='word_1_153' title='bbox 1763 872 1982 913; x_wconf 69' lang='lat' dir='ltr'>camerarius,</span> 
     </span>
     <span class='ocr_line' id='line_1_14' title="bbox 119 925 1984 976; baseline 0.002 -16"><span class='ocrx_word' id='word_1_154' title='bbox 119 929 322 974; x_wconf 77' lang='lat' dir='ltr'>prepositus,</span> <span class='ocrx_word' id='word_1_155' title='bbox 359 926 611 961; x_wconf 89' lang='lat' dir='ltr'>commendator</span> <span class='ocrx_word' id='word_1_156' title='bbox 645 926 768 961; x_wconf 86' lang='lat' dir='ltr'>fratres</span> <span class='ocrx_word' id='word_1_157' title='bbox 804 925 923 960; x_wconf 89' lang='lat' dir='ltr'>domus</span> <span class='ocrx_word' id='word_1_158' title='bbox 956 931 1131 972; x_wconf 89' lang='lat' dir='ltr'>prenotate</span> <span class='ocrx_word' id='word_1_159' title='bbox 1169 938 1313 961; x_wconf 91' lang='lat' dir='ltr'>unacum</span> <span class='ocrx_word' id='word_1_160' title='bbox 1350 931 1381 961; x_wconf 89' lang='lat' dir='ltr'>et</span> <span class='ocrx_word' id='word_1_161' title='bbox 1419 926 1542 962; x_wconf 88' lang='lat' dir='ltr'>domini</span> <span class='ocrx_word' id='word_1_162' title='bbox 1575 932 1608 962; x_wconf 89' lang='lat' dir='ltr'>et</span> <span class='ocrx_word' id='word_1_163' title='bbox 1644 930 1698 974; x_wconf 87' lang='lat' dir='ltr'>alij</span> <span class='ocrx_word' id='word_1_164' title='bbox 1738 941 1835 976; x_wconf 85' lang='lat' dir='ltr'>quam</span> <span class='ocrx_word' id='word_1_165' title='bbox 1871 930 1984 976; x_wconf 88' lang='lat' dir='ltr'>plures</span> 
     </span>
     <span class='ocr_line' id='line_1_15' title="bbox 121 988 315 1034; baseline -0.005 -11"><span class='ocrx_word' id='word_1_166' title='bbox 121 988 185 1023; x_wconf 90' lang='lat' dir='ltr'>fide</span> <span class='ocrx_word' id='word_1_167' title='bbox 214 988 315 1034; x_wconf 83' lang='lat' dir='ltr'>digni.</span> 
     </span>
    </p>

    <p class='ocr_par' dir='ltr' id='par_1_4' title="bbox 276 1039 692 1074">
     <span class='ocr_line' id='line_1_16' title="bbox 276 1039 692 1074; baseline -0.002 0"><span class='ocrx_word' id='word_1_168' title='bbox 276 1040 400 1074; x_wconf 91' lang='lat' dir='ltr'>Actum</span> <span class='ocrx_word' id='word_1_169' title='bbox 429 1044 461 1073; x_wconf 91' lang='lat' dir='ltr'>et</span> <span class='ocrx_word' id='word_1_170' title='bbox 489 1039 599 1073; x_wconf 87' lang='lat' dir='ltr'>datum</span> <span class='ocrx_word' id='word_1_171' title='bbox 629 1043 692 1074; x_wconf 93' lang='lat' dir='ltr'>etc.</span> 
     </span>
    </p>

    <p class='ocr_par' dir='ltr' id='par_1_5' title="bbox 123 1117 1982 1166">
     <span class='ocr_line' id='line_1_17' title="bbox 123 1117 1982 1166; baseline 0.001 -13"><span class='ocrx_word' id='word_1_172' title='bbox 123 1119 338 1164; x_wconf 66' lang='lat' dir='ltr'>(Ezcempcz’o</span> <span class='ocrx_word' id='word_1_173' title='bbox 367 1117 411 1151; x_wconf 87' lang='lat' dir='ltr'>ab</span> <span class='ocrx_word' id='word_1_174' title='bbox 439 1120 530 1152; x_wconf 80' lang='lat' dir='ltr'>omni</span> <span class='ocrx_word' id='word_1_175' title='bbox 562 1121 683 1152; x_wconf 79' lang='lat' dir='ltr'>steura</span> <span class='ocrx_word' id='word_1_176' title='bbox 715 1122 749 1151; x_wconf 74' lang='lat' dir='ltr'>et</span> <span class='ocrx_word' id='word_1_177' title='bbox 784 1118 945 1152; x_wconf 78' lang='lat' dir='ltr'>theloneo</span> <span class='ocrx_word' id='word_1_178' title='bbox 981 1117 1111 1152; x_wconf 77' lang='lat' dir='ltr'>ciuibus</span> <span class='ocrx_word' id='word_1_179' title='bbox 1140 1117 1383 1163; x_wconf 50' lang='lat' dir='ltr'>pragen-ribus²</span> <span class='ocrx_word' id='word_1_180' title='bbox 1413 1130 1481 1164; x_wconf 78' lang='lat' dir='ltr'>per</span> <span class='ocrx_word' id='word_1_181' title='bbox 1517 1121 1669 1164; x_wconf 73' lang='lat' dir='ltr'>spacium·</span> <span class='ocrx_word' id='word_1_182' title='bbox 1712 1120 1767 1155; x_wconf 80' lang='lat' dir='ltr'>VI.</span> <span class='ocrx_word' id='word_1_183' title='bbox 1802 1132 1982 1166; x_wconf 70' lang='lat' dir='ltr'>annorum⁷</span> 
     </span>
    </p>
   </div>
   <div class='ocr_carea' id='block_1_3' title="bbox 276 1181 1149 1276">
    <p class='ocr_par' dir='ltr' id='par_1_6' title="bbox 276 1181 1149 1276">
     <span class='ocr_line' id='line_1_18' title="bbox 951 1181 1149 1220; baseline -0.005 -7"><span class='ocrx_word' id='word_1_184' title='bbox 951 1181 1149 1220; x_wconf 76' lang='lat' dir='ltr'>concessa.)</span> 
     </span>
     <span class='ocr_line' id='line_1_19' title="bbox 276 1230 751 1276; baseline -0.002 -11"><span class='ocrx_word' id='word_1_185' title='bbox 276 1230 430 1265; x_wconf 62' lang='lat' dir='ltr'>Nos-Io.</span> <span class='ocrx_word' id='word_1_186' title='bbox 462 1230 514 1264; x_wconf 92' lang='lat' dir='ltr'>dei</span> <span class='ocrx_word' id='word_1_187' title='bbox 542 1233 657 1276; x_wconf 80' lang='lat' dir='ltr'>gracia</span> <span class='ocrx_word' id='word_1_188' title='bbox 687 1235 751 1265; x_wconf 90' lang='lat' dir='ltr'>etc.</span> 
     </span>
    </p>
   </div>
   <div class='ocr_carea' id='block_1_4' title="bbox 119 1291 1985 2558">
    <p class='ocr_par' dir='ltr' id='par_1_7' title="bbox 120 1291 1985 2194">
     <span class='ocr_line' id='line_1_20' title="bbox 275 1291 1984 1341; baseline 0.002 -16"><span class='ocrx_word' id='word_1_189' title='bbox 275 1291 397 1326; x_wconf 87' lang='lat' dir='ltr'>Notum</span> <span class='ocrx_word' id='word_1_190' title='bbox 427 1302 503 1325; x_wconf 89' lang='lat' dir='ltr'>esse</span> <span class='ocrx_word' id='word_1_191' title='bbox 536 1292 691 1326; x_wconf 70' lang='lat' dir='ltr'>volumus</span> <span class='ocrx_word' id='word_1_192' title='bbox 727 1294 897 1326; x_wconf 87' lang='lat' dir='ltr'>vniuersis</span> <span class='ocrx_word' id='word_1_193' title='bbox 934 1295 1100 1338; x_wconf 88' lang='lat' dir='ltr'>presentis</span> <span class='ocrx_word' id='word_1_194' title='bbox 1136 1296 1249 1339; x_wconf 89' lang='lat' dir='ltr'>scripti</span> <span class='ocrx_word' id='word_1_195' title='bbox 1283 1296 1531 1327; x_wconf 83' lang='lat' dir='ltr'>continenciam</span> <span class='ocrx_word' id='word_1_196' title='bbox 1567 1298 1599 1328; x_wconf 91' lang='lat' dir='ltr'>et</span> <span class='ocrx_word' id='word_1_197' title='bbox 1628 1297 1749 1328; x_wconf 90' lang='lat' dir='ltr'>seriem</span> <span class='ocrx_word' id='word_1_198' title='bbox 1780 1297 1984 1341; x_wconf 89' lang='lat' dir='ltr'>inspecturis</span> 
     </span>
     <span class='ocr_line' id='line_1_21' title="bbox 120 1352 1984 1400; baseline 0.001 -12"><span class='ocrx_word' id='word_1_199' title='bbox 120 1354 174 1388; x_wconf 87' lang='lat' dir='ltr'>uel</span> <span class='ocrx_word' id='word_1_200' title='bbox 211 1355 397 1399; x_wconf 79' lang='lat' dir='ltr'>cognituris</span> <span class='ocrx_word' id='word_1_201' title='bbox 435 1352 522 1398; x_wconf 87' lang='lat' dir='ltr'>quod</span> <span class='ocrx_word' id='word_1_202' title='bbox 558 1363 619 1386; x_wconf 87' lang='lat' dir='ltr'>nos</span> <span class='ocrx_word' id='word_1_203' title='bbox 657 1363 702 1386; x_wconf 76' lang='lat' dir='ltr'>ex</span> <span class='ocrx_word' id='word_1_204' title='bbox 738 1355 851 1387; x_wconf 90' lang='lat' dir='ltr'>innate</span> <span class='ocrx_word' id='word_1_205' title='bbox 887 1353 982 1387; x_wconf 89' lang='lat' dir='ltr'>nohis</span> <span class='ocrx_word' id='word_1_206' title='bbox 1020 1352 1235 1398; x_wconf 82' lang='lat' dir='ltr'>benignitatis</span> <span class='ocrx_word' id='word_1_207' title='bbox 1270 1354 1285 1399; x_wconf 76' lang='lat' dir='ltr'>(j</span> <span class='ocrx_word' id='word_1_208' title='bbox 1390 1354 1407 1400; x_wconf 81' lang='lat'><em>)</em></span> <span class='ocrx_word' id='word_1_209' title='bbox 1445 1355 1631 1389; x_wconf 84' lang='lat' dir='ltr'>clemencia</span> <span class='ocrx_word' id='word_1_210' title='bbox 1668 1358 1757 1389; x_wconf 84' lang='lat' dir='ltr'>circa</span> <span class='ocrx_word' id='word_1_211' title='bbox 1794 1360 1984 1390; x_wconf 88' lang='lat' dir='ltr'>nostrorum</span> 
     </span>
     <span class='ocr_line' id='line_1_22' title="bbox 121 1413 1983 1461; baseline 0.001 -12"><span class='ocrx_word' id='word_1_212' title='bbox 121 1426 219 1449; x_wconf 90' lang='lat' dir='ltr'>curas</span> <span class='ocrx_word' id='word_1_213' title='bbox 249 1419 281 1448; x_wconf 89' lang='lat' dir='ltr'>et</span> <span class='ocrx_word' id='word_1_214' title='bbox 309 1414 451 1460; x_wconf 88' lang='lat' dir='ltr'>dampna</span> <span class='ocrx_word' id='word_1_215' title='bbox 480 1413 623 1447; x_wconf 85' lang='lat' dir='ltr'>fidelium</span> <span class='ocrx_word' id='word_1_216' title='bbox 657 1417 807 1459; x_wconf 85' lang='lat' dir='ltr'>graciam</span> <span class='ocrx_word' id='word_1_217' title='bbox 837 1416 923 1460; x_wconf 88' lang='lat' dir='ltr'>piam</span> <span class='ocrx_word' id='word_1_218' title='bbox 958 1419 1117 1459; x_wconf 88' lang='lat' dir='ltr'>gerentes</span> <span class='ocrx_word' id='word_1_219' title='bbox 1155 1425 1199 1448; x_wconf 81' lang='lat' dir='ltr'>ex</span> <span class='ocrx_word' id='word_1_220' title='bbox 1233 1417 1357 1448; x_wconf 89' lang='lat' dir='ltr'>intimis</span> <span class='ocrx_word' id='word_1_221' title='bbox 1390 1426 1658 1461; x_wconf 72' lang='lat' dir='ltr'>compassuram,</span> <span class='ocrx_word' id='word_1_222' title='bbox 1696 1416 1833 1450; x_wconf 85' lang='lat' dir='ltr'>dilectos</span> <span class='ocrx_word' id='word_1_223' title='bbox 1867 1416 1983 1452; x_wconf 88' lang='lat' dir='ltr'>fideles</span> 
     </span>
     <span class='ocr_line' id='line_1_23' title="bbox 120 1475 1984 1522; baseline 0.001 -12"><span class='ocrx_word' id='word_1_224' title='bbox 120 1480 255 1510; x_wconf 88' lang='lat' dir='ltr'>nostros</span> <span class='ocrx_word' id='word_1_225' title='bbox 283 1475 473 1520; x_wconf 72' lang='lat' dir='ltr'>Praqensz&#39;s</span> <span class='ocrx_word' id='word_1_226' title='bbox 503 1476 656 1508; x_wconf 72' lang='lat' dir='ltr'>ciuitatis</span> <span class='ocrx_word' id='word_1_227' title='bbox 686 1477 830 1508; x_wconf 88' lang='lat' dir='ltr'>maiores</span> <span class='ocrx_word' id='word_1_228' title='bbox 861 1478 953 1508; x_wconf 91' lang='lat' dir='ltr'>ciues</span> <span class='ocrx_word' id='word_1_229' title='bbox 982 1478 1036 1520; x_wconf 88' lang='lat' dir='ltr'>qui</span> <span class='ocrx_word' id='word_1_230' title='bbox 1066 1475 1173 1509; x_wconf 90' lang='lat' dir='ltr'>donec</span> <span class='ocrx_word' id='word_1_231' title='bbox 1203 1476 1286 1509; x_wconf 86' lang='lat' dir='ltr'>tales</span> <span class='ocrx_word' id='word_1_232' title='bbox 1317 1487 1419 1522; x_wconf 88' lang='lat' dir='ltr'>super</span> <span class='ocrx_word' id='word_1_233' title='bbox 1447 1479 1579 1521; x_wconf 83' lang='lat' dir='ltr'>magnis</span> <span class='ocrx_word' id='word_1_234' title='bbox 1606 1476 1768 1521; x_wconf 89' lang='lat' dir='ltr'>grauibus</span> <span class='ocrx_word' id='word_1_235' title='bbox 1789 1481 1821 1511; x_wconf 90' lang='lat' dir='ltr'>et</span> <span class='ocrx_word' id='word_1_236' title='bbox 1840 1478 1984 1512; x_wconf 89' lang='lat' dir='ltr'>insolitis</span> 
     </span>
     <span class='ocr_line' id='line_1_24' title="bbox 121 1535 1985 1583; baseline 0.001 -13"><span class='ocrx_word' id='word_1_237' title='bbox 121 1536 283 1571; x_wconf 86' lang='lat' dir='ltr'>hactenus</span> <span class='ocrx_word' id='word_1_238' title='bbox 311 1547 373 1582; x_wconf 88' lang='lat' dir='ltr'>per</span> <span class='ocrx_word' id='word_1_239' title='bbox 401 1535 590 1569; x_wconf 85' lang='lat' dir='ltr'>incendium</span> <span class='ocrx_word' id='word_1_240' title='bbox 619 1536 781 1580; x_wconf 86' lang='lat' dir='ltr'>generale</span> <span class='ocrx_word' id='word_1_241' title='bbox 810 1539 953 1570; x_wconf 86' lang='lat' dir='ltr'>ciuitatis</span> <span class='ocrx_word' id='word_1_242' title='bbox 989 1536 1139 1570; x_wconf 86' lang='lat' dir='ltr'>eiusdem</span> <span class='ocrx_word' id='word_1_243' title='bbox 1170 1539 1317 1583; x_wconf 89' lang='lat' dir='ltr'>acceptis</span> <span class='ocrx_word' id='word_1_244' title='bbox 1352 1540 1385 1571; x_wconf 87' lang='lat' dir='ltr'>in</span> <span class='ocrx_word' id='word_1_245' title='bbox 1418 1537 1518 1571; x_wconf 91' lang='lat' dir='ltr'>rebus</span> <span class='ocrx_word' id='word_1_246' title='bbox 1548 1542 1579 1571; x_wconf 93' lang='lat' dir='ltr'>et</span> <span class='ocrx_word' id='word_1_247' title='bbox 1608 1537 1758 1572; x_wconf 87' lang='lat' dir='ltr'>domibus</span> <span class='ocrx_word' id='word_1_248' title='bbox 1796 1541 1864 1572; x_wconf 91' lang='lat' dir='ltr'>suis</span> <span class='ocrx_word' id='word_1_249' title='bbox 1898 1538 1985 1572; x_wconf 84' lang='lat' dir='ltr'>Jac-</span> 
     </span>
     <span class='ocr_line' id='line_1_25' title="bbox 120 1596 1985 1644; baseline 0.001 -13"><span class='ocrx_word' id='word_1_250' title='bbox 120 1600 202 1632; x_wconf 88' lang='lat' dir='ltr'>turis</span> <span class='ocrx_word' id='word_1_251' title='bbox 230 1601 263 1631; x_wconf 85' lang='lat' dir='ltr'>et</span> <span class='ocrx_word' id='word_1_252' title='bbox 298 1596 447 1643; x_wconf 85' lang='lat' dir='ltr'>dampnis</span> <span class='ocrx_word' id='word_1_253' title='bbox 484 1599 657 1642; x_wconf 86' lang='lat' dir='ltr'>cupientes</span> <span class='ocrx_word' id='word_1_254' title='bbox 687 1597 853 1630; x_wconf 87' lang='lat' dir='ltr'>leuamine</span> <span class='ocrx_word' id='word_1_255' title='bbox 889 1597 1057 1631; x_wconf 84' lang='lat' dir='ltr'>consolari</span> <span class='ocrx_word' id='word_1_256' title='bbox 1090 1601 1248 1642; x_wconf 78' lang='lat' dir='ltr'>graciose</span> <span class='ocrx_word' id='word_1_257' title='bbox 1284 1610 1301 1631; x_wconf 87' lang='lat' dir='ltr'>a</span> <span class='ocrx_word' id='word_1_258' title='bbox 1336 1598 1388 1632; x_wconf 88' lang='lat' dir='ltr'>die</span> <span class='ocrx_word' id='word_1_259' title='bbox 1423 1601 1613 1632; x_wconf 80' lang='lat' dir='ltr'>exustionis</span> <span class='ocrx_word' id='word_1_260' title='bbox 1648 1600 1805 1632; x_wconf 73' lang='lat' dir='ltr'>ciuitatis</span> <span class='ocrx_word' id='word_1_261' title='bbox 1833 1599 1985 1644; x_wconf 88' lang='lat' dir='ltr'>predicte</span> 
     </span>
     <span class='ocr_line' id='line_1_26' title="bbox 121 1657 1984 1706; baseline 0.002 -15"><span class='ocrx_word' id='word_1_262' title='bbox 121 1657 190 1692; x_wconf 65' lang='lat' dir='ltr'>V12·</span> <span class='ocrx_word' id='word_1_263' title='bbox 216 1657 493 1692; x_wconf 86' lang='lat' dir='ltr'>feria.tali.ante</span> <span class='ocrx_word' id='word_1_264' title='bbox 521 1657 642 1691; x_wconf 80' lang='lat' dir='ltr'>festum</span> <span class='ocrx_word' id='word_1_265' title='bbox 671 1660 802 1691; x_wconf 87' lang='lat' dir='ltr'>martini</span> <span class='ocrx_word' id='word_1_266' title='bbox 831 1661 985 1704; x_wconf 76' lang='lat' dir='ltr'>proxime</span> <span class='ocrx_word' id='word_1_267' title='bbox 1014 1662 1220 1705; x_wconf 80' lang='lat' dir='ltr'>preteritum,</span> <span class='ocrx_word' id='word_1_268' title='bbox 1252 1661 1420 1693; x_wconf 84' lang='lat' dir='ltr'>vniuersis</span> <span class='ocrx_word' id='word_1_269' title='bbox 1449 1659 1579 1694; x_wconf 88' lang='lat' dir='ltr'>ciuibus</span> <span class='ocrx_word' id='word_1_270' title='bbox 1608 1662 1713 1706; x_wconf 90' lang='lat' dir='ltr'>ipsius</span> <span class='ocrx_word' id='word_1_271' title='bbox 1736 1662 1879 1694; x_wconf 87' lang='lat' dir='ltr'>ciuitatis</span> <span class='ocrx_word' id='word_1_272' title='bbox 1899 1672 1984 1706; x_wconf 88' lang='lat' dir='ltr'>pra-</span> 
     </span>
     <span class='ocr_line' id='line_1_27' title="bbox 122 1719 1984 1764; baseline 0.001 -11"><span class='ocrx_word' id='word_1_273' title='bbox 122 1721 239 1764; x_wconf 86' lang='lat' dir='ltr'>gensis</span> <span class='ocrx_word' id='word_1_274' title='bbox 268 1729 333 1753; x_wconf 75' lang='lat' dir='ltr'>sex</span> <span class='ocrx_word' id='word_1_275' title='bbox 362 1730 524 1752; x_wconf 88' lang='lat' dir='ltr'>annorum</span> <span class='ocrx_word' id='word_1_276' title='bbox 554 1721 669 1764; x_wconf 88' lang='lat' dir='ltr'>spacio</span> <span class='ocrx_word' id='word_1_277' title='bbox 700 1721 858 1753; x_wconf 81' lang='lat' dir='ltr'>continue</span> <span class='ocrx_word' id='word_1_278' title='bbox 887 1730 1088 1764; x_wconf 87' lang='lat' dir='ltr'>generosam</span> <span class='ocrx_word' id='word_1_279' title='bbox 1118 1719 1334 1754; x_wconf 88' lang='lat' dir='ltr'>concedimus</span> <span class='ocrx_word' id='word_1_280' title='bbox 1363 1719 1548 1754; x_wconf 88' lang='lat' dir='ltr'>libertatem</span> <span class='ocrx_word' id='word_1_281' title='bbox 1585 1731 1644 1754; x_wconf 90' lang='lat' dir='ltr'>eos</span> <span class='ocrx_word' id='word_1_282' title='bbox 1672 1720 1851 1755; x_wconf 89' lang='lat' dir='ltr'>reddentes</span> <span class='ocrx_word' id='word_1_283' title='bbox 1881 1721 1984 1755; x_wconf 86' lang='lat' dir='ltr'>fauo-</span> 
     </span>
     <span class='ocr_line' id='line_1_28' title="bbox 120 1779 1983 1827; baseline 0.001 -13"><span class='ocrx_word' id='word_1_284' title='bbox 120 1779 270 1814; x_wconf 88' lang='lat' dir='ltr'>rabiliter</span> <span class='ocrx_word' id='word_1_285' title='bbox 297 1791 319 1813; x_wconf 86' lang='lat' dir='ltr'>a</span> <span class='ocrx_word' id='word_1_286' title='bbox 347 1781 474 1814; x_wconf 74' lang='lat' dir='ltr'>steuris</span> <span class='ocrx_word' id='word_1_287' title='bbox 503 1780 635 1822; x_wconf 66' lang='lat' dir='ltr'>illicitis7</span> <span class='ocrx_word' id='word_1_288' title='bbox 667 1779 986 1823; x_wconf 68' lang='lat' dir='ltr'>contribueionibus‚</span> <span class='ocrx_word' id='word_1_289' title='bbox 1016 1783 1206 1826; x_wconf 86' lang='lat' dir='ltr'>ceterisque</span> <span class='ocrx_word' id='word_1_290' title='bbox 1235 1783 1389 1815; x_wconf 80' lang='lat' dir='ltr'>sei-uictis</span> <span class='ocrx_word' id='word_1_291' title='bbox 1419 1792 1483 1827; x_wconf 88' lang='lat' dir='ltr'>que</span> <span class='ocrx_word' id='word_1_292' title='bbox 1508 1781 1603 1815; x_wconf 89' lang='lat' dir='ltr'>nobis</span> <span class='ocrx_word' id='word_1_293' title='bbox 1629 1781 1742 1815; x_wconf 88' lang='lat' dir='ltr'>facere</span> <span class='ocrx_word' id='word_1_294' title='bbox 1768 1787 1799 1815; x_wconf 87' lang='lat' dir='ltr'>et</span> <span class='ocrx_word' id='word_1_295' title='bbox 1821 1781 1983 1816; x_wconf 73' lang='lat' dir='ltr'>exhibere</span> 
     </span>
     <span class='ocr_line' id='line_1_29' title="bbox 122 1840 1983 1888; baseline 0.001 -13"><span class='ocrx_word' id='word_1_296' title='bbox 122 1844 363 1875; x_wconf 86' lang='lat' dir='ltr'>consueuerint</span> <span class='ocrx_word' id='word_1_297' title='bbox 391 1845 425 1874; x_wconf 90' lang='lat' dir='ltr'>et</span> <span class='ocrx_word' id='word_1_298' title='bbox 453 1840 575 1874; x_wconf 89' lang='lat' dir='ltr'>debent</span> <span class='ocrx_word' id='word_1_299' title='bbox 604 1843 636 1874; x_wconf 86' lang='lat' dir='ltr'>in</span> <span class='ocrx_word' id='word_1_300' title='bbox 665 1840 760 1875; x_wconf 89' lang='lat' dir='ltr'>bonis</span> <span class='ocrx_word' id='word_1_301' title='bbox 789 1840 875 1875; x_wconf 83' lang='lat' dir='ltr'>infra</span> <span class='ocrx_word' id='word_1_302' title='bbox 905 1852 1016 1875; x_wconf 89' lang='lat' dir='ltr'>muros</span> <span class='ocrx_word' id='word_1_303' title='bbox 1051 1841 1136 1875; x_wconf 90' lang='lat' dir='ltr'>dicte</span> <span class='ocrx_word' id='word_1_304' title='bbox 1169 1844 1313 1876; x_wconf 89' lang='lat' dir='ltr'>ciuitatis</span> <span class='ocrx_word' id='word_1_305' title='bbox 1349 1846 1515 1876; x_wconf 89' lang='lat' dir='ltr'>contentis</span> <span class='ocrx_word' id='word_1_306' title='bbox 1545 1847 1576 1876; x_wconf 89' lang='lat' dir='ltr'>et</span> <span class='ocrx_word' id='word_1_307' title='bbox 1605 1854 1623 1876; x_wconf 88' lang='lat' dir='ltr'>a</span> <span class='ocrx_word' id='word_1_308' title='bbox 1654 1842 1831 1888; x_wconf 80' lang='lat' dir='ltr'>theolonijS</span> <span class='ocrx_word' id='word_1_309' title='bbox 1859 1846 1983 1878; x_wconf 89' lang='lat' dir='ltr'>nostris</span> 
     </span>
     <span class='ocr_line' id='line_1_30' title="bbox 122 1901 1982 1950; baseline 0.001 -14"><span class='ocrx_word' id='word_1_310' title='bbox 122 1912 183 1948; x_wconf 88' lang='lat' dir='ltr'>per</span> <span class='ocrx_word' id='word_1_311' title='bbox 216 1901 423 1947; x_wconf 75' lang='lat' dir='ltr'>Wyllam&#39;am</span> <span class='ocrx_word' id='word_1_312' title='bbox 454 1905 485 1935; x_wconf 92' lang='lat' dir='ltr'>et</span> <span class='ocrx_word' id='word_1_313' title='bbox 515 1901 576 1935; x_wconf 90' lang='lat' dir='ltr'>alia</span> <span class='ocrx_word' id='word_1_314' title='bbox 606 1901 739 1935; x_wconf 87' lang='lat' dir='ltr'>flumina</span> <span class='ocrx_word' id='word_1_315' title='bbox 769 1913 869 1947; x_wconf 89' lang='lat' dir='ltr'>supra</span> <span class='ocrx_word' id='word_1_316' title='bbox 897 1906 929 1935; x_wconf 92' lang='lat' dir='ltr'>et</span> <span class='ocrx_word' id='word_1_317' title='bbox 958 1902 1041 1936; x_wconf 85' lang='lat' dir='ltr'>infra</span> <span class='ocrx_word' id='word_1_318' title='bbox 1071 1904 1249 1936; x_wconf 69' lang='lat' dir='ltr'>ciuitatem</span> <span class='ocrx_word' id='word_1_319' title='bbox 1274 1915 1477 1948; x_wconf 73' lang='lat' dir='ltr'>prayensem</span> <span class='ocrx_word' id='word_1_320' title='bbox 1499 1915 1560 1950; x_wconf 88' lang='lat' dir='ltr'>per</span> <span class='ocrx_word' id='word_1_321' title='bbox 1582 1903 1613 1937; x_wconf 82' lang='lat' dir='ltr'>X</span> <span class='ocrx_word' id='word_1_322' title='bbox 1638 1914 1772 1938; x_wconf 87' lang='lat' dir='ltr'>menses</span> <span class='ocrx_word' id='word_1_323' title='bbox 1793 1915 1810 1938; x_wconf 87' lang='lat' dir='ltr'>a</span> <span class='ocrx_word' id='word_1_324' title='bbox 1831 1904 1982 1950; x_wconf 83' lang='lat' dir='ltr'>predicta</span> 
     </span>
     <span class='ocr_line' id='line_1_31' title="bbox 124 1962 1982 2010; baseline 0.002 -14"><span class='ocrx_word' id='word_1_325' title='bbox 124 1962 178 1996; x_wconf 88' lang='lat' dir='ltr'>die</span> <span class='ocrx_word' id='word_1_326' title='bbox 205 1963 352 1998; x_wconf 86' lang='lat' dir='ltr'>incendii</span> <span class='ocrx_word' id='word_1_327' title='bbox 381 1965 540 1996; x_wconf 84' lang='lat' dir='ltr'>continue</span> <span class='ocrx_word' id='word_1_328' title='bbox 568 1962 774 1996; x_wconf 86' lang='lat' dir='ltr'>numerando</span> <span class='ocrx_word' id='word_1_329' title='bbox 805 1962 932 1997; x_wconf 70' lang='lat' dir='ltr'>liberos</span> <span class='ocrx_word' id='word_1_330' title='bbox 961 1967 995 1997; x_wconf 81' lang='lat' dir='ltr'>et</span> <span class='ocrx_word' id='word_1_331' title='bbox 1023 1964 1155 1997; x_wconf 82' lang='lat' dir='ltr'>solutos</span> <span class='ocrx_word' id='word_1_332' title='bbox 1184 1963 1409 2010; x_wconf 90' lang='lat' dir='ltr'>perhibemus.</span> <span class='ocrx_word' id='word_1_333' title='bbox 1440 1964 1544 2009; x_wconf 87' lang='lat' dir='ltr'>Igitur</span> <span class='ocrx_word' id='word_1_334' title='bbox 1571 1967 1739 1999; x_wconf 78' lang='lat' dir='ltr'>vniuersis</span> <span class='ocrx_word' id='word_1_335' title='bbox 1765 1964 1982 2000; x_wconf 89' lang='lat' dir='ltr'>theolonariis</span> 
     </span>
     <span class='ocr_line' id='line_1_32' title="bbox 122 2023 1983 2069; baseline 0.002 -12"><span class='ocrx_word' id='word_1_336' title='bbox 122 2027 153 2058; x_wconf 88' lang='lat' dir='ltr'>et</span> <span class='ocrx_word' id='word_1_337' title='bbox 187 2023 343 2058; x_wconf 86' lang='lat' dir='ltr'>theolonii</span> <span class='ocrx_word' id='word_1_338' title='bbox 379 2023 596 2058; x_wconf 85' lang='lat' dir='ltr'>exactoribus</span> <span class='ocrx_word' id='word_1_339' title='bbox 631 2035 690 2069; x_wconf 90' lang='lat' dir='ltr'>per</span> <span class='ocrx_word' id='word_1_340' title='bbox 724 2026 833 2058; x_wconf 87' lang='lat' dir='ltr'>onmia</span> <span class='ocrx_word' id='word_1_341' title='bbox 870 2027 965 2069; x_wconf 88' lang='lat' dir='ltr'>regni</span> <span class='ocrx_word' id='word_1_342' title='bbox 1003 2028 1107 2059; x_wconf 90' lang='lat' dir='ltr'>nostri</span> <span class='ocrx_word' id='word_1_343' title='bbox 1142 2023 1275 2059; x_wconf 89' lang='lat' dir='ltr'>flumina</span> <span class='ocrx_word' id='word_1_344' title='bbox 1312 2028 1513 2068; x_wconf 60' lang='lat' dir='ltr'>constitutis,</span> <span class='ocrx_word' id='word_1_345' title='bbox 1552 2036 1594 2059; x_wconf 88' lang='lat' dir='ltr'>ne</span> <span class='ocrx_word' id='word_1_346' title='bbox 1631 2025 1716 2059; x_wconf 83' lang='lat' dir='ltr'>lianc</span> <span class='ocrx_word' id='word_1_347' title='bbox 1755 2024 1914 2060; x_wconf 87' lang='lat' dir='ltr'>libertatis</span> <span class='ocrx_word' id='word_1_348' title='bbox 1949 2031 1983 2060; x_wconf 86' lang='lat' dir='ltr'>et</span> 
     </span>
     <span class='ocr_line' id='line_1_33' title="bbox 122 2084 1982 2132; baseline 0.002 -14"><span class='ocrx_word' id='word_1_349' title='bbox 122 2087 354 2130; x_wconf 82' lang='lat' dir='ltr'>exempcionis</span> <span class='ocrx_word' id='word_1_350' title='bbox 382 2087 529 2132; x_wconf 86' lang='lat' dir='ltr'>ipsorum</span> <span class='ocrx_word' id='word_1_351' title='bbox 558 2095 617 2130; x_wconf 89' lang='lat' dir='ltr'>per</span> <span class='ocrx_word' id='word_1_352' title='bbox 645 2096 706 2119; x_wconf 90' lang='lat' dir='ltr'>nos</span> <span class='ocrx_word' id='word_1_353' title='bbox 735 2084 918 2119; x_wconf 87' lang='lat' dir='ltr'>liberaliter</span> <span class='ocrx_word' id='word_1_354' title='bbox 946 2084 1034 2119; x_wconf 88' lang='lat' dir='ltr'>facte</span> <span class='ocrx_word' id='word_1_355' title='bbox 1062 2089 1225 2131; x_wconf 71' lang='lat' dir='ltr'>graciam,</span> <span class='ocrx_word' id='word_1_356' title='bbox 1256 2086 1450 2132; x_wconf 52' lang='lat' dir='ltr'>infringere</span> <span class='ocrx_word' id='word_1_357' title='bbox 1486 2091 1539 2120; x_wconf 83' lang='lat' dir='ltr'>aut</span> <span class='ocrx_word' id='word_1_358' title='bbox 1579 2089 1639 2129; x_wconf 64' lang='lat' dir='ltr'>eis,</span> <span class='ocrx_word' id='word_1_359' title='bbox 1675 2097 1757 2120; x_wconf 90' lang='lat' dir='ltr'>ausu</span> <span class='ocrx_word' id='word_1_360' title='bbox 1787 2089 1982 2131; x_wconf 75' lang='lat' dir='ltr'>temerario⁷</span> 
     </span>
     <span class='ocr_line' id='line_1_34' title="bbox 121 2145 1692 2194; baseline 0.002 -16"><span class='ocrx_word' id='word_1_361' title='bbox 121 2145 331 2191; x_wconf 88' lang='lat' dir='ltr'>aliquatenus</span> <span class='ocrx_word' id='word_1_362' title='bbox 359 2148 529 2180; x_wconf 88' lang='lat' dir='ltr'>contraire</span> <span class='ocrx_word' id='word_1_363' title='bbox 557 2148 822 2192; x_wconf 83' lang='lat' dir='ltr'>presumpserint</span> <span class='ocrx_word' id='word_1_364' title='bbox 851 2149 993 2180; x_wconf 87' lang='lat' dir='ltr'>terminii</span> <span class='ocrx_word' id='word_1_365' title='bbox 1023 2149 1096 2181; x_wconf 87' lang='lat' dir='ltr'>siue</span> <span class='ocrx_word' id='word_1_366' title='bbox 1125 2151 1284 2181; x_wconf 87' lang='lat' dir='ltr'>termatus</span> <span class='ocrx_word' id='word_1_367' title='bbox 1315 2150 1429 2194; x_wconf 90' lang='lat' dir='ltr'>spacio</span> <span class='ocrx_word' id='word_1_368' title='bbox 1460 2159 1560 2194; x_wconf 87' lang='lat' dir='ltr'>supra</span> <span class='ocrx_word' id='word_1_369' title='bbox 1591 2148 1692 2182; x_wconf 84' lang='lat' dir='ltr'>dicto.</span> 
     </span>
    </p>

    <p class='ocr_par' dir='ltr' id='par_1_8' title="bbox 121 2205 1980 2302">
     <span class='ocr_line' id='line_1_35' title="bbox 276 2205 1980 2254; baseline 0.002 -15"><span class='ocrx_word' id='word_1_370' title='bbox 276 2205 313 2239; x_wconf 88' lang='lat' dir='ltr'>In</span> <span class='ocrx_word' id='word_1_371' title='bbox 347 2209 440 2241; x_wconf 89' lang='lat' dir='ltr'>cuius</span> <span class='ocrx_word' id='word_1_372' title='bbox 474 2210 521 2240; x_wconf 84' lang='lat' dir='ltr'>rei</span> <span class='ocrx_word' id='word_1_373' title='bbox 559 2209 780 2241; x_wconf 86' lang='lat' dir='ltr'>testimonium</span> <span class='ocrx_word' id='word_1_374' title='bbox 817 2211 995 2253; x_wconf 89' lang='lat' dir='ltr'>presentes</span> <span class='ocrx_word' id='word_1_375' title='bbox 1030 2207 1157 2242; x_wconf 86' lang='lat' dir='ltr'>litteras</span> <span class='ocrx_word' id='word_1_376' title='bbox 1196 2209 1267 2242; x_wconf 86' lang='lat' dir='ltr'>lieri</span> <span class='ocrx_word' id='word_1_377' title='bbox 1299 2210 1460 2254; x_wconf 87' lang='lat' dir='ltr'>jussimus</span> <span class='ocrx_word' id='word_1_378' title='bbox 1498 2213 1531 2242; x_wconf 91' lang='lat' dir='ltr'>et</span> <span class='ocrx_word' id='word_1_379' title='bbox 1569 2209 1752 2253; x_wconf 85' lang='lat' dir='ltr'>sigillorum</span> <span class='ocrx_word' id='word_1_380' title='bbox 1791 2213 1980 2244; x_wconf 88' lang='lat' dir='ltr'>nostrorum</span> 
     </span>
     <span class='ocr_line' id='line_1_36' title="bbox 121 2266 490 2302; baseline 0.005 -2"><span class='ocrx_word' id='word_1_381' title='bbox 121 2268 301 2300; x_wconf 88' lang='lat' dir='ltr'>munimine</span> <span class='ocrx_word' id='word_1_382' title='bbox 328 2266 490 2302; x_wconf 88' lang='lat' dir='ltr'>roborari.</span> 
     </span>
    </p>

    <p class='ocr_par' dir='ltr' id='par_1_9' title="bbox 119 2326 1978 2437">
     <span class='ocr_line' id='line_1_37' title="bbox 276 2326 1978 2376; baseline 0.002 -15"><span class='ocrx_word' id='word_1_383' title='bbox 276 2326 396 2361; x_wconf 84' lang='lat' dir='ltr'>Datum</span> <span class='ocrx_word' id='word_1_384' title='bbox 430 2328 557 2374; x_wconf 65' lang='lat' dir='ltr'>Pmye,</span> <span class='ocrx_word' id='word_1_385' title='bbox 591 2340 650 2375; x_wconf 90' lang='lat' dir='ltr'>per</span> <span class='ocrx_word' id='word_1_386' title='bbox 688 2340 804 2362; x_wconf 87' lang='lat' dir='ltr'>manus</span> <span class='ocrx_word' id='word_1_387' title='bbox 839 2328 1119 2374; x_wconf 89' lang='lat' dir='ltr'>magistri.Petri</span> <span class='ocrx_word' id='word_1_388' title='bbox 1138 2329 1404 2376; x_wconf 86' lang='lat' dir='ltr'>.pr0thon0tarii</span> <span class='ocrx_word' id='word_1_389' title='bbox 1434 2333 1529 2375; x_wconf 83' lang='lat' dir='ltr'>regni</span> <span class='ocrx_word' id='word_1_390' title='bbox 1558 2334 1675 2364; x_wconf 87' lang='lat' dir='ltr'>nostri.</span> <span class='ocrx_word' id='word_1_391' title='bbox 1723 2331 1825 2365; x_wconf 86' lang='lat' dir='ltr'>Anno</span> <span class='ocrx_word' id='word_1_392' title='bbox 1855 2331 1978 2365; x_wconf 88' lang='lat' dir='ltr'>domini</span> 
     </span>
     <span class='ocr_line' id='line_1_38' title="bbox 119 2386 1771 2437; baseline 0.002 -14"><span class='ocrx_word' id='word_1_393' title='bbox 119 2387 173 2423; x_wconf 77' lang='lat' dir='ltr'>M0</span> <span class='ocrx_word' id='word_1_394' title='bbox 201 2386 300 2422; x_wconf 85' lang='grc' dir='ltr'>000Ο</span> <span class='ocrx_word' id='word_1_395' title='bbox 327 2387 411 2422; x_wconf 85' lang='lat' dir='ltr'>feria</span> <span class='ocrx_word' id='word_1_396' title='bbox 440 2387 503 2423; x_wconf 67' lang='lat' dir='ltr'>Vl¹³</span> <span class='ocrx_word' id='word_1_397' title='bbox 532 2394 607 2436; x_wconf 91' lang='lat' dir='ltr'>post</span> <span class='ocrx_word' id='word_1_398' title='bbox 635 2389 882 2424; x_wconf 85' lang='lat' dir='ltr'>crucificionem</span> <span class='ocrx_word' id='word_1_399' title='bbox 912 2389 1044 2425; x_wconf 89' lang='lat' dir='ltr'>domini.</span> <span class='ocrx_word' id='word_1_400' title='bbox 1075 2389 1142 2424; x_wconf 53' lang='lat'>&amp;⁷10</span> <span class='ocrx_word' id='word_1_401' title='bbox 1168 2390 1254 2437; x_wconf 55' lang='lat' dir='ltr'>ydus</span> <span class='ocrx_word' id='word_1_402' title='bbox 1284 2391 1440 2433; x_wconf 65' lang='lat' dir='ltr'>octobris,</span> <span class='ocrx_word' id='word_1_403' title='bbox 1471 2390 1654 2425; x_wconf 78' lang='lat' dir='ltr'>indictione</span> <span class='ocrx_word' id='word_1_404' title='bbox 1684 2391 1771 2426; x_wconf 68' lang='lat'><em>11112.</em></span> 
     </span>
    </p>

    <p class='ocr_par' dir='ltr' id='par_1_10' title="bbox 121 2448 1973 2558">
     <span class='ocr_line' id='line_1_39' title="bbox 276 2448 1973 2498; baseline 0.002 -16"><span class='ocrx_word' id='word_1_405' title='bbox 276 2448 501 2494; x_wconf 84' lang='lat' dir='ltr'>Uolumusque</span> <span class='ocrx_word' id='word_1_406' title='bbox 530 2455 563 2484; x_wconf 88' lang='lat' dir='ltr'>ut</span> <span class='ocrx_word' id='word_1_407' title='bbox 592 2451 677 2497; x_wconf 82' lang='lat' dir='ltr'>apud</span> <span class='ocrx_word' id='word_1_408' title='bbox 707 2451 886 2485; x_wconf 88' lang='lat' dir='ltr'>ecclesiam</span> <span class='ocrx_word' id='word_1_409' title='bbox 917 2450 1088 2497; x_wconf 78' lang='lat' dir='ltr'>Stephani,</span> <span class='ocrx_word' id='word_1_410' title='bbox 1117 2455 1149 2485; x_wconf 90' lang='lat' dir='ltr'>in</span> <span class='ocrx_word' id='word_1_411' title='bbox 1170 2452 1278 2486; x_wconf 86' lang='lat' dir='ltr'>littore</span> <span class='ocrx_word' id='word_1_412' title='bbox 1298 2452 1373 2487; x_wconf 86' lang='lat' dir='ltr'>dicti</span> <span class='ocrx_word' id='word_1_413' title='bbox 1394 2452 1536 2486; x_wconf 78' lang='lat' dir='ltr'>[luminis</span> <span class='ocrx_word' id='word_1_414' title='bbox 1570 2452 1734 2496; x_wconf 67' lang='lat' dir='ltr'>l&#39;z&#39;lle&#39;ame,</span> <span class='ocrx_word' id='word_1_415' title='bbox 1764 2454 1852 2498; x_wconf 84' lang='lat' dir='ltr'>ligna</span> <span class='ocrx_word' id='word_1_416' title='bbox 1880 2464 1973 2487; x_wconf 76' lang='lat' dir='ltr'>ven-</span> 
     </span>
     <span class='ocr_line' id='line_1_40' title="bbox 121 2509 823 2558; baseline 0.003 -14"><span class='ocrx_word' id='word_1_417' title='bbox 121 2509 242 2544; x_wconf 77' lang='lat' dir='ltr'>dantur</span> <span class='ocrx_word' id='word_1_418' title='bbox 269 2520 330 2556; x_wconf 89' lang='lat' dir='ltr'>per</span> <span class='ocrx_word' id='word_1_419' title='bbox 358 2513 530 2545; x_wconf 87' lang='lat' dir='ltr'>terminum</span> <span class='ocrx_word' id='word_1_420' title='bbox 560 2523 659 2558; x_wconf 86' lang='lat' dir='ltr'>supra</span> <span class='ocrx_word' id='word_1_421' title='bbox 689 2511 823 2546; x_wconf 88' lang='lat' dir='ltr'>dictum.</span> 
     </span>
    </p>
   </div>
   <div class='ocr_carea' id='block_1_5' title="bbox 275 2571 1873 2664">
    <p class='ocr_par' dir='ltr' id='par_1_11' title="bbox 275 2571 1873 2664">
     <span class='ocr_line' id='line_1_41' title="bbox 275 2571 1207 2620; baseline 0.005 -17"><span class='ocrx_word' id='word_1_422' title='bbox 275 2571 398 2604; x_wconf 85' lang='lat' dir='ltr'>Actum</span> <span class='ocrx_word' id='word_1_423' title='bbox 428 2575 460 2604; x_wconf 90' lang='lat' dir='ltr'>et</span> <span class='ocrx_word' id='word_1_424' title='bbox 489 2571 597 2607; x_wconf 81' lang='lat' dir='ltr'>datum</span> <span class='ocrx_word' id='word_1_425' title='bbox 628 2584 715 2607; x_wconf 92' lang='lat' dir='ltr'>anno</span> <span class='ocrx_word' id='word_1_426' title='bbox 745 2577 776 2607; x_wconf 92' lang='lat' dir='ltr'>et</span> <span class='ocrx_word' id='word_1_427' title='bbox 805 2572 858 2608; x_wconf 90' lang='lat' dir='ltr'>die</span> <span class='ocrx_word' id='word_1_428' title='bbox 889 2576 1011 2607; x_wconf 89' lang='lat' dir='ltr'>mensis</span> <span class='ocrx_word' id='word_1_429' title='bbox 1039 2577 1207 2620; x_wconf 90' lang='lat' dir='ltr'>premissi.</span> 
     </span>
     <span class='ocr_line' id='line_1_42' title="bbox 1815 2637 1873 2664; baseline -0.017 0"><span class='ocrx_word' id='word_1_430' title='bbox 1815 2637 1873 2664; x_wconf 79' lang='lat'>126</span> 
     </span>
    </p>
   </div>
  </div>
 </body>
</html>
