2184 2828
1046 263 1100 296 De
1128 263 1254 296 eodem.

380 335 414 367 (J.
447 333 498 367 dei
529 336 646 379 gracia
676 338 740 367 etc.
772 333 891 366 dilecto
921 332 1005 366 lideli
1036 343 1113 366 suo.
1133 335 1298 376 .graciam
1329 337 1391 366 etc.
1423 332 1660 366 commendata
1689 332 1784 367 nobis
1816 337 1868 366 tue
1896 334 2068 380 probitatis

225 394 395 436 industria,
427 405 487 428 nos
516 393 640 427 inducit
675 397 707 426 ut
744 397 777 426 te
813 395 956 427 muneris
992 391 1120 425 honore
1153 392 1283 438 publice
1317 392 1526 435 decoremus,
1563 396 1737 438 eapropter
1767 396 1864 427 vnius
1893 397 1968 428 anni
1998 397 2069 428 cir-

224 454 342 495 culum,
373 454 412 487 ab
442 456 681 500 acceptacione
718 456 925 499 presencium
963 451 1016 486 tibi
1053 452 1214 486 iudicatus
1243 452 1386 486 officium
1423 455 1455 486 in
1484 455 1617 486 ciuitate
1646 457 1856 498 pragensium
1885 454 2067 498 gerendum

222 517 456 548 committimus
484 519 516 547 et
544 513 741 556 regendum,
771 513 887 548 dantes
916 512 970 546 tibi
999 515 1069 546 iura
1098 517 1132 546 et
1159 516 1388 547 auctoritatem
1417 513 1598 558 plenariam
1632 515 1662 546 in
1692 514 1830 558 singulis
1859 518 1890 547 et
1918 514 2067 549 omnibus

222 579 319 620 prout
352 574 490 620 expedit
525 577 575 608 ius
611 573 753 608 dicendi.
799 573 849 607 Tu
886 584 966 607 uero
1002 583 1129 607 summo
1165 584 1268 619 opere
1304 573 1419 607 colens
1454 575 1615 607 iusticiam
1654 574 1760 618 equali
1797 576 1934 608 racione
1971 578 2069 609 tacite

222 645 345 669 causas
374 645 559 680 perpenses
588 634 674 679 (sic)
702 638 800 680 atque
828 634 936 667 taliter
961 633 1133 667 deservire
1159 633 1294 667 studeas
1315 636 1448 679 equitati
1474 637 1507 666 ut
1527 643 1590 666 nec
1610 636 1732 667 amoris
1753 633 1902 668 dulcibus
1921 633 2068 668 flectaris

221 694 392 728 affectibus
421 705 483 728 nec
512 694 738 728 clenodiorum
769 699 799 727 te
828 696 997 727 sinistrare
1026 693 1148 727 faciant
1176 693 1327 728 donacia.
1357 703 1456 727 aures
1490 693 1646 739 precibus
1674 693 1851 728 obstruens
1889 697 2068 728 amicorum

219 760 252 788 et
281 755 390 788 odium
420 755 596 788 iudicando
625 755 802 788 secludens
832 757 873 787 sit
909 756 975 787 uita
1004 753 1059 787 tibi
1088 756 1120 787 in
1156 765 1331 788 causarum
1367 754 1539 787 decisione
1572 753 1789 798 quarumlibet
1823 754 2069 802 irreprehensis

219 816 305 859 (sic)
334 820 367 849 ut
394 818 585 849 continuata
616 820 672 849 tue
699 814 786 849 fame
814 815 949 848 claritas
985 825 1047 860 per
1081 817 1192 860 operis
1227 817 1470 848 execucionem
1506 812 1660 848 laudabili
1689 813 1850 859 dignitate
1878 816 1930 849 uel
1959 814 2069 849 officio

219 880 251 909 te
279 876 466 915 digniorem
496 880 634 910 statuam
665 876 716 909 uel
746 875 891 908 efficiant
920 877 1157 920 potenciorein.

986 978 1002 1011 I
1004 982 1066 1011 lem
1097 978 1152 1012 Dc
1181 979 1307 1012 eodem.

375 1056 444 1090 Nos
476 1057 513 1090 l).
546 1062 608 1089 etc.
640 1061 749 1090 notum
781 1057 919 1090 l'acinius
948 1061 1012 1090 etc.
1044 1055 1130 1101 quod
1153 1055 1306 1089 iudiciuin
1327 1059 1377 1089 in.
1396 1060 1447 1090 ,et
1469 1055 1671 1090 theoloniuni
1693 1059 1755 1102 ipsi
1777 1056 1897 1090 iudicio
1913 1061 2067 1091 attenens

218 1120 572 1151 concessimus..suis
608 1117 821 1161 exigentibus
859 1119 982 1150 meritis
1020 1115 1218 1150 hereditarie
1254 1116 1465 1162 possidenda,
1502 1116 1654 1150 uolentes
1687 1121 1720 1150 ut
1752 1117 1836 1150 idem
1872 1121 1904 1151 et
1933 1116 1989 1151 filii
2017 1119 2069 1152 sui

219 1178 354 1221 legitimi
385 1177 557 1210 masculini
588 1188 692 1211 sexus
722 1182 857 1219 tantunn
888 1177 1042 1210 iudiciuin
1072 1176 1236 1222 prefatum
1267 1182 1297 1211 et
1327 1177 1529 1211 theolonium
1558 1179 1622 1223 ipsi
1649 1177 1768 1211 iudicio
1794 1180 1938 1212 attinens
1958 1180 2072 1224 possi—

218 1237 316 1270 deant
352 1236 553 1271 hereditarie
591 1242 621 1271 et
658 1242 838 1283 prouentus
874 1248 917 1270 ex
958 1240 1006 1271 cis
1043 1240 1227 1283 percipiant
1263 1249 1301 1271 ac
1337 1240 1512 1283 percipere
1549 1236 1690 1271 debeant
1723 1242 1753 1271 et
1787 1238 1922 1272 ualeant
1954 1238 2072 1280 libere,

218 1298 481 1331 contradictione
510 1297 653 1343 qualibet
683 1301 713 1331 in
748 1302 916 1344 posterum
946 1301 1140 1343 quiescente
1170 1301 1240 1344 ipse
1270 1303 1378 1332 tamen
1409 1302 1440 1331 et
1475 1300 1548 1332 eius
1583 1298 1724 1332 heredes
1751 1298 1889 1343 legitimi
1918 1301 1950 1332 in
1978 1298 2073 1332 huius

218 1363 331 1391 nostre
360 1360 599 1401 recognicione
633 1362 747 1402 gracie
778 1361 903 1403 xigenti
932 1370 1063 1392 marcas
1093 1361 1223 1403 argenti
1253 1361 1347 1392 annis
1376 1358 1516 1403 singulis
1545 1369 1679 1392 camere
1707 1362 1818 1392 nosti-e
1848 1358 1990 1392 soluent.

1036 1461 1088 1495 De
1117 1463 1243 1495 eodem.

380 1539 416 1572 C.
458 1539 508 1572 dei
542 1543 654 1583 gracia
693 1544 756 1573 etc.
787 1540 940 1573 Jolmmu·
972 1540 1141 1583 ll'eslsalo
1172 1545 1204 1573 et
1238 1540 1274 1574 Ιιί
1301 1542 1415 1584 Salsu.
1454 1539 1546 1574 Licet
1579 1544 1738 1574 terrarum
1772 1543 1928 1586 princeps
1964 1540 2071 1574 multis

215 1598 328 1632 aslluat
367 1599 495 1645 opibus,
536 1611 597 1633 nec
635 1603 773 1645 opprimi
811 1603 949 1645 penuria
984 1603 1099 1645 possit,
1139 1612 1182 1634 ex
1218 1601 1305 1634 sacili
1344 1600 1461 1646 amplis
1497 1605 1531 1634 et
1566 1603 1666 1634 uariis
1701 1599 1931 1634 habundantes
1967 1603 2072 1646 copiis

219 1659 407 1693 facultatem
449 1665 525 1704 eget
563 1665 671 1694 tamen
704 1666 737 1694 vt
774 1661 924 1694 modeste
959 1658 1224 1706 dispensacionis
1259 1661 1374 1694 ordine
1412 1671 1476 1705 quo
1511 1666 1541 1695 et
1578 1661 1669 1695 fraus
1708 1672 1769 1706 que
1802 1671 1868 1695 non
1904 1660 2001 1695 decet
2033 1672 2072 1694 ac

213 1731 379 1754 excessus
411 1724 463 1765 qui
494 1732 560 1754 non
590 1721 740 1766 expedit,
771 1724 923 1755 cuitetur.
965 1721 1006 1755 L't
1038 1724 1138 1766 igitur
1169 1726 1311 1767 pecunia
1348 1733 1443 1767 quain
1481 1725 1553 1755 usui
1590 1725 1696 1755 uictus
1732 1724 1834 1755 nostri
1865 1721 2070 1767 deputamus,

212 1780 352 1826 prouide
386 1780 597 1827 dispensetur
629 1786 825 1816 necessaria
862 1784 1004 1827 coquine
1040 1787 1155 1816 nostre
1188 1781 1245 1816 tibi
1283 1782 1323 1815 de
1357 1783 1542 1827 legalitate,
1579 1784 1709 1815 iusticia
1744 1786 1842 1826 atque
1876 1781 1941 1815 fide
1975 1780 2071 1816 nobis

212 1841 387 1887 plurimum
418 1840 561 1876 fidelium
597 1844 787 1876 testimonio
824 1842 1006 1889 approbata
1039 1845 1200 1877 notariam
1229 1845 1372 1889 coquine
1405 1847 1532 1886 nostre,
1563 1847 1679 1876 tenore
1707 1844 1933 1887 presencium,
1964 1841 2071 1888 quoad

213 1904 351 1945 uix-eris„
381 1902 566 1947 gerendam
596 1906 830 1938 committimus
859 1907 890 1937 et
919 1903 1108 1941 tenendamq
1138 1903 1313 1937 dummodo
1341 1914 1407 1938 non
1437 1906 1633 1938 excesseris
1662 1906 1798 1948 propter
1826 1901 1913 1946 quod
1944 1912 2005 1936 nos
2030 1901 2071 1935 de

211 1964 283 2008 ipsa
316 1965 443 1996 notaria
478 1966 611 2009 priuare
649 1966 764 1997 merita
805 1963 890 2009 (sic)
929 1963 1040 1997 debito
1076 1964 1256 1999 debeamus
1291 1964 1441 1998 uolentes
1474 1969 1509 1998 ut
1545 1963 1696 1998 eiusdem
1730 1965 1883 1996 notariae
1917 1962 2070 2008 fungaris

211 2022 322 2056 officio
352 2026 383 2056 in
413 2034 623 2068 quocumque
651 2024 725 2057 loco
755 2035 814 2070 per
844 2029 950 2058 terras
978 2029 1111 2058 nostras
1140 2025 1300 2059 fuerimus
1330 2028 1511 2059 constituti.
1541 2024 1584 2058 Et
1608 2024 1647 2058 de
1672 2022 1816 2069 quolibet
1841 2023 1963 2057 talento
1983 2023 2070 2068 quod

209 2094 269 2128 pro
303 2083 472 2127 carnibus,
509 2087 598 2120 uino.
629 2095 715 2131 pane
753 2090 850 2130 atque
884 2085 956 2119 aliis
990 2085 1028 2119 ad
1068 2089 1189 2119 uictum
1224 2090 1373 2120 nostrum
1408 2088 1613 2119 necessariis
1647 2084 1895 2129 expenderetur
1929 2088 2070 2129 quatuor

210 2143 367 2177 denarios
404 2155 422 2177 a
458 2144 688 2179 uenditoribus
722 2148 865 2191 recipias
906 2150 938 2179 et
973 2146 1036 2179 alia
1073 2149 1143 2180 iura
1179 2150 1345 2192 percipias
1384 2156 1615 2191 quaecumque
1647 2144 1687 2178 ad
1722 2144 1872 2178 eamdem
1907 2147 2069 2178 notariam

208 2208 392 2238 noscuntur
421 2216 465 2238 ex
496 2208 629 2250 antiquo
660 2217 702 2239 ex
731 2206 926 2240 racionabili
951 2209 1022 2240 iure
1048 2209 1227 2252 pertinere.
1258 2206 1481 2248 Quamobrem
1507 2205 1667 2251 dapifero.
1684 2204 1884 2247 mai-chalco,
1907 2208 2067 2249 magistro

209 2265 318 2307 (ini-0]
347 2268 490 2310 coquine
520 2271 551 2299 et
581 2270 740 2312 pincerne
768 2269 901 2309 nostris,
932 2272 995 2300 tam
1025 2267 1237 2313 presentibus
1267 2278 1364 2313 quam
1394 2267 1512 2301 futurIS
1542 2266 1658 2299 damus
1686 2268 1883 2310 expressius
1910 2268 1943 2298 in
1969 2276 2069 2298 man-

210 2324 293 2358 datis
324 2330 486 2370 quatenus
514 2330 546 2360 in
576 2327 709 2373 prefate
742 2330 872 2361 notarie
905 2327 1016 2361 officio
1052 2332 1083 2362 te
1112 2338 1177 2361 non
1212 2327 1391 2374 impediant
1425 2327 1483 2361 sed
1513 2328 1556 2360 uti
1585 2337 1625 2359 ea
1653 2325 1819 2365 libere,et
1847 2328 1957 2371 quiete
1985 2336 2068 2371 per·-

209 2388 338 2419 mittant
367 2389 393 2419 si
423 2391 571 2431 graciam
602 2393 749 2422 nostram
779 2387 917 2433 diligunt
947 2393 978 2422 et
1007 2392 1238 2435 suspensionis
1274 2393 1384 2422 notam
1414 2390 1548 2434 cupiunt
1576 2389 1712 2420 euitare.
1752 2386 1801 2420 Tu
1830 2396 1912 2420 uero
1941 2385 2059 2419 dictum

208 2445 350 2479 officium
383 2451 445 2480 tain
476 2448 615 2493 prouide
644 2453 777 2494 tamque
806 2449 982 2494 diligenter
1010 2460 1133 2494 gerere
1163 2449 1300 2483 studeas
1329 2453 1361 2482 et
1389 2448 1635 2494 dispensacioni
1665 2452 1779 2480 nostre
1802 2449 1946 2493 pecunie
1970 2445 2067 2490 lega—

207 2507 281 2540 liter
316 2510 365 2540 sic
401 2510 534 2542 insistas
572 2513 606 2542 ut
640 2509 726 2555 apud
759 2520 821 2543 nos
858 2510 898 2543 de
936 2509 1001 2544 fide
1035 2510 1187 2543 reddaris
1227 2508 1499 2544 commendabilis
1534 2511 1567 2541 et
1599 2510 1775 2541 innitemur
1809 2511 1864 2540 tue
1892 2505 2067 2551 probitatis

208 2571 325 2600 merito
356 2568 411 2601 tibi
442 2573 649 2603 committere
678 2572 824 2615 pociora.
