2184 2828
1009 74 1081 108 913

989 242 1096 279 361.

258 299 328 354 Κ.
365 319 445 355 Karl
480 320 537 355 lV.
574 324 694 356 weiset
728 321 802 356 dem
840 321 926 356 Abte
962 322 1027 356 und
1063 322 1238 356 Convente
1275 321 1334 357 des
1370 322 1657 359 Slawenklosters
1692 327 1725 358 in
1754 324 1812 358 der
1842 324 1967 370 Prager

111 379 273 415 Neustadt
302 385 380 415 statt
407 381 466 415 des
495 381 614 416 Zinses
649 393 716 416 von
752 382 816 416 den
852 382 1003 427 dortigen
1033 382 1299 417 Fleischbanken
1333 383 1396 417 den
1431 384 1582 419 Zehnten
1617 384 1712 419 Theil
1746 385 1805 419 des
1840 388 1872 419 in
1907 385 1967 419 der

112 441 240 486 Prager
273 441 417 476 Altstadt
453 442 685 488 eingehenden
720 443 1037 488 lVein-—Umgeltes
1075 443 1134 478 auf
1168 454 1205 478 so
1241 444 1340 489 lange
1376 456 1428 487 an,
1462 444 1513 480 his
1552 446 1637 480 nach
1666 445 1795 480 Ablauf
1820 445 1879 480 der
1907 445 1967 480 der

111 501 273 537 Neustadt
311 502 529 537 vei-liehenen
563 503 747 549 Befreiung
782 504 841 538 der
875 504 955 539 Zins
993 515 1060 539 von
1103 504 1167 539 den
1206 503 1476 540 Fleischhanken
1512 506 1646 551 gezahlt
1685 506 1825 541 werden
1863 507 1964 541 kann.

111 562 187 597 Dto.
218 567 249 597 in
279 563 445 607 YsuaehQ
476 563 566 598 XIII.
596 564 736 598 Kalend.
767 563 941 599 Februarii
969 565 1048 611 (20.
1078 565 1224 610 Janner]
1255 565 1383 600 1349?

421 643 615 677 (Abgedruckt
639 644 681 670 bei
705 643 792 670 Pelzcl
816 644 846 670 Κ.
871 644 933 670 Karl
959 644 1003 671 Ν.
1030 644 1048 671 1.
1074 644 1121 671 Tli.
1146 644 1318 671 Urkundenb.
1346 646 1373 671 S.
1400 646 1448 671 99.
1473 654 1498 672 u.
1524 646 1589 673 xc1.
1613 655 1628 672 e
1651 647 1776 681 Registro
1795 648 1965 681 Slauorum.)

989 790 1095 826 362.

111 865 251 911 Herzog
278 866 415 900 Jolmnn
450 878 511 900 von
541 867 725 906 vIsarntlzen
752 868 887 911 fordert
916 869 977 902 den
1013 868 1171 903 Willaelm
1204 880 1266 902 ron
1298 869 1489 915 qurherq,
1522 870 1713 916 Poprazree
1741 872 1800 906 (les
1829 873 1968 906 Saaz-er

111 927 266 971 Kreises,
287 928 356 971 auf,
373 927 434 960 den
458 928 579 961 [maeh-
600 939 663 962 ron
680 929 828 963 Isi-eeow
848 929 950 963 damn
971 941 1012 963 zu
1030 930 1221 977 rerlzalten,
1242 930 1322 964 dass
1337 942 1376 964 er
1390 931 1491 965 Alles
1511 932 1573 965 den
1590 931 1718 966 Lentem
1738 933 1797 966 des
1815 932 1968 966 Dlulem'la

111 999 177 1022 von
204 987 626 1022 MalomerioE21t1-2·ssene
654 989 848 1024 re'lclfstelle.
878 991 1035 1024 Mendz‘eo
1060 992 1124 1035 fer.
1147 990 1181 1025 Γ.
1205 995 1284 1036 post
1306 992 1392 1026 diem
1420 992 1451 1026 Ιι.
1474 992 1662 1026 Laurentii.
1696 992 1966 1027 1346—1350.

277 1046 472 1101 Johaunes
502 1067 569 1101 dux
590 1067 794 1102 Karinthiae.
820 1068 995 1102 Dilectioni
1015 1073 1091 1103 tuae
1111 1072 1344 1104 committimus
1366 1074 1398 1104 et
1418 1070 1623 1114 mandamus,
1646 1074 1779 1105 omnino
1800 1071 1967 1113 volentes,

111 1132 275 1173 quatenus
309 1127 524 1161 Raczkonem
560 1127 600 1162 de
637 1128 813 1163 Krzeczov
849 1133 962 1163 nostra
997 1133 1190 1164 auctoritate
1225 1134 1354 1173 teneas,
1390 1135 1423 1164 ut
1452 1130 1639 1165 hominibus
1670 1131 1893 1166 Dluhnikonis
1925 1132 1967 1165 de

110 1187 314 1222 Malmirzicz
342 1190 501 1222 universa
531 1192 684 1223 restituat
713 1189 832 1233 ablata,
863 1195 895 1224 et
923 1201 1058 1225 eausam
1088 1191 1227 1225 eandem
1257 1195 1345 1225 stare
1375 1191 1511 1226 dimittat
1530 1203 1637 1238 usque
1657 1192 1696 1226 ad
1718 1197 1858 1239 quatuor
1878 1197 1969 1226 tem-

113 1259 196 1295 pora
230 1251 381 1295 proxime
416 1254 570 1293 ventura,
606 1253 682 1296 quia
716 1250 856 1284 eandem
892 1251 1044 1286 volumus
1078 1262 1138 1297 per
1170 1251 1316 1286 barones
1353 1256 1462 1286 terrae
1491 1255 1681 1295 terminare,
1712 1253 1827 1287 dicens
1856 1253 1964 1287 eidem

112 1309 296 1352 Raczkoni,
325 1314 360 1344 ut
387 1309 518 1355 Pragae
547 1321 660 1344 coram
689 1311 785 1345 nobis
813 1314 846 1345 in
876 1311 970 1346 dictis
1000 1317 1139 1359 quatuor
1167 1312 1374 1359 temporibus
1403 1312 1525 1347 debeat
1558 1324 1771 1360 comparere,
1807 1318 1838 1348 et
1868 1317 1968 1348 etiam

112 1370 199 1416 quod
228 1370 334 1404 medio
364 1375 513 1417 tempore
542 1383 615 1405 emn
645 1372 762 1406 eodem
792 1371 1004 1407 Dluhnilzone
1033 1385 1095 1407 uec
1124 1373 1311 1408 hominibus
1339 1373 1515 1420 quidquam
1545 1373 1666 1409 habeat
1693 1374 1873 1421 disponere
1902 1386 1966 1408 nec

113 1431 235 1477 aliquid
264 1433 438 1467 innovare.
470 1432 590 1466 Datum
620 1435 653 1466 in
682 1432 839 1467 Mendico
869 1436 981 1479 quinta
1011 1434 1093 1468 feria
1122 1438 1198 1480 post
1227 1434 1313 1468 diem
1340 1434 1429 1469 beati
1458 1433 1643 1470 Laurentii.

270 1491 451 1527 VVilhelmo
481 1493 522 1526 de
550 1492 745 1538 Egerberch
775 1494 862 1528 fideli
891 1499 922 1528 et
951 1494 1047 1529 nobis
1077 1497 1209 1529 sincere
1238 1495 1368 1530 dilecto.

422 1572 551 1606 (Palae-ky
576 1573 641 1598 uber
666 1573 876 1599 Formelbueher
901 1574 919 1599 1.
946 1574 1090 1609 Liet'erung
1113 1575 1141 1601 S.
1166 1573 1240 1603 358.
1265 1583 1289 1600 n.
1317 1574 1386 1603 100.
1412 1578 1454 1605 c.)

993 1728 1101 1764 363.

114 1802 283 1849 Zeuqm‘ss
311 1804 474 1849 ΒίεΰΙιοῙδἱ
501 1805 638 1839 ,ΙοΙιηηιι
669 1817 730 1840 con
763 1806 893 1840 Olmillz·
923 1806 1005 1841 iiber
1033 1807 1087 1840 (lie
1116 1806 1408 1852 Selealdlosiqlieil
1438 1810 1532 1842 eines
1561 1807 1724 1842 Monelces
1747 1819 1812 1841 con
1833 1807 1971 1842 Sedlec.

775 1880 806 1901 ο.
836 1867 870 1901 J.
901 1880 932 1901 η.
964 1867 1007 1902 Ι).
1041 1867 1308 1902 133»’1-1351.

275 1923 470 1979 «lohannes
500 1944 562 1979 Dei
590 1950 621 1979 et
643 1945 860 1991 Apostolicae
889 1945 978 1979 sedis
998 1949 1107 1990 gratia
1130 1945 1365 1981 Olomuccnsis
1387 1947 1555 1981 ecclesiae
1580 1950 1776 1993 episcopus,
1803 1948 1971 1981 universis

114 2001 233 2038 Christi
267 2004 418 2039 fidelibus
453 2008 679 2052 praesentium
714 2006 958 2052 inspectoribus
993 2009 1158 2041 sinceram
1186 2009 1217 2040 in
1253 2006 1386 2041 domino
1419 2007 1627 2041 charitatem.
1665 2007 1718 2041 Ad
1757 2018 1966 2041 communem

114 2067 258 2098 omnium
294 2065 487 2100 deducimus
522 2070 683 2109 notitiam,
714 2066 800 2112 quod
835 2066 972 2101 dilectus
1008 2067 1103 2101 nobis
1138 2067 1242 2101 frater
1277 2067 1316 2101 ll.
1347 2068 1472 2103 ordinis
1509 2068 1741 2102 Cisterciensis
1776 2071 1968 2102 monasterii

115 2123 337 2170 Sedlicensis,
374 2131 427 2162 vir
462 2131 572 2174 utique
607 2127 728 2161 multae
762 2128 972 2162 discretionis
1009 2132 1039 2161 et
1074 2127 1276 2171 honestatis,
1313 2139 1425 2163 coram
1461 2128 1555 2163 nobis
1591 2128 1742 2162 dolenter
1782 2131 1971 2175 proposuit,

114 2195 152 2220 se
190 2189 279 2219 certa
317 2188 520 2233 quorundam
560 2188 725 2222 santorum
762 2199 896 2223 suorum
931 2192 963 2222 et
995 2191 1176 2223 amicorum
1211 2189 1426 2234 singularium
1461 2190 1622 2223 relatione
1655 2189 1829 2233 didicisse,
1864 2192 1973 2236 ipsum

113 2245 235 2290 linguis
265 2245 388 2282 dolosis
416 2249 621 2295 quorundam
651 2248 905 2292 detrahentium,
934 2259 1001 2283 non
1030 2248 1142 2283 sobrie
1171 2249 1229 2284 sed
1258 2261 1435 2296 perperam
1467 2253 1646 2295 agentium,
1677 2249 1749 2284 sore
1777 2249 1887 2284 abbati
1914 2260 1975 2285 suo

113 2305 201 2340 male
237 2310 423 2353 expositum
461 2315 493 2344 et
531 2313 665 2344 sinistre
694 2309 911 2356 deportatum,
941 2309 1098 2344 videlieet
1126 2313 1157 2343 in
1196 2309 1282 2344 hunc
1315 2310 1462 2349 modum,
1493 2310 1578 2356 quod
1609 2309 1705 2344 nobis
1734 2313 1971 2354 insinuaverit,

115 2366 282 2412 quomodo
317 2367 467 2404 dominus
503 2370 606 2405 abbas
641 2382 718 2405 suus
758 2370 844 2404 bona
881 2373 1071 2404 monasterii
1109 2369 1266 2416 praedicti
1302 2370 1499 2405 distraheret
1537 2375 1569 2404 et
1605 2371 1775 2415 alienaret,
1812 2382 1970 2405 necnon

113 2426 230 2461 eadem
260 2431 366 2462 minus
396 2430 517 2464 utiliter
544 2431 732 2477 dissiparet.
765 2431 844 2464 Cum
875 2433 972 2475 igitur
1009 2432 1127 2475 injuste
1157 2431 1329 2465 diffamatis
1359 2435 1399 2466 sit
1429 2434 1655 2465 excusationis
1693 2431 1856 2466 beneficio
1887 2443 1972 2466 suc-

114 2487 315 2522 curendum.
355 2499 473 2524 omnes
512 2501 550 2524 ac
588 2492 754 2537 singulos.
792 2491 831 2524 ad
870 2502 952 2537 quos
991 2496 1186 2537 praesentes
1224 2495 1458 2538 pervenerint.
1498 2495 1584 2526 scire
1614 2494 1762 2538 cupimus
1793 2497 1823 2526 et
1853 2497 1969 2527 tenore

113 2551 338 2594 praesentium
368 2549 498 2595 publice
527 2552 729 2597 profitemur,
761 2551 846 2598 quod
877 2551 1066 2597 praedictus
1096 2551 1200 2586 frater
1229 2552 1269 2586 ΙΙ.
1299 2564 1466 2598 nunquam
1497 2553 1604 2598 aliqua
1634 2553 1764 2597 talium,
1803 2557 1835 2587 ut
1864 2564 1973 2599 prae—
