2184 2828
1063 131 1137 186 4ῥὸ

182 255 381 287 sanctissimi
410 255 442 286 in
471 251 600 285 Christo
630 253 730 296 patris
759 255 790 284 et
818 250 938 284 domini
969 251 1071 282 nostri
1102 247 1223 282 domini
1253 247 1450 290 Clementis,
1480 248 1590 283 divina
1620 247 1828 294 providentia
1857 258 1950 293 papae
1978 246 2023 280 Vl

183 324 269 347 anno
298 317 414 358 quarto
444 312 559 353 prag-a»
589 314 620 344 in
649 314 739 344 curia
769 309 1046 355 archiepiscopali
1076 308 1237 351 Pragensi
1266 311 1297 341 in
1326 307 1419 341 stuba
1448 311 1564 352 majori
1594 310 1758 343 discretus
1787 313 1818 342 et
1847 309 2022 352 religiosus

182 376 231 406 vir
259 373 361 406 frater
389 372 546 406 Nicolaus
576 370 752 416 presbyter
780 370 1010 404 conventualis
1039 371 1230 402 monasterii
1260 368 1299 402 ad
1330 372 1478 402 sanctam
1508 368 1647 402 Crucem
1685 372 1717 402 in
1746 370 1861 413 majori
1891 371 2024 402 civitate

181 433 339 477 l'rageusi
368 432 492 473 ordinis
522 443 547 465 s.
579 431 757 475 Augustini
787 430 827 463 de
856 431 1056 475 poenitentia
1086 427 1255 462 beatorum
1286 433 1465 474 martyrum
1494 440 1604 462 coram
1626 429 1772 462 discreto
1799 432 1872 462 viro
1893 428 2025 461 domino

182 493 319 527 Alberto
354 492 495 537 plebano
531 491 570 524 de
600 490 720 533 Scetli,
749 490 929 534 Pragensis
959 489 1121 531 diocesis,
1157 500 1197 522 ac
1232 488 1433 523 venerabilis
1465 492 1496 522 in
1535 489 1666 522 Christo
1702 491 1803 534 patris
1840 493 1872 522 et
1905 488 2025 522 domini

180 554 300 587 domini
329 552 491 586 Johannis
521 554 668 597 episcopi
698 550 929 584 Olomucensis
965 548 1139 594 capellano
1172 552 1306 582 nominc
1339 551 1438 594 ipsius
1472 548 1592 582 domini
1626 551 1772 594 episcopi
1809 548 2027 594 personaliter

180 616 376 647 constitutus
406 611 555 645 exhibuit
575 611 650 644 mibi
680 613 810 644 notario
832 610 1042 654 infrascripto
1062 619 1175 642 coram
1198 608 1334 642 testibus
1356 608 1571 654 infrascriptis
1591 608 1754 655 quoddam
1775 611 2025 642 instrumentum

182 673 344 719 publicum
378 684 438 718 per
475 671 702 705 Bernliardum
735 670 900 716 publicum
936 671 1097 703 notarium
1135 668 1276 702 Conradi
1314 669 1477 714 quondam
1520 669 1560 702 de
1598 669 1665 703 Bor
1698 669 1809 702 clerici
1844 668 2025 712 Pragensis

181 734 324 767 diocesis
359 732 547 766 confectum
584 736 615 765 et
650 742 710 765 suo
748 733 845 771 signo
881 733 1113 773 consignatum
1151 729 1210 763 sub
1245 729 1361 773 sigillis
1397 733 1534 775 quatuor
1566 732 1598 762 in
1634 729 1803 774 praestul..
1834 730 2027 773 pergameni

181 792 401 839 pendentibus
436 792 563 826 duobus
600 792 640 825 de
674 790 747 824 alba
782 802 859 824 cera
899 789 1051 833 oblongis
1087 794 1119 823 et
1156 790 1228 823 aliis
1265 789 1392 823 duobus
1427 800 1491 822 uno
1524 789 1564 822 de
1592 789 1673 822 ruffa
1711 793 1744 822 et
1781 789 1845 822 alio
1879 788 1920 821 de
1955 787 2027 821 alba

181 865 259 888 cera
289 853 458 896 rotundis,
501 863 638 898 quorum
675 851 858 896 sigillorum
892 851 994 884 literae
1031 849 1349 883 circumferentiales
1392 853 1486 882 erant
1520 849 1618 883 tales:
1661 848 1696 882 In
1733 851 1838 895 primo
1873 847 2029 882 videlicet

181 915 289 959 sigillo
318 918 414 947 erant
442 913 586 957 sigillum
608 913 744 946 Arnesti
774 911 825 944 dei
854 915 885 944 et
913 911 1103 956 apostolicae
1132 910 1220 944 sedis
1249 913 1355 954 gratia
1385 914 1506 943 sanctae
1528 909 1706 954 pragensis
1736 909 1887 943 ecclesiae
1916 907 2030 942 arehi-

182 977 331 1020 episcopi
367 978 400 1007 et
435 974 498 1007 alio
535 972 641 1005 eidem
679 972 788 1016 sigillo
822 983 838 1004 a
875 975 968 1015 tergo
998 970 1039 1004 de
1067 970 1147 1004 ruffa
1176 981 1254 1004 cera
1290 972 1453 1015 impresso
1490 974 1584 1003 erant
1612 969 1752 1014 sigillum
1782 973 1965 1009 secretum3
1998 971 2030 1001 in

183 1034 332 1069 secundo
365 1044 448 1068 vero
485 1033 593 1077 sigillo
631 1032 905 1066 circumferentiae
941 1031 1024 1064 tales
1062 1035 1157 1064 erant
1187 1030 1409 1064 Si.Hostislai
1444 1030 1483 1064 de
1512 1030 1701 1071 Petrouic23
1736 1032 1767 1063 in
1798 1031 1894 1062 tertio
1923 1028 2031 1073 sigillo

184 1095 267 1129 tales
304 1098 398 1128 erant
434 1093 469 1127 S⁴
499 1093 670 1127 Francisci
708 1092 837 1138 plebani
874 1103 900 1125 s.
939 1091 1102 1125 Leonardi
1131 1095 1164 1125 et
1200 1093 1232 1124 in
1262 1095 1376 1135 quarto
1406 1090 1515 1135 sigillo
1544 1094 1638 1124 erant
1666 1090 1748 1123 tales
1777 1089 1812 1123 S.
1844 1092 2032 1123 conventus

184 1157 377 1189 monasterii
406 1166 432 1188 s.
464 1153 581 1187 Crucis
611 1153 651 1186 de
680 1144 880 1198 poenitentia
910 1151 1081 1185 beatorum
1111 1156 1311 1198 martyrum.
1354 1150 1389 1184 In
1419 1154 1523 1196 primo
1551 1161 1634 1184 vero
1663 1150 1770 1195 sigillo
1798 1152 1910 1194 imago
1939 1150 2032 1195 quasi

185 1218 280 1249 unius
309 1214 555 1260 archiepiscopi
585 1217 616 1247 in
646 1218 763 1247 ornatu
793 1212 969 1258 pontificali
999 1212 1120 1246 sedens
1149 1216 1181 1246 et
1210 1215 1242 1245 in
1272 1222 1369 1245 manu
1397 1214 1529 1245 sinistra
1550 1210 1699 1245 baculum
1720 1215 1839 1244 tenens
1867 1208 2033 1255 pastorale

185 1281 215 1309 et
252 1287 324 1309 cum
360 1286 459 1308 mauu
494 1274 612 1308 dextra
649 1277 741 1319 quasi
776 1273 979 1307 benedicens
1016 1272 1199 1318 apparebat
1241 1276 1273 1306 et
1304 1274 1336 1305 in
1371 1276 1508 1318 utroque
1543 1272 1646 1305 latere
1688 1270 1837 1315 ejusdem
1879 1271 2034 1314 imaginis

186 1337 249 1370 duo
292 1336 388 1381 clipei
426 1339 538 1376 erantg
573 1337 605 1368 in
647 1334 754 1378 sigillo
791 1338 900 1367 autem
942 1332 1049 1366 eidem
1092 1344 1109 1366 a
1152 1338 1247 1377 tergo
1289 1335 1451 1378 impresso
1493 1334 1601 1376 imago
1644 1334 1736 1377 quasi
1780 1331 2035 1365 resurrectionis

186 1397 358 1430 dominicae
386 1395 545 1429 vexillum
575 1399 692 1427 tenens
721 1397 753 1427 in
790 1405 888 1427 manu
917 1398 950 1427 et
979 1393 1040 1427 alia
1071 1396 1181 1437 imago
1210 1397 1286 1426 ante
1313 1396 1418 1439 ipsam
1448 1395 1541 1437 quasi
1569 1391 1665 1425 flexis
1694 1394 1813 1436 genuis
1842 1389 2034 1437 apparebat.

187 1457 222 1490 ln
253 1455 402 1490 secundo
432 1456 542 1500 sigillo
570 1455 696 1500 clipeus
725 1459 757 1488 et
785 1457 815 1487 in
838 1454 955 1487 eodem
985 1457 1079 1498 quasi
1109 1458 1176 1487 tres
1206 1456 1342 1487 ciconiae
1363 1452 1577 1499 apparebant.
1608 1452 1645 1485 In
1673 1454 1768 1485 tertio
1798 1451 1906 1496 sigillo
1926 1454 2036 1495 imago

187 1519 280 1562 quasi
317 1519 414 1550 unius
449 1518 554 1549 sancti
591 1515 719 1548 abbatis
749 1514 868 1548 stabat.
924 1514 958 1547 ln
998 1519 1112 1560 quarto
1149 1514 1257 1559 sigillo
1285 1517 1406 1558 imago,
1436 1516 1530 1559 quasi
1558 1512 1663 1546 beatae
1691 1511 1824 1554 Mariae,
1854 1511 1976 1546 sedens
2005 1515 2037 1545 et

188 1588 285 1611 unum
312 1587 449 1622 puerum
485 1580 603 1609 teneus
638 1578 746 1609 visum
781 1579 812 1608 et
847 1579 922 1608 ante
958 1585 1031 1608 eam
1067 1577 1233 1618 imagines
1269 1577 1359 1619 quasi
1394 1576 1486 1607 trium
1515 1584 1631 1617 regum
1660 1583 1771 1617 genua
1801 1571 1977 1605 flectentes
2005 1575 2039 1605 et

188 1640 283 1682 quasi
312 1648 448 1670 munera
478 1636 656 1669 offerentes
685 1641 716 1669 et
746 1646 810 1669 una
840 1635 932 1668 stella
965 1646 1066 1680 super
1093 1646 1152 1668 eos
1182 1634 1381 1680 apparebatg
1410 1633 1529 1667 Peleus
1568 1644 1640 1666 eam
1670 1644 1729 1678 per
1758 1643 1810 1666 me
1838 1636 1870 1666 in
1898 1632 2037 1666 formam

190 1697 353 1743 publicam
387 1699 564 1730 transsumi
604 1701 635 1729 et
670 1695 875 1729 transscribi.
933 1695 1047 1728 Teuor
1079 1706 1163 1728 vero
1199 1695 1347 1739 ejusdem
1386 1696 1592 1727 instrumenti
1622 1704 1681 1738 per
1709 1696 1816 1726 omnia
1847 1696 1917 1726 erat
1944 1692 2038 1726 talis:

190 1758 226 1792 ln
255 1759 379 1791 nomini
414 1757 536 1790 domiui
565 1758 686 1790 Amen.
730 1755 799 1790 Nos
834 1756 1019 1789 Hostislaus
1049 1755 1165 1789 doctor
1193 1755 1417 1795 decretorum,
1447 1756 1627 1786 canonicus
1658 1753 1837 1797 Pragensis
1867 1757 1899 1785 et
1925 1751 2038 1785 Fran—

189 1821 300 1852 eiscus
341 1817 501 1863 plebanus
543 1818 695 1850 eeclesiae
731 1820 839 1850 sancti
873 1816 1037 1850 Leonardi
1072 1819 1104 1849 iu
1143 1815 1261 1859 llIaJori
1303 1818 1437 1848 civitate
1472 1814 1630 1858 Pragensi
1672 1813 1784 1846 arbitri
1822 1811 2038 1846 arbitratores

189 1890 249 1912 seu
287 1877 481 1911 amicabiles
514 1880 754 1922 compositores
792 1877 890 1910 electi
927 1879 1146 1910 communiter
1182 1875 1241 1909 sub
1277 1886 1384 1921 poena
1422 1874 1636 1907 ducentarum
1673 1883 1923 1917 sexagenarum
1951 1882 2039 1917 gro-

192 1950 322 1973 ssorum
359 1938 569 1972 denariorum
604 1938 821 1981 Pragensium
856 1949 873 1970 a
912 1936 1097 1971 venerabili
1130 1939 1162 1970 iu
1199 1936 1328 1969 Christo
1363 1939 1455 1980 patre
1491 1938 1522 1967 et
1557 1934 1688 1967 domino
1726 1933 1858 1967 domino
1885 1932 2040 1966 Johanne

192 2002 351 2044 episcopo
388 1997 603 2032 Olomueensi
642 2003 827 2031 executore
862 1999 980 2031 ultimae
1010 1997 1188 2030 voluntatis
1224 2007 1284 2030 seu
1328 1997 1516 2029 testamenti
1556 1994 1718 2039 quondam
1756 1993 1878 2026 domini
1911 1992 2040 2026 Nicolai

192 2060 268 2093 dieti
298 2058 535 2104 Rokyczaner„
566 2061 650 2091 civis
681 2058 860 2102 Pragensis
891 2063 983 2104 parte
1012 2069 1056 2091 ex
1087 2069 1149 2091 uua
1179 2061 1211 2091 et
1239 2057 1416 2101 religiosos
1449 2058 1539 2088 viros
1576 2054 1734 2087 videlicet
1762 2052 1900 2087 fratrem
1928 2053 2040 2087 Adal-

194 2120 322 2154 bertum
352 2123 519 2154 seniorem
550 2130 682 2152 necnon
711 2124 914 2153 conventum
943 2121 1134 2152 monasterii
1164 2129 1190 2152 s.
1213 2117 1328 2151 Crucis
1358 2115 1480 2150 ordinis
1509 2126 1535 2149 s.
1558 2115 1737 2158 Augustini
1768 2114 1808 2147 de
1836 2116 2039 2159 poenitentia

196 2181 365 2214 beatorum
396 2184 575 2225 martyrum
606 2183 637 2212 in
667 2181 783 2223 majori
813 2183 948 2213 civitate
975 2179 1137 2222 Pragensi
1165 2182 1259 2223 parte
1288 2188 1330 2210 ex
1359 2177 1461 2210 altera
1491 2186 1591 2220 super
1619 2174 1819 2219 praejudicioq
1850 2173 1935 2219 quod
1965 2173 2041 2207 dicti

195 2241 313 2274 fratres
343 2245 497 2279 asserunt
526 2251 593 2273 suae
623 2240 774 2273 ecelesia*
804 2239 912 2273 futuro
941 2251 985 2273 ex
1014 2239 1206 2272 fundatione
1227 2240 1304 2271 novi
1325 2238 1513 2270 monasterii
1544 2235 1733 2268 monialium
1761 2234 1845 2268 infra
1874 2233 2041 2280 parochiae

197 2312 263 2334 suae
293 2300 437 2346 pra=fata=
467 2312 492 2334 s.
524 2300 640 2333 Crucis
670 2301 786 2333 limites
811 2302 907 2344 juxta
939 2300 1141 2333 voluntatem
1171 2304 1203 2332 et
1232 2297 1469 2331 ordinationem
1509 2295 1652 2341 praedicti
1688 2298 1855 2329 testatoris
1884 2298 1981 2340 prout
2008 2296 2040 2327 in

198 2363 415 2394 instrumento
452 2363 681 2406 compromissi
722 2361 851 2406 publico
881 2372 982 2406 super
1011 2359 1072 2393 boc
1102 2359 1256 2393 confecto
1284 2357 1412 2403 plenius
1442 2358 1638 2389 continetur.
1695 2355 1764 2389 Nos
1799 2366 1929 2401 quoque
1966 2353 2041 2387 Ho-

198 2420 330 2453 stislaus
353 2426 384 2454 et
404 2420 605 2454 Franciscus
636 2420 749 2454 arbitri
779 2420 996 2454 arbitratores
1023 2431 1083 2453 seu
1104 2419 1294 2453 amicabiles
1314 2418 1554 2462 compositores
1574 2415 1753 2461 supradicti
1774 2415 1882 2449 habito
1904 2418 2043 2448 tractatu

199 2480 356 2521 diligendi
387 2485 631 2515 communicato
652 2485 749 2514 eliam
771 2482 909 2515 consilio
939 2483 1123 2526 sapientum
1152 2491 1189 2513 re
1218 2482 1286 2525 ipsa
1318 2481 1349 2510 et
1378 2477 1463 2513 loco„
1494 2478 1524 2508 in
1555 2487 1618 2521 quo
1639 2479 1723 2520 erigi
1744 2475 1841 2509 debet
1860 2479 1891 2508 et
1910 2473 2042 2508 debebit

200 2543 434 2573 monasterium
465 2541 624 2582 futurum„
661 2541 836 2585 diligenter
874 2544 954 2574 visis
983 2545 1015 2574 et
1043 2542 1227 2586 perspectis
1263 2548 1321 2584 pro
1349 2537 1435 2570 hono
1470 2539 1561 2582 pacis
1590 2541 1621 2569 et
1650 2536 1837 2570 eoncordiae
1866 2539 1898 2569 et
1926 2539 1961 2568 ut
1988 2537 2040 2580 pia

201 2601 352 2634 voluntas
382 2600 527 2634 defuncti
556 2602 739 2647 impleatur.
770 2607 802 2635 et
829 2603 974 2635 ecclesia
1003 2601 1117 2634 eadem
1139 2597 1354 2645 parrochialis
1383 2596 1566 2642 indempnis
1588 2600 1616 2630 iu
1635 2596 1764 2641 juribus
1794 2598 1860 2630 suis
1889 2599 2044 2629 servetur
