2184 2828
1064 191 1090 193 Ϋ
1101 137 1174 172 534

369 254 441 291 Etsi
460 255 618 290 nonnulle
637 257 702 290 sint
730 255 836 301 culpe,
865 258 897 289 in
925 254 1042 300 quibus
1071 258 1120 288 est
1147 254 1241 300 culpa
1262 255 1418 289 relaxare
1436 255 1626 300 vindictam,
1654 256 1738 291 illius
1778 261 1885 290 tamen
1908 259 1938 290 in
1960 258 2055 290 terris

215 316 292 349 licet
326 318 477 350 immeriti
512 315 637 349 Vicarii
666 318 853 359 constituti,
891 319 943 360 qni
979 314 1146 360 parcendo
1182 317 1325 349 maxime
1362 326 1402 349 ac
1431 317 1619 351 miserando
1655 328 1747 351 suam
1783 320 2052 362 omnipotentiam

215 376 414 420 manifestat,
444 379 476 410 in
505 378 633 410 cunctis
662 378 782 410 nostris
810 375 937 410 actibus
966 375 1107 408 libenter
1135 376 1394 409 misericordiam
1417 376 1655 422 amplexamur.
1685 377 1726 411 Et
1754 381 1787 411 ut
1816 376 2051 411 misericordes

215 448 233 470 a
270 437 412 471 Domino
447 436 708 470 misericordiam
744 447 1007 481 consequamur,
1041 435 1126 468 illam
1165 438 1196 468 in
1226 446 1284 469 eos
1312 439 1503 481 presertim,
1539 440 1591 482 qui
1620 448 1697 471 suas
1726 438 1839 482 culpas
1869 436 2053 470 huiusmodi

214 497 379 531 humiliter
407 501 667 540 recognoscunt,
697 508 900 541 quorumque
920 499 1017 529 ctiam
1039 495 1155 528 delicta
1186 498 1512 530 circumstanciarnm
1543 497 1701 530 libramen
1723 497 1856 530 alleviat
1876 497 2052 540 benignius

214 568 428 591 exercemus.
458 556 587 590 Pridem
618 559 645 591 si
673 557 804 602 quidem
834 568 893 602 pro
922 560 1014 601 purte
1042 554 1169 589 Nobilis
1198 554 1267 588 Viri
1298 556 1453 590 Smilonis
1482 556 1522 590 de
1543 557 1698 591 Wetovia
1720 557 1831 590 Militis
1853 558 2050 590 Olomucen.

212 617 379 658 Diocesis,
409 616 503 650 nobis
523 619 679 662 exposito
708 617 794 661 quod
823 617 897 650 oliui
928 616 1033 649 dictus
1054 615 1156 649 Smilo
1186 621 1320 661 propter
1340 616 1478 661 quedam
1507 619 1663 651 iniuriosa
1687 617 1788 650 verba
1810 628 1868 662 per
1887 617 2052 662 quondam

212 677 385 711 Woslauin
415 677 593 710 Rectorem
622 677 821 722 parochialis
859 677 1001 709 ecclesie
1031 678 1061 709 in
1091 676 1275 709 Jermericz
1302 676 1430 722 prefate
1459 677 1619 717 diocesis,
1649 681 1679 711 in
1710 680 1887 710 maximam
1916 677 2052 711 detrac-

212 741 334 770 tionen]
364 737 499 771 lionoris
529 741 560 770 et
589 736 676 770 fame
705 737 814 770 militis
843 736 989 769 eiusdem
1020 736 1158 782 prolata,
1189 748 1251 781 que
1280 736 1374 769 nobis
1401 742 1555 771 oretenus
1576 748 1738 783 expressa
1760 737 1902 782 suerunt,
1931 736 2052 770 furoris

211 809 387 840 accensus,
418 800 515 831 immo
544 796 705 830 diabolico
736 800 842 842 potins
873 800 987 842 spiritu
1019 800 1209 840 instigatus,
1246 808 1318 830 cum
1348 797 1541 843 quibusdam
1569 801 1636 831 suis
1666 797 1880 843 complicibus
1910 797 2052 830 eundem

210 858 388 892 Woslanm
423 869 489 891 non
523 857 648 901 absque
679 868 831 890 manuum
870 860 1068 899 iniectione,
1104 857 1165 890 Dei
1195 859 1310 890 timore
1340 860 1538 902 postposito,
1574 862 1699 891 temere
1729 858 1874 891 violenta
1903 862 2050 902 ceperat,

209 929 350 963 eumque
379 921 409 951 in
440 929 504 950 11110
533 929 634 951 sacco
664 921 831 962 posuerat,
862 922 893 950 et
921 920 969 951 sic
998 920 1029 950 in
1058 920 1130 962 ipso
1160 928 1260 951 sacco
1289 917 1448 951 inclusum
1479 922 1509 951 01
1529 918 1673 962 ligatum,
1704 921 1735 951 in
1757 918 1890 951 {lumine
1909 917 2051 963 quodam

209 978 443 1019 submerserat,
475 982 609 1023 propter
636 978 722 1023 quod
753 977 837 1011 idem
860 977 1020 1011 Wosiaus
1049 981 1157 1011 extitit
1185 978 1376 1021 suffocatus,
1406 990 1445 1011 ac
1474 990 1532 1024 pro
1553 982 1698 1024 ipsorum
1720 978 1875 1011 Smilonis
1896 982 1928 1012 et
1953 988 2051 1011 com-

208 1038 327 1084 plicum
357 1043 450 1084 parte
479 1038 573 1071 nobis
602 1038 768 1084 humiliter
796 1038 980 1083 supplicato
1010 1043 1044 1071 ut
1072 1050 1145 1072 cum
1175 1041 1256 1084 ipsis
1284 1050 1383 1083 super
1411 1038 1471 1072 biis
1500 1039 1757 1073 misericorditer
1791 1049 1894 1083 agere
1923 1038 2048 1082 digna-

209 1110 329 1133 remur.
360 1098 429 1132 Nos
458 1097 645 1132 venerabili
674 1098 765 1132 fratri
795 1103 927 1132 nostro.
947 1098 1132 1144 ,Episcopo
1162 1098 1356 1132 Olonincen.
1378 1099 1461 1144 quod
1484 1099 1617 1133 eosdem
1647 1100 1779 1132 militem
1808 1103 1839 1132 et
1868 1100 2048 1144 complices

208 1159 248 1192 ab
270 1161 624 1192 excommunicationis
645 1161 821 1201 sententia,
852 1170 948 1203 qnam
978 1164 1114 1204 propter
1135 1162 1296 1205 premissa
1318 1163 1533 1199 incurrerant,
1564 1171 1581 1193 a
1603 1164 1693 1193 reatu
1716 1159 1861 1193 eiusdem
1882 1159 2049 1193 homicidii

208 1219 268 1252 sub
297 1222 396 1252 certis
426 1218 531 1253 forma
560 1223 591 1252 et
611 1219 715 1253 modis
745 1224 777 1252 et
796 1219 1038 1253 emiditionibus
1063 1219 1255 1254 absolveret
1274 1231 1332 1265 per
1352 1225 1483 1254 nostras
1504 1223 1583 1253 certi
1605 1223 1727 1253 tenoris
1748 1220 1873 1253 litteras
1894 1219 2049 1253 duximus

208 1279 488 1313 coinmitteiuluin.
518 1279 664 1313 Attentis
693 1283 803 1325 itaque
832 1279 950 1325 prefati
971 1280 1079 1314 militis
1099 1283 1265 1314 incentiva
1287 1292 1386 1314 cansa
1408 1280 1539 1321 furoris,
1569 1274 1685 1325 suique
1704 1280 1880 1313 Nobilitate
1900 1283 2048 1324 generis,

207 1344 240 1373 01
273 1340 367 1385 culpa
403 1342 597 1382 summersi,
626 1339 697 1373 Nos
728 1340 900 1373 Gai-issimi
928 1343 960 1374 in
991 1340 1120 1374 Christo
1150 1340 1205 1374 sun
1234 1344 1338 1375 nostri
1368 1340 1474 1374 Caroli
1509 1341 1613 1384 Regis
1647 1341 1872 1373 Romanorum
1907 1340 2049 1374 1111151115

206 1411 265 1445 pro
301 1403 372 1445 ipso
411 1400 510 1433 milite
545 1400 683 1446 speciali
720 1405 751 1433 et
786 1400 905 1434 dilecto
944 1399 1140 1434 Consiliario
1176 1412 1236 1435 suo
1265 1401 1361 1435 nobis
1390 1405 1421 1435 in
1455 1401 1517 1435 bac
1545 1406 1637 1446 parte
1667 1401 1857 1445 frequenter
1885 1400 2050 1434 humiliter

206 1460 439 1505 supplicantis,
475 1472 547 1494 cum
586 1461 703 1494 eodem
743 1461 842 1494 milite
879 1461 1034 1496 volentes
1072 1464 1181 1495 mitius
1216 1472 1318 1505 agere
1352 1473 1446 1506 quam
1482 1461 1588 1495 littere
1623 1465 1813 1494 contineant
1848 1461 2048 1506 supradicte,

205 1523 350 1566 ipsorum
379 1521 484 1564 Regis
512 1525 544 1554 et
572 1521 682 1554 mititis
712 1521 1006 1566 supplicationibus
1036 1522 1182 1555 inclinati
1212 1521 1409 1556 fraternitati
1439 1526 1503 1557 tue.
1534 1521 1573 1554 de
1603 1533 1664 1566 qua
1695 1522 1825 1567 plenam
1854 1524 1885 1555 in
1906 1521 2049 1555 Domino

206 1580 359 1614 fiduciam
391 1580 597 1623 obtinemus,
632 1592 692 1627 per
730 1582 911 1627 apostolica
948 1584 1070 1628 scripta
1106 1585 1338 1616 committimus
1374 1587 1405 1615 et
1437 1582 1647 1619 mandamns,
1685 1585 1839 1627 quatinus
1869 1584 1896 1616 si
1926 1586 1977 1616 est
2005 1584 2049 1615 ita

204 1640 368 1686 prefatum
398 1641 533 1674 militem
562 1652 579 1674 a
609 1645 702 1674 reatu
731 1641 878 1686 predicto
907 1653 971 1675 nec
1000 1653 1065 1676 non
1087 1642 1126 1676 ab
1147 1645 1501 1676 excomnninicationis
1531 1647 1563 1675 et
1592 1642 1662 1675 aliis
1683 1642 1943 1687 quibuscumque
1963 1653 2048 1676 sen-

205 1703 314 1734 tentiis
342 1705 374 1734 et
402 1704 513 1746 penis,
543 1712 623 1747 quas
659 1706 795 1747 propter
828 1701 890 1735 1100
919 1707 983 1735 tam
1013 1702 1053 1736 de
1089 1705 1161 1736 iure
1197 1714 1293 1747 quam
1322 1705 1441 1747 vigore
1474 1713 1752 1747 quarumcumque
1792 1703 2047 1748 provincialium

205 1771 263 1794 seu
293 1760 512 1806 Synodalium
542 1762 596 1795 vel
625 1762 762 1795 aliarum
793 1762 1065 1796 Constitutionuin
1086 1765 1233 1805 incurrit,
1263 1767 1458 1797 auctoritate
1486 1767 1600 1796 nostra
1625 1766 1715 1796 iuxta
1737 1764 1884 1797 ecclesie
1904 1762 2045 1796 formam

205 1821 376 1864 absolvas,
407 1832 445 1855 ac
473 1824 575 1867 ipsius
604 1822 688 1855 filios
709 1822 851 1856 heredes
881 1827 912 1856 et
940 1834 1156 1857 successores
1177 1835 1195 1857 a
1215 1823 1475 1869 quibuscumque
1504 1826 1677 1856 sententiis
1699 1828 1796 1868 atque
1816 1826 1910 1869 penis
1931 1822 2048 1868 quibus

204 1885 340 1927 propter
375 1884 539 1926 premissa
577 1881 617 1915 de
645 1885 716 1916 iure
745 1883 798 1916 vel
828 1894 887 1929 per
915 1887 1167 1917 constitutiones
1205 1884 1338 1918 easdem
1368 1883 1609 1930 quomodolibet
1639 1883 1850 1917 subiacerent
1878 1882 2048 1917 absolutos

205 1946 236 1975 et
274 1941 315 1975 ad
351 1941 546 1986 dignitates,
579 1947 794 1987 personatus„
831 1943 940 1977 officia
979 1948 1011 1977 et
1046 1956 1252 1990 quecumque
1296 1945 1358 1978 alia
1399 1943 1560 1978 beneficia
1603 1944 1832 1977 ecclesiastica
1868 1943 2048 1977 obtinenda

205 2003 372 2047 habilites,
408 2015 447 2038 ac
476 2004 609 2038 militem
638 2004 780 2039 heredes
810 2010 842 2039 et
871 2017 1090 2040 successores
1120 2005 1285 2050 predictos
1322 2004 1362 2038 ad
1396 2007 1445 2038 ius
1473 2008 1679 2049 patronatus,
1718 2004 1803 2050 qnod
1839 2004 1927 2037 idem
1955 2003 2049 2037 miles

204 2067 236 2098 in
274 2064 391 2098 eadem
430 2064 575 2099 ecclesia
611 2069 644 2098 ut
678 2069 799 2099 asserit
837 2071 986 2112 tempore
1019 2069 1138 2112 patrati
1173 2065 1329 2099 facinoris
1367 2064 1553 2106 obtinebat,
1592 2075 1655 2097 1100
1687 2076 1753 2098 11011
1788 2064 1828 2098 ad
1863 2064 1983 2098 famam
2019 2068 2051 2098 et

205 2124 369 2169 quoslibet
403 2124 548 2159 honores
583 2129 617 2158 et
652 2130 745 2159 actus
774 2126 955 2171 legitimos,
985 2131 1048 2160 tam
1078 2126 1326 2160 ecclesiasticos
1355 2136 1449 2171 quam
1479 2124 1661 2158 mundanos
1690 2127 1862 2167 restituas,
1891 2124 2049 2170 predictis

205 2190 237 2218 et
265 2185 457 2231 apostolicis
479 2184 773 2220 Constitutionibus
802 2197 867 2220 non
897 2186 1102 2221 obstantibus
1131 2186 1404 2232 quibuscumque,
1432 2184 1592 2218 mandans
1621 2185 1728 2218 eidem
1749 2185 1838 2218 militi
1858 2184 1918 2219 sub
1939 2184 2050 2218 debito

204 2248 330 2290 prestiti
364 2248 558 2288 iuramenti,
594 2245 678 2291 quod
719 2246 758 2279 de
791 2252 905 2280 cetero
942 2250 972 2280 in
1008 2257 1170 2292 personas
1207 2246 1453 2280 ecclesiasticas
1491 2244 1566 2277 talia
1594 2256 1660 2278 non
1689 2248 1886 2288 committat,
1922 2255 1961 2279 ac
1989 2254 2050 2290 pro

207 2307 386 2350 penitentia
407 2308 584 2350 iniungens
612 2306 730 2349 eidem,
761 2307 847 2352 qnod
876 2307 961 2341 infra
991 2307 1071 2340 duos
1101 2318 1207 2340 annos
1237 2318 1254 2340 a
1275 2306 1338 2339 dat.
1369 2307 1569 2351 presentium
1598 2305 1837 2350 computandos
1866 2307 1898 2339 in
1927 2304 2050 2339 suffra-

205 2368 295 2408 gium
324 2368 433 2399 anime
462 2366 537 2399 dicti
565 2366 732 2409 Rectoris,
763 2378 965 2412 suorumque
986 2371 1157 2413 parentum
1188 2366 1317 2400 edificet
1344 2369 1375 2399 in
1407 2365 1480 2398 leco
1506 2364 1560 2398 ubi
1580 2365 1741 2410 prefatum
1772 2365 1925 2399 delictum
1953 2376 2047 2398 com-

205 2427 291 2458 misit
310 2436 407 2459 unam
428 2431 621 2471 perpetuam
642 2425 887 2472 Cappellaniam
918 2438 1056 2473 eamque
1086 2427 1174 2461 dotet
1195 2429 1312 2461 annuis
1341 2424 1523 2459 redditibus
1544 2425 1658 2458 decem
1678 2425 1890 2459 Mai-charum
1919 2428 2048 2470 argenti

206 2489 238 2517 et
266 2485 352 2530 quod
380 2497 439 2530 per
459 2486 676 2532 Septennium
698 2498 715 2520 a
737 2488 891 2521 mandato
912 2487 1096 2521 huiusmodi
1117 2486 1381 2533 computandum,
1411 2484 1562 2518 omnibus
1583 2489 1687 2519 sextis
1709 2486 1799 2520 feriis
1827 2489 1859 2519 in
1880 2487 2050 2519 communi

205 2543 292 2587 cibo,
323 2549 355 2578 et
383 2548 415 2578 in
443 2547 564 2590 vigiliis
592 2547 690 2581 beate
718 2546 823 2581 Mai-ie
852 2550 884 2581 in
912 2558 998 2593 pane
1026 2552 1058 2581 01
1085 2550 1164 2581 vino
1193 2547 1362 2581 dumtaxat
1389 2548 1514 2578 ieiunet
1544 2557 1583 2579 ac
1612 2549 1638 2580 si
1667 2549 1815 2580 ieiunare
1843 2556 1909 2580 non
1937 2549 2051 2591 posset

206 2605 260 2639 vet
288 2604 388 2638 nollet
416 2607 553 2650 singulis
582 2607 698 2642 diebus
727 2607 922 2651 huiusmodi,
952 2607 1069 2653 quibus
1097 2611 1246 2642 ieiunare
1273 2617 1339 2641 non
1367 2609 1486 2651 poterit
1512 2608 1585 2640 sive
1604 2607 1759 2649 noluerit,
1790 2611 1855 2641 tres
1883 2616 2050 2652 pauperes
