2184 2828
1070 106 1142 140 775

176 225 366 260 XVolframo
396 225 436 259 de
465 225 587 267 Zlatin,
618 225 772 261 Sborone
801 224 1034 271 subdaptsero,
1064 223 1254 258 Laurencio
1283 223 1526 270 submarsalcQ
1555 226 1766 261 Theoderico
1796 229 1837 262 de
1866 228 2039 273 Kniczicz,

178 286 330 321 Odoleno
351 287 524 332 Auspecz3
544 285 746 321 WVolss'ranio
775 286 964 329 czaudariQ
986 285 1173 329 Czustrago
1202 283 1243 318 de
1264 283 1444 329 Cziemich‚
1467 284 1620 322 Stohone
1649 287 1690 322 de
1710 287 1876 323 Heraltcz.
1899 290 2040 324 Cimone

175 348 218 381 de
246 346 370 381 Raezis
399 351 431 380 et
460 347 514 381 alii
544 358 640 393 quam
670 347 784 394 plnres
812 346 1044 381 interfuerunt.

485 425 575 459 (Nat-h
593 427 668 452 einer
691 426 831 452 einsachen
850 426 988 453 Abschrin
1012 427 1045 451 im
1063 425 1174 451 Selauer
1190 425 1392 460 Abteiarrhive,
1410 426 1569 460 mitgetheilt
1593 435 1645 454 von
1663 428 1723 454 dem
1746 428 1870 463 dortigen
1890 430 2040 456 Arrhivare

588 478 614 505 P.
641 478 673 505 V.
699 478 848 511 Bezdeka.)

1062 597 1164 634 143.

174 677 325 723 Koniqz'n
345 677 559 722 Kuniqmzde,
589 677 642 710 als
670 677 766 711 Fran
794 677 853 711 des
886 677 1022 710 Laudes
1056 676 1228 721 Tmppau,
1258 675 1425 722 besliitiyt
1453 678 1529 711 eine
1557 679 1599 711 im
1627 678 1736 714 Jalere
1768 681 1867 715 1259
1894 694 1958 716 *con
1988 683 2034 717 Is.

397 737 531 772 Otalear
559 737 607 772 II.
637 738 698 772 der
725 737 857 772 Kirclee
884 750 926 772 zu
955 736 1169 771 Leobsclmitz
1196 737 1392 772 cerlielzene
1425 737 1585 772 Urltunde
1614 751 1663 773 ee.
1695 741 1806 776 1279.

327 813 418 868 Nos
440 833 500 868 Ch.
530 838 595 868 etc.
625 839 657 868 et
686 833 817 868 domina
846 838 956 868 terrae
986 832 1203 880 Opaviensis,
1224 835 1393 869 universis
1422 837 1512 869 scire
1539 846 1600 881 per
1627 842 1837 883 praesentes,
1859 839 1943 884 (sic)
1971 851 2033 875 nos

173 894 299 930 vidisse
327 895 490 940 sigillatas
519 897 552 928 in
580 895 668 929 nulla
698 899 791 941 parte
820 897 955 929 vitiatas
984 894 1098 928 literas
1128 897 1162 928 in
1190 894 1273 929 haec
1301 895 1424 930 verba:

328 954 398 990 Nos
428 955 615 990 Othacarus
644 959 698 1002 qui
727 961 759 989 et
787 955 944 999 premizl,
974 955 1025 989 dei
1064 958 1172 1000 gratia
1200 955 1353 991 dominus
1382 959 1478 1002 regni
1508 956 1685 1004 Boemiae7
1715 959 1782 994 dux
1810 961 1969 996 Austriae
1998 967 2032 997 et

171 1015 322 1051 marchio
354 1015 539 1060 Hormiae,
569 1019 656 1051 scire
685 1017 839 1051 volumus
867 1020 1064 1061 universos,
1095 1016 1180 1063 quod
1210 1028 1272 1052 nos
1300 1022 1440 1064 accepta
1469 1018 1647 1053 sufficienti
1676 1023 1832 1055 cautione
1869 1027 1902 1056 et
1932 1026 2031 1058 testi-

171 1079 284 1112 monio
312 1077 454 1112 honesto
482 1089 583 1124 super
611 1089 663 1121 eo,
693 1077 780 1124 quod
809 1077 936 1112 decima
966 1077 1116 1111 decimae
1143 1082 1279 1112 nostrae
1308 1078 1430 1113 telonei
1459 1084 1491 1113 et
1519 1091 1642 1114 census
1672 1081 1839 1116 ecclesiae
1867 1086 1900 1117 in
1920 1083 2031 1130 Hlup—

171 1138 245 1173 cich
273 1141 409 1173 attineat
441 1149 485 1172 ex
520 1138 631 1173 debito
669 1143 701 1172 et
733 1138 774 1172 de
804 1140 898 1183 jure,
933 1141 1041 1185 ipsam
1076 1138 1237 1173 decimam
1273 1139 1392 1174 dilecto
1428 1139 1523 1175 nobis
1558 1142 1744 1188 cappelano
1780 1143 1868 1190 .E1y.
1898 1149 1931 1179 et
1959 1149 2029 1180 suis

171 1198 427 1234 successoribus
455 1198 701 1234 confirmamus.
755 1199 794 1234 In
821 1201 916 1244 cujus
944 1203 993 1234 rei
1022 1202 1246 1235 testimonium
1275 1200 1337 1236 sibi
1366 1205 1398 1235 et
1426 1202 1594 1237 ecclesiae
1623 1214 1705 1237 suae
1732 1208 1965 1252 praescriptae
1993 1211 2027 1241 et

169 1263 240 1295 suis
267 1260 521 1295 successoribus
550 1271 712 1306 praesens
741 1263 993 1295 instrumentum
1023 1261 1093 1295 dari
1123 1261 1372 1306 mandavimus,
1407 1273 1482 1296 cum
1515 1263 1701 1298 subnotatis
1736 1265 1898 1309 testibus,
1928 1267 2026 1312 sigilli

168 1323 274 1356 nostri
303 1323 483 1356 munimine
524 1321 727 1356 roboratum.
781 1321 918 1356 Testes:
948 1322 1114 1357 Benesius
1143 1326 1346 1358 camerarius
1375 1328 1503 1368 noster,
1532 1323 1644 1359 Milota
1674 1324 1777 1360 frater
1806 1328 1890 1371 ejus,
1920 1327 2027 1362 frater

169 1381 312 1426 Paulus,
350 1381 453 1416 frater
480 1381 693 1416 Hermannus
731 1387 763 1416 et
797 1383 851 1416 alii
880 1394 976 1429 quam
1007 1383 1130 1428 plures.
1178 1384 1300 1418 Actum
1329 1389 1362 1418 et
1389 1384 1499 1419 datum
1537 1387 1569 1419 in
1605 1385 1749 1432 Znoym,
1779 1388 1858 1433 (per
1890 1389 2026 1433 manus]

166 1445 471 1489 protonotariorum
504 1448 693 1478 nostrorum
728 1443 869 1478 Arnoldi
905 1448 937 1477 et
974 1443 1075 1478 L'lrici
1118 1447 1375 1490 magistrorum,
1413 1457 1443 1481 a.
1474 1445 1504 1480 d.
1535 1445 1586 1480 MO
1616 1446 1686 1481 CC0
1714 1447 1818 1492 L1X0‚
1847 1448 1930 1483 ΧΨ)
1958 1449 2026 1485 kal.

167 1503 376 1539 Decembris.

323 1564 404 1599 Cum
440 1567 554 1611 itaque
588 1569 802 1611 praenotatus
841 1565 993 1600 dominns
1031 1571 1147 1601 noster
1191 1571 1224 1600 et
1260 1569 1396 1602 maritus
1429 1570 1622 1604 carissimus
1660 1569 1910 1606 honorabilibus
1940 1574 2023 1606 viris

166 1628 324 1671 magistro
359 1631 391 1660 et
426 1625 584 1660 fratribus
613 1626 787 1672 hospitalis
817 1626 851 1661 S.
882 1626 1045 1661 Johannis
1080 1627 1199 1671 thm„
1229 1627 1270 1662 de
1298 1633 1388 1663 certa
1421 1632 1628 1664 conscientia
1659 1635 1691 1664 et
1719 1631 1859 1665 consilio
1896 1637 2023 1676 nostro,

160 1688 216 1731 jus
243 1691 437 1734 patronatus
465 1690 691 1734 praescriptae
726 1688 896 1722 ecclesiae
921 1689 1013 1732 juste
1041 1693 1073 1722 et
1103 1687 1342 1723 rationabiliter
1370 1690 1546 1725 contulerit
1574 1695 1734 1737 perpetuo
1766 1692 2025 1737 possidendum:

162 1758 225 1782 nos
252 1747 438 1794 praefatam
467 1748 629 1782 decimam
659 1748 811 1782 decimae
839 1748 984 1794 frugum,
1007 1748 1169 1783 decimam
1197 1752 1415 1796 septimanam
1444 1754 1476 1785 in
1505 1751 1649 1795 teloneo,
1671 1756 1703 1786 et
1732 1755 1829 1786 etiam
1859 1753 2021 1788 decimam

164 1819 287 1843 census
315 1812 422 1844 nostri
450 1811 482 1843 in
518 1809 702 1856 praelibata
737 1812 871 1844 civitate
907 1809 1091 1855 Hlupcicb‚
1125 1809 1284 1856 praefatis
1323 1810 1479 1847 fratribus
1516 1812 1763 1857 confirmamus,
1794 1813 1909 1848 dantes
1938 1817 2021 1861 ipsis

163 1874 362 1915 praesentes
392 1870 516 1914 literas,
546 1870 644 1916 sigilli
673 1874 778 1905 nostri
807 1870 928 1905 robore
957 1870 1172 1905 confirmatas
1202 1871 1313 1916 (80⁰).

471 1959 600 1992 (Palacky
625 1959 691 1985 uber
715 1959 924 1985 FormeHmrher
949 1958 967 1984 Ι.
992 1958 1137 1993 tieserung
1161 1960 1188 1985 S
1216 1958 1275 1986 313
1301 1968 1326 1986 n.
1355 1959 1440 1994 102.)

1044 2105 1146 2141 144.

317 2154 712 2211 Schiedsrichierticher
734 2175 881 2220 Vertrag
910 2174 1083 2209 zwischen
1113 2175 1186 2209 dem
1206 2174 1378 2210 Hosseiner
1405 2176 1540 2213 Psarrer
1558 2176 1666 2212 Jakob
1695 2176 1760 2211 und
1789 2177 1863 2212 dem
1882 2177 2017 2225 Biirger

158 2245 227 2269 von
259 2234 347 2277 Laa,
381 2234 551 2271 Friedrich
590 2237 719 2281 Mauer,
754 2248 876 2282 wegen
913 2236 971 2270 des
1011 2235 1229 2270 bestrittenen
1258 2236 1392 2272 Theiles
1427 2238 1487 2273 des
1521 2237 1723 2285 psarrlichen
1757 2237 1902 2274 Zehents
1945 2251 2014 2275 von

158 2302 284 2342 grtiner
311 2295 438 2331 Waare
466 2298 523 2332 auf
547 2298 611 2333 den
641 2298 798 2333 Grunden
827 2309 888 2332 vor
916 2297 974 2331 der
1002 2299 1034 2331 in
1064 2296 1279 2331 Oesterreich
1308 2297 1483 2343 liegenden
1513 2299 1607 2333 Stadt
1634 2298 1712 2341 Lan,
1742 2309 1853 2345 gegen
1881 2299 2013 2336 Hossein

159 2368 211 2401 zu,
241 2357 314 2401 dem
353 2363 488 2401 gemass
515 2358 687 2394 Friedrich
723 2360 775 2393 die
812 2358 923 2392 llalste
957 2358 1068 2392 dieses
1105 2357 1251 2392 Zehents
1286 2357 1339 2393 siir
1372 2362 1467 2394 seine
1495 2359 1695 2394 Lehenszeit
1722 2360 1819 2406 ruhig
1846 2361 2010 2406 besitzen,

158 2417 254 2452 dasii?
281 2416 362 2452 aber
390 2417 449 2452 der
475 2417 722 2455 Marienkirche
751 2432 790 2454 zu
820 2419 950 2453 Hossein
975 2418 1116 2463 jiihrlich
1146 2430 1197 2452 am
1227 2418 1276 2452 St.
1307 2418 1590 2465 Colomannstage
1627 2420 1673 2454 12
1701 2420 1846 2456 Wiener
1874 2422 2012 2457 Denare

157 2479 207 2513 als
235 2478 315 2513 Zins
344 2478 505 2513 alisiibren
533 2468 658 2515 miis'se.
688 2481 741 2516 Dt.
773 2480 856 2527 apud
886 2479 964 2523 Laa,
992 2478 1050 2513 Vl.
1081 2479 1157 2514 Idus
1186 2479 1284 2525 (10.)
1313 2479 1460 2515 October
1489 2480 1600 2515 1282.

468 2558 557 2591 (orig.
583 2560 615 2584 im
640 2560 666 2586 k.
692 2560 717 2587 k.
744 2560 813 2586 llol'-
840 2560 889 2585 und
916 2559 1116 2585 Staatsarchive
1141 2567 1171 2584 zu
1196 2558 1286 2585 Wien.
1314 2575 1351 2579 —
1376 2559 1421 2587 Dr.
1448 2559 1548 2592 Wolng‘
1573 2559 1719 2587 kirchliche
1737 2561 1930 2596 Topographiv
1955 2570 2009 2589 von

570 2610 675 2637 Meliten
701 2612 730 2639 ll.
755 2612 802 2639 Bai.
828 2611 859 2641 H,
886 2611 1050 2644 Abtheiiung
1075 2612 1101 2637 S.
1132 2610 1214 2644 146.)

1802 2666 1859 2691 98*
