2184 2828
1051 140 1124 172 790

165 263 239 297 inde
269 274 327 307 pro
364 261 449 295 hono
488 263 577 306 pacis
607 262 776 304 vti-iusque
808 258 960 291 Ecclesie
989 261 1051 289 tam
1082 254 1257 301 Syloensis
1295 266 1390 299 quam
1420 255 1637 289 Chunicensis
1675 259 1723 289 sic
1752 256 1905 289 duximus
1935 260 2009 289 sta-

164 323 319 356 tuendum
350 325 435 356 inter
463 325 554 367 ipsos
589 324 622 353 et
651 319 754 352 dictas
783 317 953 352 Ecclesias
991 315 1181 349 corumdem
1222 315 1391 355 videlicet„
1428 315 1512 360 quod
1547 316 1651 350 dictus
1687 319 1719 350 in
1749 315 1877 350 Christo
1905 315 2009 349 frater

166 384 327 417 Gerlacus
367 385 553 429 prepositus
590 380 785 414 Cunicensis
824 378 934 412 villam
973 376 1135 421 Bossyc'l„
1178 375 1314 410 lemica
1350 375 1502 411 Yezram.
1545 376 1685 410 Branicz
1727 379 1775 410 sic
1811 376 1935 410 habere
1977 380 2010 410 et

165 456 286 488 regere
307 443 426 477 habeat
454 445 536 475 sicut
565 443 656 486 prius
684 439 839 474 videlicet
858 438 943 484 quod
972 442 1100 471 stem-as
1130 440 1162 469 ct
1189 435 1251 469 alia
1280 446 1381 469 onera
1407 436 1532 480 regalia
1553 436 1593 469 de
1615 436 1798 470 hominibus
1819 436 2009 470 earumdem

165 505 316 538 villarum
346 514 463 548 reapse
485 501 604 535 haheat
632 503 717 534 sicut
745 504 777 533 et
806 499 846 532 de
875 499 947 542 alijs
976 497 1061 530 villis
1090 498 1170 538 suis,
1200 496 1285 541 quod
1316 499 1342 529 si
1371 500 1466 529 extra
1488 495 1671 530 huiusmodi
1700 501 1732 530 et
1760 497 1877 530 similia
1907 507 2010 530 onera

165 566 271 611 aliqua
297 566 470 609 juvamina
500 562 539 596 ad
576 572 657 595 vsus
687 572 766 595 suos
803 562 875 594 siue
910 558 1063 591 Ecclesic
1097 567 1157 590 sue
1195 556 1343 601 predicte
1386 553 1572 590 hominibus
1606 560 1674 590 suis
1709 559 1903 602 imposuerit
1931 561 2010 590 tunc

164 625 311 670 quitquid
347 627 480 657 nomine
524 623 597 656 talis
635 623 809 655 iuuaminis
845 632 862 653 a
897 618 1051 664 predictis
1094 618 1179 650 villis
1218 621 1356 662 quatuor
1393 619 1496 662 recipi
1530 620 1688 663 potnerit7
1727 622 1828 651 totum
1863 616 1904 650 ad
1930 628 2012 651 vsus

163 686 316 720 Ecclesie
345 685 432 718 dicte
461 683 634 730 Syloensis
663 685 888 719 conum-tetur„
919 678 1094 724 Culparum
1129 689 1265 723 quarum
1295 680 1437 710 omnium
1474 677 1514 710 dc
1551 677 1726 723 sepedictis
1760 681 1900 722 quatuor
1926 677 2012 711 villis

163 747 218 779 liet
247 745 364 779 diuisio
395 748 425 778 in
455 744 541 777 hunc
570 742 700 776 modum
729 741 885 774 videlicet
913 738 997 785 quod
1028 737 1236 771 medietatem
1274 749 1372 771 vnam
1402 736 1521 770 habeat
1555 738 1724 783 sepedicta
1753 737 1907 771 Ecclesia
1937 736 2012 783 Sy-

164 807 288 839 locnsis
318 810 348 839 et
378 805 474 839 aliam
504 801 799 850 pai-teni,nie‹liain
828 800 981 834 Ecclesia
1011 800 1219 837 Cunicensis„
1250 798 1406 831 Ceterum
1436 798 1595 831 decimam
1625 798 1724 831 villae
1752 800 1785 831 in
1811 797 1952 831 Branicz
1981 801 2015 831 et

165 867 303 913 Syluam
339 876 436 911 quam
471 864 602 910 petebat
639 863 743 896 dictus
780 863 966 907 prepositus
995 859 1149 893 volumus
1188 859 1227 892 ad
1257 859 1459 904 sepedictam
1490 858 1686 904 Syloensem
1715 858 1901 892 Ecclesiam
1930 869 2013 904 per-

165 930 274 961 tinere
303 937 369 960 vna
399 936 472 959 cum
503 927 600 958 vinea
631 927 660 956 in
691 922 836 955 Chunicz
866 932 961 966 quam
991 920 1184 954 Conuentus
1214 919 1299 952 dicte
1329 919 1503 964 Syloensis
1532 918 1685 952 Ecclesie
1713 919 1886 964 hucusque
1914 918 2015 952 coluit

165 992 198 1021 et
226 986 377 1033 possedit
412 986 492 1019 Item
529 985 610 1017 alias
640 986 756 1017 xineas
791 993 906 1016 omnes
940 992 1022 1027 quas
1058 980 1233 1026 Syloensis
1270 979 1425 1013 Ecclesia
1458 982 1489 1013 in
1527 979 1648 1013 Cunicz
1691 979 1787 1013 habet
1821 983 1853 1012 et
1885 978 2015 1025 posidet

164 1048 286 1082 liberas
316 1060 333 1081 a
363 1049 572 1093 prestacione
601 1043 777 1078 cuiuslibet
806 1042 935 1076 decime
963 1046 995 1075 et
1023 1043 1241 1075 iuremontani
1271 1043 1302 1074 in
1332 1045 1524 1087 perpetuum
1553 1039 1746 1086 possidebit.
1777 1039 1918 1085 Insuper
1944 1050 2014 1074 vo-

165 1109 272 1142 lumus
302 1112 464 1154 quatenus
495 1106 534 1140 ad
564 1104 765 1139 reddendum
795 1103 894 1136 libros
924 1102 1075 1147 Magistri
1106 1101 1188 1135 Galli
1226 1101 1331 1134 felicis
1365 1104 1523 1134 memorie
1557 1106 1589 1134 et
1621 1101 1659 1134 ad
1689 1100 1869 1135 soluendas
1898 1099 2015 1134 decem

166 1168 299 1203 Mai-cas
336 1179 395 1214 per
432 1171 536 1212 ipsum
567 1166 700 1199 relictas
739 1175 802 1210 que
831 1166 938 1197 omnia
977 1162 1110 1208 petebat
1148 1162 1252 1195 dictus
1291 1164 1495 1207 prepositus,
1534 1161 1618 1195 dicta
1657 1160 1834 1206 Syloensis
1861 1160 2016 1195 Ecclesia

166 1229 207 1263 de
232 1234 345 1262 cetero
375 1232 537 1261 tencatur.
568 1227 648 1260 Item
678 1226 830 1259 volumus
859 1229 891 1257 et
919 1223 1077 1257 dictamus
1107 1227 1267 1269 quatenus
1297 1222 1378 1255 dnos
1408 1223 1524 1255 laneos
1553 1233 1624 1255 cum
1654 1221 1787 1255 dimidio
1816 1232 1899 1267 quos
1928 1232 2016 1255 cen-

167 1290 277 1324 suales
314 1292 345 1322 in
388 1288 535 1335 predicta
571 1287 648 1321 villa
678 1286 802 1320 Iczram
844 1288 916 1331 ipse
950 1287 1136 1330 prepositus
1171 1283 1281 1316 habuit
1315 1283 1399 1315 dicta
1437 1282 1609 1328 Syloensis
1642 1281 1797 1316 Ecclesia
1826 1281 1947 1316 habeat
1974 1292 2015 1316 eo

163 1353 240 1394 jin-e
276 1361 339 1395 quo
378 1353 490 1383 cetera
526 1348 612 1382 bona
648 1350 679 1381 in
716 1350 787 1393 ipsa
821 1346 899 1380 villa
927 1345 1075 1392 possidet
1104 1349 1202 1390 atque
1231 1348 1321 1377 tenet
1349 1343 1385 1377 In
1415 1353 1552 1389 quorum
1582 1345 1723 1376 omnium
1755 1342 1891 1376 Scilicet
1919 1342 2017 1376 deci-

168 1422 294 1444 marum
330 1410 496 1444 Siluarum
525 1408 710 1442 libertatum
751 1407 907 1441 librorum
939 1405 1175 1440 libcracionum
1211 1405 1380 1438 laneorum
1409 1414 1659 1450 recompensam
1689 1403 1852 1437 Parochia
1881 1406 1913 1437 in
1942 1402 2017 1437 Be-

168 1482 330 1516 suawffcz
366 1482 439 1504 cum
469 1472 536 1503 suis
567 1469 771 1515 appendicijs
801 1467 952 1501 omnibus
981 1470 1065 1501 sicut
1093 1465 1214 1499 fratres
1244 1464 1429 1511 Syloenses
1464 1467 1517 1510 qui
1552 1463 1682 1510 plebani
1711 1463 1842 1498 suerunt
1870 1467 1902 1498 in
1931 1466 2016 1510 ipsa,

168 1543 241 1565 eam
268 1530 488 1577 possederunt
517 1550 557 1553 -—
591 1529 630 1563 ad
659 1529 901 1562 Chunicensem
930 1527 1131 1565 Ecclesiam„
1158 1531 1191 1559 ut
1219 1528 1325 1559 omnis
1354 1536 1453 1571 super
1482 1524 1634 1570 predictis
1655 1529 1766 1558 cesset
1788 1526 2017 1559 controuersia

169 1593 210 1625 de
235 1596 348 1625 cetero
371 1590 544 1637 pertinebit
573 1602 636 1636 que
665 1592 773 1623 omnia
804 1600 863 1635 per
891 1588 1002 1622 literas
1032 1592 1063 1620 et
1092 1587 1199 1631 sigilla
1229 1586 1390 1620 dictorum
1418 1585 1584 1619 Abbatum
1613 1590 1644 1618 ct
1673 1585 1835 1631 Prepositi
1864 1590 1896 1619 et
1924 1584 2019 1619 Con-

169 1657 287 1687 uenius
327 1657 390 1686 tam
421 1652 596 1698 Syloensis
626 1662 721 1696 quam
752 1650 948 1683 Cunicensis
977 1647 1124 1682 roborari
1155 1647 1320 1681 voluimus
1349 1651 1381 1680 et
1409 1646 1529 1680 firmari
1559 1645 1679 1679 Penam
1715 1657 1844 1691 quoquc
1876 1645 2018 1679 Centum

170 1712 356 1747 llIarcai-um
395 1714 536 1758 prestari
573 1711 725 1745 volumus
762 1722 823 1756 per
856 1714 983 1756 partem
1022 1720 1085 1754 que
1122 1711 1210 1741 stare
1248 1708 1332 1741 dicte
1371 1708 1574 1741 ordinacioni
1608 1711 1721 1740 nostre
1759 1709 1906 1740 renuerit
1934 1707 2020 1752 parti

170 1773 312 1807 aduerse
341 1784 404 1818 que
432 1775 538 1818 ipsam
559 1772 805 1805 ordinacionem
831 1775 946 1804 tenere
974 1770 1117 1803 voluerit
1146 1773 1177 1802 et
1207 1781 1356 1804 seruare.
1386 1768 1480 1814 Ipsos
1509 1771 1613 1801 autem
1643 1766 1832 1812 sepedictos
1854 1765 2019 1799 Abbatem

171 1839 203 1868 et
234 1834 438 1880 Prepositum
468 1844 568 1879 super
596 1835 704 1866 onmia
734 1831 949 1865 exhortamur
978 1830 1162 1865 inducimus
1191 1835 1224 1864 et
1252 1840 1424 1864 mouemus
1454 1832 1614 1874 quatenus
1643 1827 1683 1860 de
1706 1832 1818 1860 cetero
1848 1829 1880 1859 in
1909 1825 2019 1859 dilec-

172 1898 268 1928 cione
298 1893 510 1928 exhibicione
546 1893 717 1926 karitatiue
747 1897 778 1925 ct
807 1897 916 1925 mutue
946 1894 994 1925 sic
1030 1892 1171 1926 filialiter
1199 1902 1235 1925 se
1274 1890 1416 1924 habeant
1450 1892 1498 1923 sic
1533 1892 1669 1934 paterne
1701 1892 1735 1920 vt
1764 1886 2020 1920 retribucionem

173 1967 191 1988 a
221 1954 363 1988 Domino
392 1965 523 1988 sumere
552 1958 585 1987 et
613 1953 730 1997 dignos
759 1952 867 1986 laudis
897 1952 1007 1986 titulos
1038 1952 1077 1986 ab
1108 1951 1293 1986 hominibus
1322 1951 1457 1984 valeant
1485 1952 1668 1994 reportare.
1699 1947 1818 1980 Datum
1848 1951 1881 1980 et
1908 1951 2018 1980 actum

172 2018 206 2049 in
235 2015 381 2049 Chunicz
411 2016 511 2049 Anno
541 2014 673 2048 Domini
701 2013 873 2047 Millesimo
904 2012 984 2046 CCC
1013 2017 1110 2046 sexto
1140 2013 1223 2046 feria
1252 2014 1364 2057 quinta
1394 2014 1468 2056 post
1495 2009 1613 2043 festum
1644 2007 1827 2041 Trinitatis.

483 2076 571 2107 (Nacti
602 2075 660 2100 dem
687 2074 761 2108 Orig.
788 2075 834 2100 auf
866 2075 943 2108 Perg.
969 2074 1038 2100 ohne
1064 2074 1155 2108 Siegel
1186 2075 1219 2099 im
1244 2074 1356 2099 Selauer
1381 2071 1580 2104 Abteiarchive‚
1605 2069 1765 2103 mitgetheilt
1789 2077 1840 2095 von
1866 2069 1926 2095 dcm
1950 2068 2018 2095 dor-

585 2128 659 2161 tigen
685 2128 831 2153 Archlvare
856 2127 881 2153 P.
907 2127 939 2152 V.
964 2126 1111 2158 Bezdeka.)

1056 2264 1073 2298 1
1088 2264 1158 2298 7⁰.

329 2315 493 2377 Johann,
514 2338 662 2380 genannt
691 2344 757 2367 von
777 2333 969 2376 Waldeser,
991 2331 1136 2367 General
1165 2332 1223 2366 der
1251 2330 1431 2366 deutschen
1460 2328 1719 2375 Ordenshriider
1747 2327 1851 2362 durch
1871 2327 2020 2362 Bohmen

176 2394 243 2429 und
278 2394 415 2429 Malu-en
452 2394 664 2441 verpssichtet
696 2394 765 2428 sich
803 2405 915 2439 gegen
950 2393 1002 2427 die
1037 2393 1165 2438 Prager
1201 2393 1330 2437 Biirger
1364 2401 1422 2424 zur
1454 2389 1606 2434 Zahlung
1637 2389 1822 2434 jiihrlicher
1857 2388 1899 2423 V.
1926 2386 2023 2421 Mark

177 2466 243 2488 von
275 2455 346 2488 dem
373 2455 460 2489 Ilose
490 2455 668 2490 desselben
698 2454 828 2488 Ordens
859 2455 944 2488 beim
974 2454 1004 2488 h.
1027 2453 1186 2487 Benedict
1215 2463 1256 2487 zu
1286 2452 1382 2496 Prag.
1413 2450 1466 2484 Dt.
1497 2449 1640 2495 Pragae,
1670 2449 1744 2484 Xlt.
1775 2449 1846 2483 Kal.
1876 2448 2020 2493 Augusti

179 2515 257 2562 [21.
288 2515 368 2554 Juli)
403 2516 508 2550 1306.

488 2578 573 2607 macti
610 2578 667 2603 dem
693 2577 806 2602 anesten
832 2577 997 2602 Stadtbuche
1023 2576 1070 2601 des
1096 2576 1243 2602 Altstadter
1269 2574 1397 2600 Art-nives
1432 2580 1461 2598 zu
1487 2573 1553 2606 Prng
1583 2582 1608 2607 p.
1644 2571 1691 2598 61.
1738 2571 1803 2597 Eine
1829 2570 1967 2597 Abschrist
1991 2570 2024 2595 im

591 2629 617 2655 k.
644 2629 732 2655 bohm.
759 2629 903 2662 llluseum.)
