2184 2828
1075 122 1148 156 968

863 265 917 298 De
936 266 1061 299 eodem.
1086 267 1109 307 ζ
1107 265 1140 298 Ε
1142 267 1333 299 „rec-utorio.
1340 268 1357 307 J

349 335 467 369 Notum
498 335 635 369 facimus
666 334 811 367 fidelitati
840 339 953 367 vestre
982 334 1079 379 quod.
1128 335 1164 365 F.
1195 334 1297 368 fidelis
1326 338 1439 368 noster
1466 334 1505 367 ad
1535 337 1656 368 curiam
1685 340 1828 369 nostram
1863 334 2029 369 accedens

195 400 403 430 examinatus
432 399 584 429 inuentus
614 394 717 428 tidelis
746 399 778 428 et
811 394 979 437 degenere
1016 392 1156 426 fidelium
1186 398 1275 426 ortus
1304 399 1336 426 et
1370 397 1418 427 sui
1453 395 1621 426 sufficiens
1659 395 1696 426 ad
1731 400 1832 426 artem
1867 395 2029 426 medicine

195 457 385 491 exercende
414 459 522 490 extitit
551 466 609 501 per
637 459 781 488 nostram
818 458 940 488 curiam
970 452 1182 498 approbatus„
1211 458 1345 500 propter
1372 453 1455 499 quod
1487 456 1499 498 (
1605 453 1621 498 )
1649 453 1689 487 de
1717 457 1821 501 ipsius
1851 453 2028 499 prudencia

194 523 224 551 et
254 519 422 562 legalitate
451 516 579 555 conlisi,
609 520 747 561 recepto
777 515 817 548 ab
846 526 886 548 eo
916 518 945 548 in
975 516 1065 547 curia
1095 518 1206 547 nostra
1236 513 1397 547 fidelitatis
1426 516 1608 547 iuramento
1636 513 1675 547 de
1704 519 1774 547 arte
1803 516 1873 559 ipsa
1894 512 2031 547 fideliter

197 577 388 612 exercenda
418 580 507 610 iuxta
538 575 809 610 consuetudinem
845 575 993 608 dedimus
1023 576 1052 607 ei
1087 574 1258 607 licenciam
1294 573 1474 607 exercendi
1504 578 1605 607 artem
1638 574 1799 607 medicine
1835 584 1851 606 a
1885 572 2030 618 partibus

196 642 275 685 ipsis
304 643 335 671 ut
365 636 515 671 ammodo
545 641 646 670 artem
676 639 778 682 ipsam
809 635 847 668 ad
877 635 1034 668 honorem
1065 639 1097 668 et
1134 634 1319 667 fidelitatem
1348 639 1493 667 nostram
1523 638 1553 667 et
1582 633 1696 668 saltem
1735 644 1846 667 eorum
1882 636 1935 678 qui
1972 636 2030 666 in-

193 700 304 744 digent
341 698 478 731 lideliter
519 696 639 730 debeat
680 707 840 729 exercere
874 706 936 740 qno
970 698 1058 729 circa
1094 694 1186 728 uobis
1229 695 1363 728 tirmiter
1397 694 1609 740 precipiendo
1644 694 1833 728 mandamus
1868 698 2030 739 quatenus

194 760 300 794 nullus
342 762 382 792 sit
416 762 469 804 qui
504 757 630 804 dictum⁸
658 756 784 790 fidelem
825 761 971 789 nostrum
1011 767 1110 801 super
1145 760 1216 788 arte
1246 759 1313 801 ipsa
1353 755 1516 788 medicine
1544 758 1575 788 in
1606 757 1701 788 terris
1728 757 1819 800 ipsis,
1848 758 1882 788 ut
1910 754 2030 788 dictum

195 825 245 854 est
274 820 413 853 fideliter
441 818 627 852 exercenda
659 818 811 863 impediat
839 817 879 849 de
908 822 1018 850 cetero
1048 816 1100 850 uel
1130 816 1307 862 perturbet.

865 929 918 962 De
938 929 1063 962 eodem.
1087 928 1357 971 (Esecntorie.)

352 1001 432 1034 Cum
463 1004 531 1035 suis
561 998 772 1044 exigentibus
801 1001 924 1031 meritis
953 998 1089 1032 dilectos
1110 997 1223 1031 fideles
1249 1002 1380 1031 nostros
1401 996 1582 1030 exibitores
1599 991 1662 1030 'seu
1681 996 1802 1030 latores
1823 997 2032 1041 presencium

198 1076 213 1097 a
257 1062 431 1096 cuiuslibet
468 1061 686 1095 exsolucione
725 1059 880 1092 tlieolonii
916 1063 1072 1104 perpetuo
1110 1059 1262 1091 duximus
1301 1056 1718 1091 eximendos.mandamus
1746 1055 1842 1089 uobis
1871 1059 2032 1101 quatenus

195 1124 233 1157 ab
266 1124 388 1156 eisdem
419 1122 550 1156 ciuibus
581 1132 652 1154 cum
683 1119 780 1153 rebus
810 1124 840 1152 et
870 1122 1089 1152 mercimoniis
1117 1121 1183 1153 suis
1205 1117 1450 1152 transeuntibus
1471 1117 1547 1151 nihil
1569 1119 1697 1163 penitus
1722 1119 1858 1150 racione
1878 1115 2035 1150 theolonii

194 1187 338 1228 exigatis
367 1183 423 1217 sed
453 1185 647 1228 permittatis
676 1192 734 1214 eos
764 1183 905 1214 transire
934 1179 1038 1214 libere
1067 1184 1096 1213 ct
1125 1182 1244 1225 quiete.

350 1244 542 1277 Datum.et.

1032 1318 1200 1352 Libertas.

352 1390 531 1436 Cupientes
569 1392 615 1422 sic
653 1400 795 1433 regnare
830 1391 860 1422 in
904 1388 1042 1421 subditis
1079 1392 1109 1421 ut
1138 1398 1219 1432 qnos
1249 1389 1371 1420 sinistri
1401 1397 1499 1420 casus
1527 1385 1658 1419 fortuna
1685 1388 1888 1418 nouercante
1916 1383 2035 1430 damp-

200 1464 314 1487 norum
355 1455 384 1485 in
420 1450 600 1485 commodis
637 1454 839 1495 occuparunt
879 1452 970 1494 ipsos
1005 1452 1239 1494 compassione
1268 1451 1376 1481 anime
1406 1446 1663 1481 misericorditer
1691 1445 1913 1487 suhieuemus,
1943 1447 2036 1478 ciues

197 1518 327 1547 nostros
369 1515 401 1545 in
445 1511 497 1544 tali
533 1511 604 1544 loco
642 1521 724 1554 qnos
761 1513 791 1543 in
823 1510 925 1543 festo.
946 1512 1113 1555 proxime
1148 1511 1304 1554 preterito
1340 1510 1426 1552 ignis
1456 1507 1637 1553 dampnosa
1667 1517 1794 1550 vorago
1823 1508 2036 1550 exinopinate

196 1577 243 1607 rei
273 1577 393 1606 euentu
422 1576 453 1605 in
482 1571 617 1605 edificiis
647 1574 712 1604 suis
741 1575 773 1603 et
800 1570 899 1604 rebus
929 1570 1064 1614 aliisque
1094 1574 1145 1603 est
1173 1568 1424 1614 dampnabiliter
1453 1567 1604 1601 demolita
1635 1566 1675 1600 de
1711 1576 1825 1602 censu.
1861 1571 1971 1599 steura
2005 1569 2036 1598 et

198 1637 376 1668 exactione
411 1632 555 1679 qnalibet
589 1643 605 1664 a
642 1631 726 1664 festo
769 1634 873 1664 sancti
912 1630 1048 1675 Georgii
1084 1633 1233 1676 proxime
1272 1632 1427 1675 preterito
1456 1628 1495 1662 ad
1525 1628 1660 1661 duorum
1690 1637 1847 1660 annorum
1877 1629 2035 1672 spacium.

199 1698 353 1728 continue
383 1692 658 1728 numerandoruin
689 1692 728 1725 de
757 1694 849 1736 regia
880 1692 1062 1725 clemencia
1091 1693 1265 1724 eximimus
1294 1694 1325 1723 et
1354 1689 1475 1723 liberos
1496 1689 1663 1722 reddimus
1684 1692 1714 1721 et
1736 1691 1896 1721 immunes
1916 1687 2037 1720 uolen—

199 1761 247 1789 tes
276 1760 308 1789 ut
337 1755 444 1788 nullus
473 1764 530 1799 pro
561 1753 682 1786 eisdem
712 1764 828 1792 censu„
858 1757 979 1786 stcnra.
1010 1751 1241 1785 exactionibus
1270 1750 1465 1796 quibuslibet
1493 1753 1581 1795 ipsos
1611 1747 1693 1782 infra
1723 1747 1857 1781 duorum
1887 1750 2033 1794 spacium

202 1826 362 1849 annorum
391 1814 510 1848 debeat
539 1817 568 1846 in
599 1813 921 1858 aliquoaggrauare
950 1811 987 1845 In
1015 1814 1107 1845 cuius
1136 1816 1198 1845 etc.

885 1925 939 1959 De
975 1925 1101 1958 eodem.
1143 1923 1356 1966 (Libertas.)

355 1997 516 2031 Nouerint
545 1998 693 2030 vniuersi
722 1995 806 2040 quod
836 2006 913 2029 nos.
933 1998 984 2028 ,ut
1011 1997 1102 2027 eines
1131 1996 1232 2027 nostri
1261 1992 1318 2026 de.
1338 1995 1409 2038 .qui
1438 1992 1545 2026 multis
1574 1989 1792 2025 anxietatibus
1811 2000 1870 2035 per
1897 1999 2038 2034 guerras

203 2062 234 2092 in
273 2058 434 2092 Morauia.
474 2056 603 2090 diabolo
635 2058 827 2101 instygante
863 2059 997 2089 exortas
1026 2059 1057 2088 et
1086 2054 1202 2088 eodem
1231 2057 1429 2100 procurante
1457 2053 1473 2097 ζ
1577 2054 1590 2097 Ὗ)
1625 2051 1782 2085 educatus
1821 2049 1902 2095 [sic]
1944 2053 2039 2082 annis

206 2118 353 2165 pluribus
391 2121 453 2151 sint
491 2120 652 2163 oppressi,
681 2121 797 2149 nosti-e
835 2115 1071 2149 subuencionis
1105 2126 1167 2160 ope
1201 2119 1329 2160 possint
1367 2114 1483 2147 melius
1512 2124 1551 2146 ac
1578 2111 1704 2145 facilius
1732 2111 1885 2153 releuari,
1916 2109 2038 2144 eisdem

206 2179 334 2213 ciuibus
364 2178 598 2212 vniuersaliter
626 2182 657 2210 et
686 2177 896 2220 singulariter
924 2176 1065 2222 plenam.
1095 2186 1154 2220 per
1182 2175 1318 2208 duorum
1352 2185 1510 2208 annorum
1541 2175 1687 2218 spacium
1717 2183 1733 2204 a
1771 2171 1844 2204 data
1880 2181 2039 2205 numera-

207 2244 310 2272 torum
339 2242 548 2285 presencium
579 2236 791 2271 concedimus
820 2236 1019 2277 libertatem3
1055 2235 1232 2269 reddentes
1267 2246 1326 2268 eos
1367 2234 1407 2268 ab
1442 2236 1616 2268 exactione
1650 2236 1759 2265 steure
1788 2232 1980 2266 collectione
2009 2235 2041 2264 et

208 2312 224 2333 a
255 2301 423 2333 solucione
452 2299 609 2332 tlieolonii
638 2297 758 2330 liberos
787 2302 817 2330 et
846 2300 1019 2330 immunes.

892 2409 946 2442 De
983 2409 1108 2442 eodem.
1149 2407 1361 2451 (Libertas.)

372 2479 407 2512 (¹.
447 2485 477 2512 et
523 2479 580 2513 W.
625 2483 688 2512 etc.
733 2477 826 2519 Quod
869 2489 929 2511 nos
968 2477 1027 2511 hiis
1062 2488 1142 2523 quos
1184 2478 1348 2511 infortunii
1390 2477 1550 2522 depressit
1590 2475 1759 2508 calamitas
1799 2475 2043 2519 compacientes

211 2551 374 2576 generosa
410 2540 592 2573 clemencia
627 2540 785 2573 suadente
819 2542 997 2572 vniuersos
1037 2543 1067 2571 et
1113 2539 1259 2583 singulos
1301 2541 1393 2571 ciues
1427 2536 1573 2580 de..qu‘1
1612 2546 1670 2581 per
1707 2534 1922 2569 demollientis
1956 2536 2042 2578 ignis

211 2606 381 2641 euentum7
420 2611 551 2634 suarum
586 2611 695 2633 rei-uin
735 2601 821 2644 passi
855 2603 928 2632 sunt
963 2598 1165 2644 dispendium
1200 2603 1232 2632 et
1266 2601 1423 2632 iacturam
1458 2608 1475 2630 a
1509 2595 1610 2630 festo.
1631 2595 1818 2642 profuturo
1852 2606 1955 2640 usque
1984 2605 2043 2640 per
