2184 2828
1067 131 1141 165 898

182 251 316 283 sincere
350 249 600 294 1u·omitten‹lum
637 248 809 290 duximus,
841 248 927 294 quod
962 250 1010 281 eis
1047 247 1087 280 de
1121 247 1206 280 dicta
1243 258 1368 281 sumina
1399 251 1540 292 pecunie
1568 248 1812 282 satisfaciemus
1841 251 1911 282 sine
1942 259 2023 294 pro-

184 313 345 343 tractione
374 310 516 354 qualibet
546 313 575 342 in
605 308 693 342 sesto
722 308 825 343 beati.
845 336 851 342 .
871 311 1040 354 .pr0ximo
1069 307 1282 342 succedente.
1315 307 1354 340 Et
1382 312 1549 352 preterea,
1578 308 1664 342 dicto
1694 308 1810 341 Castro
1839 320 1911 341 cum
1940 319 2023 354 per-

183 372 335 403 tinenciis
371 370 410 402 ad
449 381 562 402 manus
599 373 729 402 nostras
764 374 935 406 revocato,
974 371 1051 413 ipsis
1086 366 1317 412 Meinlilardo)
1354 372 1386 401 et
1423 367 1583 402 llenslino
1617 369 1726 402 villam
1766 372 1914 402 strassitz
1949 380 2023 402 cum

184 430 335 463 omnibus
365 433 432 463 suis
463 429 652 463 utilitatibus
690 429 729 463 ad
765 441 878 463 eorum
913 427 1159 472 assignabimus
1194 432 1404 473 potestatem,
1441 428 1617 461 tenendam
1652 433 1684 462 et
1717 428 1936 462 util‘ruendam
1965 439 2024 474 per

183 501 252 531 eos,
282 501 452 536 quousque
482 489 628 535 predicto
657 489 839 523 Ilenselino
868 490 908 522 de
938 488 1069 522 CCCC¹''
1093 488 1312 533 sexag(ei]is)
1341 490 1571 531 gross(oruiu)
1602 488 1817 533 Pragensium
1843 488 1941 522 suerit
1964 499 2025 534 per

187 562 261 584 eum
291 550 431 593 moduni,
461 553 514 596 qui
543 554 575 583 in
604 550 733 584 Domini
765 550 933 584 Genitoris
970 552 1074 583 nostri
1104 549 1220 582 litteris
1255 547 1444 594 patentibus
1478 550 1684 593 exprimitur,
1721 552 1794 583 siue
1829 549 2023 583 detrimento

183 610 325 656 quolibet
354 611 571 644 satisfactum.
608 610 649 644 Et
682 610 830 644 Jesslino
867 609 1007 654 Bai-che,
1044 612 1189 654 ipsorum
1226 612 1332 642 amico
1368 611 1551 654 propinquo
1587 613 1619 641 et
1653 609 1800 654 speciali,
1837 609 1909 643 Civi
1938 609 2025 642 Pra-

182 674 287 709 ffeusi.
324 674 375 715 qui
414 670 508 704 uobis
543 674 641 704 etiam
675 674 706 704 in
735 670 797 704 liac
830 675 924 715 parte
958 668 1040 703 CCC
1073 668 1302 714 sexag(enasr)
1337 668 1567 713 grossmrum)
1604 668 1819 713 pragensium
1853 671 2024 712 mutuavit,

184 735 286 777 ipsum
317 730 466 764 Castrum
504 731 678 775 Burgleins
714 742 786 764 cum
815 730 967 764 omnibus
1006 732 1075 763 suis
1108 732 1334 775 pertinenciis,
1365 728 1509 772 juribus„
1544 729 1759 768 libertatibus,
1796 728 2024 775 proventibus,

182 791 447 826 obventionilms,
478 791 645 841 Dominio,
672 790 845 834 Censibus,
875 793 966 834 agris
1002 791 1098 824 cultis
1133 794 1196 823 etc.
1234 788 1479 829 assignabimus
1516 792 1647 822 nomine
1675 793 1822 835 pignoris
1851 801 1910 834 pro
1939 790 2024 823 dicta

182 854 464 897 septingentarum
493 853 776 896 sexaglenarum)
801 862 995 891 grossorum
1022 850 1239 894 Pragensiuin
1266 849 1510 894 (loutariorum)
1532 861 1669 893 summa,
1690 850 1787 895 pleno
1807 851 1883 893 jure
1903 854 2026 884 tenen-

182 911 267 947 dum,
299 912 481 945 habendum
512 916 544 945 et
572 912 791 945 util'ruendum
821 915 852 944 in
882 922 1012 944 omnem
1041 915 1209 952 eventum,
1240 910 1457 956 proventibus
1486 921 1529 943 ex
1559 910 1705 955 predicto
1735 910 1852 944 Castro
1881 915 1914 944 et
1941 921 2025 956 per-

182 975 332 1006 tinenciis
368 972 628 1018 quibuscunque,
664 983 861 1018 quocunque
896 975 1029 1005 nomine
1065 975 1277 1013 censeantur,
1314 973 1347 1003 in
1382 974 1470 1004 sorte
1503 981 1567 1004 non
1603 970 1819 1006 del'alcandis.
1862 970 1909 1004 Ita
1938 970 2024 1017 quod

181 1035 285 1078 ipsum
316 1032 466 1067 Castrum
496 1044 568 1066 cum
598 1036 753 1079 pretactis
782 1032 933 1066 omnibus
962 1034 1176 1078 pertinenciis
1198 1031 1419 1077 predictorum
1446 1030 1666 1076 Metulum-di]
1689 1036 1722 1064 et
1741 1030 1903 1074 Henslini,
1928 1041 2024 1075 quani

182 1097 314 1139 proprio
349 1097 481 1127 nomine
516 1098 626 1127 teneat
661 1098 694 1126 et
729 1098 844 1127 tenere
880 1092 1009 1135 debeat,
1046 1093 1124 1126 nulli
1159 1092 1199 1125 de
1234 1095 1305 1138 ipso
1340 1094 1470 1137 penitus
1505 1091 1818 1134 condescendendo,
1854 1102 2026 1137 quousque

182 1157 260 1200 ipsis
289 1154 329 1188 dc
360 1155 515 1200 predictis
544 1152 652 1188 DCC¹³⁵
687 1157 868 1198 sexagenis
902 1154 1000 1187 suerit
1035 1164 1094 1199 per
1128 1164 1188 1187 nos
1225 1152 1368 1186 totaliter
1397 1152 1616 1186 satisfactum.
1646 1151 1866 1185 Promittinius
1895 1162 2026 1197 quoque

181 1214 444 1258 Meinlilarduni)
479 1215 710 1261 Henslfinum)
740 1220 772 1249 et
800 1215 980 1249 Jesslinuui
1016 1217 1265 1260 prenominatos
1301 1216 1332 1246 iu
1367 1215 1583 1258 possessione
1617 1212 1755 1258 pacifica
1793 1212 1868 1246 dicti
1902 1211 2025 1255 Castri,

181 1287 377 1321 quacunque
405 1288 507 1311 causa
537 1279 709 1321 exigente.
739 1277 923 1310 nullatenus
952 1275 1123 1321 impedire„
1151 1284 1323 1318 quousque
1350 1276 1397 1306 eis
1420 1273 1460 1306 de
1485 1272 1638 1318 predictis
1658 1276 1871 1318 pecuniarum
1891 1275 2025 1306 suminis

181 1336 340 1370 ambabus
373 1337 515 1371 totaliter
543 1337 692 1371 satisfiat.
722 1336 791 1371 Nos
821 1347 951 1381 quoque
980 1335 1162 1378 Joliannes,
1193 1334 1244 1367 dci
1274 1338 1305 1367 et
1334 1334 1518 1379 apostolice
1546 1333 1635 1366 sedis
1661 1335 1766 1377 gratia
1795 1332 2025 1366 Olomucensis

179 1397 366 1444 Episcopus
395 1402 427 1431 ct
454 1397 657 1443 IIaynffionJ),
688 1397 793 1430 dictus
823 1397 863 1429 de
892 1395 999 1432 Duba.
1034 1396 1185 1429 dominus
1222 1398 1253 1428 in
1288 1394 1430 1429 Nachot.
1464 1404 1523 1439 pro
1561 1393 1646 1427 dicto
1680 1393 1812 1427 domino
1841 1393 1964 1427 Karolo
1994 1397 2026 1426 et,

180 1469 253 1491 cum
282 1461 353 1504 ipso
382 1461 598 1504 promittimus
628 1458 711 1491 bona
743 1457 817 1494 side,
847 1457 933 1502 quod
963 1456 1089 1502 prefata
1121 1458 1229 1489 onmia
1259 1460 1291 1489 et
1319 1455 1449 1499 singula
1479 1454 1590 1488 debito
1619 1453 1816 1499 mancipabit
1839 1453 1968 1487 effectui
1993 1458 2026 1487 et

179 1518 414 1553 inviolabiliter
442 1517 644 1553 observabit.
675 1518 710 1551 Si
742 1529 833 1555 vero„
869 1528 1066 1563 quacunque
1101 1519 1279 1550 occasione
1314 1518 1485 1560 exigente.
1522 1518 1552 1548 in
1588 1516 1787 1548 contrarium
1822 1518 2024 1557 moveretur,

181 1578 219 1612 ab
249 1590 288 1612 eo
317 1590 377 1613 nos
406 1582 510 1625 ipsum
541 1581 756 1625 promittimus
786 1578 892 1612 modis
921 1577 1074 1611 omnibus
1103 1581 1259 1611 avertere
1288 1581 1320 1610 et
1349 1576 1387 1609 ad
1418 1575 1662 1609 observandum
1690 1577 1843 1620 superius
1870 1579 2024 1608 contenta

179 1652 238 1686 pro
266 1640 393 1674 viribus
423 1640 603 1674 informare
632 1651 670 1672 ac
700 1645 825 1673 tenere.
858 1638 1010 1672 Prefatus
1040 1643 1148 1672 autem
1178 1638 1354 1672 Jessliuus.
1385 1641 1459 1682 post
1484 1636 1670 1682 persolutas
1696 1635 1768 1677 sibi,
1792 1634 2024 1680 Mei11h[ard0]

179 1700 373 1745 Hensltqino)
403 1699 550 1746 prefatis,
583 1699 668 1732 DCC
697 1700 928 1744 sexag(e11as)
959 1699 1134 1744 predictas,
1165 1702 1237 1744 ipse
1267 1698 1307 1731 de
1344 1698 1431 1731 dicto
1461 1697 1579 1730 Castro
1608 1696 1684 1729 nulli
1714 1696 1807 1729 alteri
1837 1699 1900 1730 nisi
1927 1695 2023 1729 nobis

178 1761 312 1799 Karolo,
342 1766 396 1795 aut
424 1760 519 1795 nobis
549 1760 692 1794 Johanui
722 1760 901 1806 Episcopo,
932 1760 988 1793 vel
1018 1759 1218 1805 lIayinQJui)
1249 1761 1428 1805 prenotatis
1457 1756 1729 1791 condescendere
1758 1755 1934 1799 tenebitur,
1960 1766 2024 1789 nec

179 1823 380 1857 solucionem
411 1825 515 1868 ipsam
545 1820 631 1855 DCC
660 1821 958 1867 sexagspnarumJ,
996 1820 1036 1853 de
1071 1822 1300 1865 cujuscunque
1334 1819 1480 1861 alterins,
1517 1828 1613 1864 quarn
1646 1817 1685 1850 de
1718 1820 1839 1850 nostris
1874 1815 2023 1850 manibus

178 1887 367 1929 acceptare.
397 1882 433 1916 In
463 1892 599 1928 quorum
629 1884 772 1915 omnium
800 1884 1038 1928 promissorum
1068 1881 1168 1914 robur
1196 1885 1229 1914 et
1257 1885 1320 1914 cet.

487 1943 596 1977 (Jacobi
622 1943 688 1969 t'od.
714 1944 822 1977 epistol.
847 1943 979 1969 Joliannis
1003 1951 1061 1976 reg.
1087 1943 1229 1968 Bolicmiae
1255 1943 1281 1967 S.
1308 1941 1358 1967 35.
1385 1950 1408 1967 n.
1437 1941 1503 1971 TS.)

1049 2087 1156 2123 331.

174 2169 323 2212 Jolmuu,
358 2168 497 2211 Herzog]
532 2178 596 2201 ron
633 2167 822 2205 lsa'rnlleeu„
861 2166 997 2211 befielel!
1033 2166 1106 2199 dem
1140 2165 1276 2210 Praqer
1309 2164 1527 2206 Stadtratlae,
1562 2163 1634 2196 sicle
1668 2165 1727 2196 mit
1750 2164 1833 2214 dem
1867 2164 2023 2207 dortfiqen

355 2229 492 2273 Bilrssei·
526 2227 683 2263 W'e'lleelm
711 2227 886 2272 beziiyle'ele
915 2229 1029 2261 seium·
1059 2226 1330 2270 Geldforsleremgy
1359 2223 1629 2268 aetsz-uylez'clzen.
1670 2223 1837 2265 (13442)

337 2288 543 2347 johannes,
580 2306 656 2340 Dux
690 2305 887 2352 Karyntliie„
923 2305 1049 2339 dilectis
1084 2304 1162 2338 sibi.
1182 2332 1188 2337 .
1208 2304 1332 2338 ..ludici
1367 2308 1398 2337 et
1425 2303 1546 2336 Juratis
1580 2301 1715 2335 Civibus
1744 2304 2021 2346 in....gratiam

174 2378 266 2400 suam
303 2372 335 2400 et
369 2379 468 2401 ouine
503 2367 635 2400 bonum.
679 2365 731 2399 Ex
753 2369 997 2409 vinsinuacione
1032 2367 1168 2411 querele
1203 2370 1316 2398 vestre
1352 2363 1447 2398 nohis
1489 2367 1642 2408 porrecte
1676 2365 1900 2408 precepimus,
1935 2361 2020 2407 quod

173 2426 423 2473 Willi(elmus),
453 2427 543 2461 Civis
572 2427 761 2471 PragensiS,
787 2426 883 2460 vobis
908 2430 949 2460 sit
974 2428 1146 2470 injuriatus
1169 2428 1331 2470 graviter,
1358 2428 1503 2458 vestrum
1533 2422 1730 2456 Conciuem.
1750 2433 1853 2468 ..pro
1879 2422 2020 2468 quadam

175 2490 314 2533 pecunia
351 2488 558 2521 arrestando.
604 2487 674 2521 Nos
710 2498 810 2524 vero„
846 2487 998 2521 volentes
1034 2489 1210 2520 vei-itatem
1250 2484 1434 2529 hujusmodi
1469 2488 1583 2517 vestre
1620 2486 1825 2529 querimonie
1862 2485 2020 2529 experiri,

174 2551 278 2593 ipsum
309 2546 559 2593 Willi(elnium]
593 2558 728 2581 causam
765 2547 826 2580 sibi
862 2549 949 2581 circa
989 2546 1048 2580 hos
1082 2551 1337 2592 competentem,
1373 2544 1511 2578 fecimus
1547 2555 1658 2577 corani
1696 2543 1802 2587 nobis,
1840 2545 1951 2576 missis
1980 2542 2020 2576 ad

173 2607 236 2641 hoc
273 2607 399 2642 duobus
435 2607 557 2642 Juratis
596 2619 638 2642 ex
678 2612 771 2654 parte
809 2608 896 2653 pleni
936 2606 1086 2641 Civitatis
1122 2607 1302 2651 pragensis
1337 2604 1476 2644 consilii„
1512 2605 1761 2647 ‹leiiionsirare3
1796 2603 1836 2637 Et
1863 2603 2021 2649 perlectis
