2184 2828
1043 140 1117 176 240

163 269 246 299 ciam
284 268 358 299 sunt
392 274 549 310 appensa.
588 261 706 296 Datum
741 271 828 296 anno
857 260 978 294 domini
1006 258 1180 293 Millesimo
1208 256 1460 291 Trecentesimo
1488 255 1754 300 Quadragesimo
1784 253 1906 288 Primo.
1961 253 1997 288 In

162 327 214 359 die
245 325 341 359 beate
369 324 559 369 Margarete
586 325 728 367 virginis
755 322 913 367 gloriose.

469 402 554 434 (Nach
579 402 652 427 einer
677 400 813 427 Absrhrist
837 401 869 426 im
894 399 920 425 k.
946 399 1034 425 bolim.
1060 397 1176 423 Musenm
1201 405 1247 423 aus
1272 396 1331 422 dem
1356 395 1430 429 Orig.
1455 395 1503 421 des
1527 395 1553 421 k.
1579 394 1606 422 k.
1631 394 1745 428 geheim.
1771 393 1946 419 Hol'archives
1971 401 2000 419 zu

572 453 660 479 W'ien.
692 452 841 479 Felilerliast
872 450 1039 485 abgedruckt
1067 450 1108 475 bei
1138 448 1265 478 Ludewig
1294 450 1318 474 in
1344 447 1483 481 Reliquiar.
1508 447 1569 473 Mss.
1595 447 1622 473 T.
1648 446 1680 472 V.
1705 447 1732 471 S.
1761 445 1820 472 504
1846 453 1871 471 n.
1895 444 2000 472 xxxii.

572 505 665 539 Vei-gl.
690 504 808 531 Dobner.
833 504 947 530 Monuni.
973 502 1018 528 lv.
1043 502 1070 528 S.
1097 500 1157 527 306
1182 509 1206 527 n.
1232 500 1342 528 CLvlll.
1368 499 1457 526 Balbin
1480 499 1589 526 liliscell.
1615 498 1684 524 vlit.
1711 498 1776 530 25.)

1032 621 1139 656 334.

162 706 388 749 Erneuerqu
416 704 475 738 des
503 703 640 737 Butades
669 701 836 736 z-wiselzen
865 701 978 745 Kom'q
1007 700 1164 733 Isaz-z‘mae'r
1191 710 1255 733 voa
1282 698 1425 741 Pohlen,
1453 697 1568 742 Κϋηῖῃ
1594 696 1732 731 Johamz
1759 707 1824 730 eon
1851 694 2004 729 Bo'lemen

165 767 229 799 mul
255 764 443 810 Marlzyraf
464 764 554 798 Karl
579 775 643 797 ron
672 762 828 804 Mu'hren,
860 763 918 795 mit
947 759 1156 795 Ausselelnss
1183 759 1241 793 cles
1269 759 1399 803 Κόηὶῃε
1426 769 1491 792 ron
1518 758 1696 803 Hemyarte.
1732 756 1791 790 De.
1821 757 1854 790 in
1882 756 1936 790 die
1964 754 2003 790 S.

726 822 960 867 Maryarellece
987 823 1071 865 νῖν-ᾳ.
1104 819 1186 864 [13.
1214 820 1305 860 Juli)
1338 819 1448 853 1341.

317 901 407 955 Ros
434 919 623 954 Kazimirvs
652 918 703 952 dei
733 920 840 962 gratia
867 928 931 951 rex
958 916 1103 950 Potoniae
1132 920 1194 950 etc.
1230 915 1283 950 Ad
1311 919 1545 950 universorum
1573 917 1740 957 notitiam,
1768 917 1886 948 tenore
1913 923 2006 959 prae-

165 984 325 1024 sentium,
355 981 506 1016 volumus
527 982 704 1026 pervenire
717 1005 725 1014 ,
753 981 827 1023 qui,
856 989 929 1011 cum
950 979 1184 1011 serenissimus
1204 979 1376 1023 princeps,
1405 976 1555 1010 dominus
1575 974 1746 1009 Johannes
1765 985 1829 1008 rex
1849 973 2005 1017 Boemiae,

165 1053 279 1077 comes
298 1041 591 1085 Luzenburgensis
620 1045 652 1074 et
681 1040 831 1073 dominus
850 1038 990 1073 Carolus
1016 1040 1254 1084 primogenitus
1274 1040 1358 1080 eius,
1387 1036 1535 1070 lilarcliio
1553 1035 1725 1078 Moraviae‚
1754 1033 1874 1069 fratres
1900 1036 2005 1069 nostri

166 1105 346 1145 carissimi,
376 1102 519 1135 inclitam
547 1100 773 1145 Margaretam
803 1099 1013 1134 Comitissam
1042 1098 1240 1132 Palatinatus
1281 1097 1407 1141 Rheni,
1445 1097 1622 1131 Ducissam
1660 1091 1910 1138 Bavarorum‚'
1931 1094 2006 1129 dicti

165 1164 287 1197 domini
314 1165 404 1207 regis
434 1162 530 1196 liliam
559 1173 598 1196 ac
627 1161 748 1195 domini
782 1160 985 1194 Marchionis
1014 1170 1162 1193 sororem
1192 1158 1299 1192 felicis
1327 1161 1494 1192 memoriae
1522 1157 1643 1191 dudum
1671 1159 1804 1191 nomine
1831 1157 2006 1190 iuramenti

166 1224 297 1258 tradere
327 1225 514 1269 promiserit
542 1222 826 1256 matrimonialiter
853 1224 885 1255 in
914 1231 1072 1263 uxorem3
1100 1230 1161 1254 nos
1190 1229 1319 1265 quoque
1348 1219 1465 1253 eodem
1493 1222 1627 1252 nomine
1654 1219 1902 1264 promiserimus
1928 1218 2006 1251 vice

167 1296 284 1325 versa„
316 1287 405 1330 ipsos
434 1283 553 1317 fratres
583 1287 717 1317 nostros
746 1293 880 1328 semper
908 1286 941 1316 et
967 1284 1001 1315 in
1029 1280 1180 1315 omnihus
1209 1284 1361 1326 tanquam
1396 1279 1515 1313 sratres
1543 1281 1693 1313 uterinos
1721 1282 1836 1312 tenere
1863 1281 1896 1312 et
1923 1279 2008 1312 sicut

167 1349 295 1379 nosmet
328 1347 419 1390 ipsos
455 1346 611 1390 prosequi
646 1348 760 1377 contra
799 1354 930 1376 omnem
964 1341 1131 1376 hominem
1167 1345 1198 1375 et
1234 1344 1359 1375 iuvare.
1416 1340 1581 1386 Cumque,
1611 1339 1708 1373 nobis
1736 1338 1887 1381 tandein,
1915 1339 2007 1371 iuxta

168 1408 378 1439 vocationem
407 1409 438 1439 et
467 1404 796 1438 confoederationem
826 1406 992 1448 ipsorum,
1022 1413 1081 1448 pro
1109 1401 1336 1437 consumando
1356 1404 1562 1435 matrimonio
1592 1405 1624 1434 et
1651 1402 1772 1446 nuptiis
1799 1397 2009 1434 celebrandis

169 1466 395 1507 venientibus,
426 1465 510 1499 dieta
539 1464 669 1499 domina
689 1463 880 1509 Margareta
901 1463 1032 1509 Sponsa
1052 1467 1164 1497 nostra
1192 1465 1363 1496 carissima
1392 1465 1452 1507 pize
1480 1461 1740 1504 recordationis,
1769 1459 1842 1494 Deo
1861 1459 2008 1500 volente,

169 1530 255 1561 viani
276 1529 316 1560 sit
343 1529 508 1560 universae
528 1527 639 1559 carnis
660 1528 830 1569 ingressa:
858 1529 995 1570 propter
1014 1524 1076 1557 hoc
1096 1524 1196 1568 ligam
1216 1534 1276 1557 seu
1296 1523 1462 1557 vinculum
1482 1522 1667 1556 dilectionis
1687 1526 1720 1556 et
1748 1521 1823 1555 lidei
1850 1522 2008 1566 ipsorum,

169 1599 212 1621 ex
243 1591 354 1621 nostro
383 1589 508 1631 ingenti
536 1586 703 1620 desiderio
732 1588 862 1628 initum„
891 1587 977 1618 inter
995 1595 1057 1618 nos
1077 1583 1250 1629 utrobique
1277 1583 1384 1617 taliter
1412 1587 1444 1616 et
1471 1583 1649 1625 firmatum,
1678 1582 1831 1628 deperire
1858 1581 2010 1615 nolentes

170 1649 355 1694 aliqualiter
383 1652 437 1681 aut
465 1650 648 1692 corrumpi,
678 1657 794 1693 quam,
824 1650 858 1680 ut
885 1648 989 1691 ipsum
1011 1648 1119 1691 potius
1139 1644 1288 1690 ampliori
1316 1644 1467 1677 firmitate
1495 1648 1528 1677 et
1555 1645 1729 1677 sinceriori
1750 1642 1886 1677 foedere
1903 1640 2011 1675 robo-

170 1713 259 1742 retur
287 1720 325 1742 ac
355 1711 467 1752 vigeat
494 1711 614 1752 iugiter
642 1718 681 1741 ac
709 1709 881 1753 persistat,
910 1709 1075 1752 praestito,
1105 1708 1198 1740 tactis
1226 1715 1286 1751 per
1313 1715 1374 1738 nos
1401 1715 1498 1738 sacro
1527 1706 1651 1738 sanctis
1680 1703 1888 1748 evangeliis,
1916 1704 2012 1736 iura-

171 1774 282 1803 mento
311 1769 493 1814 corporali,
524 1771 752 1814 promissimus
782 1772 813 1801 et
832 1770 1053 1813 promittimus
1073 1769 1105 1800 in
1125 1766 1174 1800 his
1194 1767 1342 1811 scriptis:
1370 1764 1568 1798 antedictum
1589 1764 1754 1798 dominum
1775 1762 2011 1804 marchionem,

171 1830 307 1864 fratrem
336 1833 505 1869 nostrum,
535 1829 642 1863 adliuc
670 1840 715 1863 ex
743 1839 830 1862 nunc
858 1831 890 1862 in
919 1832 1035 1870 antea,
1072 1838 1203 1872 semper
1237 1831 1270 1860 et
1304 1825 1441 1871 ubique,
1477 1836 1574 1871 quam
1603 1824 1674 1863 diu,
1703 1824 1835 1858 domino
1864 1822 2010 1865 fauente,

173 1893 366 1933 vixerimus„
387 1894 550 1934 tamquam
573 1890 706 1923 l'ratrem
727 1892 889 1923 uterinum
910 1893 1036 1931 tenere,
1059 1898 1219 1932 suumque
1240 1897 1279 1920 ac
1299 1891 1457 1920 terrarum
1474 1896 1606 1919 suarum
1623 1884 1820 1931 profectum,
1840 1883 2012 1925 honorem,

174 1951 399 1989 commodum,
430 1962 488 1995 pro
517 1953 605 1984 omni
635 1962 735 1996 posse
765 1961 804 1983 ac
833 1954 898 1983 tota
933 1949 1103 1994 diligentia
1133 1948 1272 1982 fideliter
1298 1957 1477 1993 procurare
1506 1951 1538 1979 et
1566 1946 1627 1980 sibi
1657 1949 1688 1979 in
1719 1948 1815 1979 terris
1843 1947 1912 1979 suis
1939 1954 2012 1978 cnm

175 2016 287 2044 nostra
318 2022 461 2056 persona
490 2011 588 2044 rebus
617 2022 656 2043 ae
685 2013 837 2056 potencia
867 2014 979 2044 nostra
1007 2010 1128 2043 adesse
1157 2013 1189 2043 et
1215 2012 1329 2042 contra
1357 2018 1488 2040 omnem
1518 2006 1682 2040 hominem
1712 2009 1898 2047 viventem,
1927 2006 2015 2039 omni

177 2072 291 2105 l'raude
326 2076 359 2105 et
393 2072 457 2105 doti
496 2073 649 2116 scrupulo
686 2071 797 2116 procul
834 2074 949 2109 motis,
989 2071 1077 2104 nullo
1115 2080 1249 2115 prorsus
1277 2067 1435 2109 excluso,
1471 2070 1699 2111 cuiuscunque
1727 2066 1933 2100 condicionis
1961 2068 2014 2100 aut

177 2137 280 2166 status
309 2135 451 2168 existat.
482 2132 616 2165 tirmiter
644 2132 826 2165 adluvrere.
862 2131 1014 2177 Eumque
1042 2134 1074 2164 in
1105 2130 1242 2175 singulis
1269 2131 1412 2175 negotiis
1440 2128 1671 2161 evenientibus
1699 2131 1732 2161 et
1760 2125 2013 2161 necessitatibus

177 2196 245 2226 suis
276 2196 430 2238 prosequi
467 2197 498 2227 et
532 2196 648 2226 iuvare
683 2192 830 2226 consiliis
866 2193 1000 2226 auxiliis
1034 2196 1066 2225 et
1094 2189 1313 2225 iuvaminibus
1341 2191 1546 2234 opportunis.
1603 2188 1673 2222 lloc
1702 2189 1806 2223 solum
1835 2197 2013 2233 expresso:

177 2253 261 2298 quod
290 2256 350 2287 nisi
382 2264 540 2299 processu
569 2253 640 2287 solo
671 2255 828 2298 temporis
865 2255 970 2298 ipsum
1007 2252 1171 2285 dominum
1200 2249 1426 2285 Mareliionem
1455 2259 1529 2282 cum
1559 2249 1838 2282 excellentissimo
1866 2251 2014 2294 principe

178 2314 308 2346 domino
338 2314 457 2348 Carolo
487 2325 568 2357 rege
598 2313 775 2353 llungariae
804 2313 937 2351 illustri„
967 2312 1068 2346 l'ratre
1088 2317 1222 2353 nostro,
1251 2320 1406 2355 guerram
1427 2312 1589 2343 suscitare
1618 2313 1649 2342 et
1669 2314 1775 2344 terras
1795 2311 1898 2355 ipsius
1917 2318 2012 2342 manu

181 2377 301 2418 potenti
332 2378 452 2408 intrare
481 2377 709 2418 contingeret3
740 2385 781 2407 ex
812 2378 888 2407 tunc
917 2373 1025 2406 licebit
1048 2372 1142 2407 nobis
1161 2376 1193 2406 et
1212 2373 1390 2417 poterimus
1419 2380 1457 2403 ac
1487 2369 1670 2403 tenebimur
1689 2381 1761 2404 cum
1782 2373 1853 2416 ipso
1872 2369 2014 2407 domino,

181 2446 261 2473 rege
292 2434 478 2475 niumm-ie,
508 2439 597 2468 stare
626 2439 658 2468 et
687 2445 760 2467 eum
791 2437 820 2467 in
851 2436 919 2468 suis
949 2436 1060 2475 terris,
1090 2433 1250 2466 duntaxat
1278 2431 1317 2464 nd
1347 2430 1590 2464 defendendum
1611 2431 1763 2473 easdem,
1792 2434 1905 2464 contra
1933 2438 2015 2474 pre-

181 2494 280 2527 l'atum
311 2494 475 2528 dominum
505 2495 748 2529 lllareliionem.
780 2506 837 2539 pro
874 2494 998 2528 viribus
1032 2494 1203 2527 adiuvare.
1259 2491 1295 2525 Si
1329 2502 1409 2524 vero
1446 2490 1530 2524 idem
1568 2491 1719 2525 dominns
1747 2502 1808 2526 rex
1837 2489 2014 2534 llnngarize

182 2559 287 2587 terras
330 2557 430 2599 ipsius
467 2555 587 2589 domini
623 2554 827 2589 Mai-cliionis
869 2555 1016 2588 similiter
1050 2554 1280 2587 devastaturus
1317 2554 1467 2585 intraret:
1509 2563 1551 2585 ex
1588 2556 1683 2593 tuuc,
1725 2562 1784 2597 pro
1819 2550 2015 2583 defensione

182 2615 328 2648 eiusdem
358 2614 560 2649 Murcliionis
597 2620 628 2649 et
669 2621 829 2649 terrarum
866 2625 1017 2657 suarum,
1046 2625 1119 2648 cum
1149 2616 1241 2659 ipso,
1279 2616 1430 2657 tunquam
1461 2612 1560 2645 fratre
1589 2615 1734 2655 uterino,
1763 2616 1853 2647 stare
1881 2614 1914 2644 et
1941 2620 2014 2643 eum
