2184 2828
1058 124 1132 158 808

176 252 350 295 spectari&
381 247 467 293 quod
496 246 707 279 donationem
737 255 831 290 quam
866 243 1002 276 dilectus
1039 241 1136 273 Pater
1168 246 1285 275 noster
1319 240 1428 273 bonae
1463 244 1642 274 memoriae
1677 241 1906 286 supradictus,
1937 239 2016 274 Μο-

176 313 322 344 nasterio
351 308 490 342 Zareusi
526 306 756 339 Cisterciensis
793 303 937 337 Ordinis.
972 305 1070 335 vivus
1104 305 1137 334 et
1171 312 1272 334 sanus
1310 300 1447 342 fecerat,
1478 300 1633 335 videlicet
1661 301 1822 334 decimam
1853 304 2015 345 integram

176 373 315 416 partium
345 372 529 402 nostrarum
559 376 640 411 quas
670 367 701 398 in
733 364 837 398 Gutlis
866 362 1035 401 habemus,
1071 361 1158 394 hanc
1186 366 1313 406 gratam
1350 365 1381 394 et
1410 365 1514 394 ratam
1542 360 1715 403 habentes,
1745 361 2016 394 abrenuntiamus

175 433 263 464 omni
292 429 376 474 Juri7
405 427 489 473 quod
519 429 550 459 in
587 425 703 458 eadem
732 424 860 458 decima
893 416 1016 456 habere
1054 421 1193 455 forsitan
1230 421 1402 462 videmur3
1437 420 1613 455 Praeterea
1647 426 1763 454 tenore
1792 424 2016 466 praesentium

174 495 406 536 protestamur,
437 487 588 527 fideliter,
618 488 849 531 promittentes
878 483 946 517 Nos
975 493 1141 528 nunquam
1173 481 1290 515 amodo
1320 482 1391 515 fore
1419 481 1589 526 praedicto
1618 484 1818 515 monasterio
1844 484 1875 515 in
1901 481 2016 514 eadem

175 551 304 585 decima
332 548 601 594 impedimentum
638 545 767 591 aliquod
804 545 963 578 illaturos.
1005 542 1129 583 Quodsi
1166 542 1303 576 forsitan
1333 541 1445 575 Nostri
1479 544 1633 586 promissi
1670 545 1878 575 immemores
1912 544 2016 575 insti-

175 616 276 656 gante
305 609 444 644 Diabolo
474 608 675 649 faceremus,
706 606 768 640 boc
797 608 829 638 in
858 603 1096 650 praejudicium
1126 602 1269 636 Nostrae
1304 602 1397 635 fieret
1432 601 1507 635 fidei
1535 606 1568 635 et
1595 601 1740 636 honoris.
1780 600 1816 634 In
1845 603 1939 645 cnjus
1968 604 2017 635 rei

175 674 408 711 testimonium,
438 668 594 702 Nostrum
623 667 764 711 sigillum
796 668 1006 711 apposuimus
1042 663 1117 697 huic
1150 666 1283 709 scripto.r
1314 662 1432 696 Datum
1463 663 1527 696 Sar
1555 662 1654 696 Anno
1684 662 1814 696 Domini
1843 660 2017 695 Millesimo

176 731 429 765 Trecentesimo
458 729 587 762 decimo
616 733 736 761 octavo
766 725 887 767 Quinto
917 725 1030 758 Galen.
1060 724 1196 757 Januar.

483 807 568 842 (Nach
599 807 658 845 depm
689 804 872 831 liandscbriftl.
904 804 1084 837 Diplomatare
1113 802 1161 828 des
1193 802 1279 828 Klost.
1312 802 1379 828 Saar
1410 801 1461 827 und
1490 801 1636 828 XVelelu-ad
1668 802 1696 828 4,
1729 801 1756 827 B.
1785 800 1832 828 15.
1858 800 1885 827 S.
1912 800 1961 827 62.
1984 801 2018 827 im

585 859 610 884 k.
637 858 726 883 bobm.
751 856 869 882 Museum
894 864 924 881 zu
949 856 1040 889 Prag.)

1012 990 1016 994 ·
1053 974 1156 1010 198.

174 1060 288 1104 Kom’q
316 1058 452 1092 Jolmzm
480 1068 545 1090 ‘ron
574 1054 727 1089 ΒῠΙιηιεηΥ
755 1053 896 1087 schenkt
925 1053 997 1086 dem
1025 1051 1163 1085 Jolaann
1191 1063 1256 1085 erm
1285 1051 1517 1096 Klinyenberq
1541 1053 1598 1095 fiir
1625 1052 1678 1085 die
1707 1055 1782 1084 tren
1811 1051 2020 1084 erwz'esenen

176 1121 320 1154 Dz'enste
339 1120 401 1152 das
420 1120 452 1151 2'12
473 1116 618 1150 Mithrem.
636 1115 800 1159 yeleyene
818 1113 1155 1157 DorfBladonowic,
1178 1112 1237 1146 Dt.
1255 1112 1407 1157 I'ragJae⁷
1432 1112 1466 1146 V.
1484 1112 1601 1145 Nonas
1616 1112 1706 1156 Majz‘
1722 1111 1777 1154 (3.
1795 1111 1888 1155 Mai)
1908 1109 2017 1144 1319.

331 1177 419 1230 Nos
446 1194 631 1235 Johannes,
661 1192 713 1226 dei
741 1195 867 1237 gracia,
897 1191 1034 1225 Boemie
1063 1195 1094 1224 et
1123 1190 1259 1225 Polonie
1283 1190 1359 1224 Rex
1384 1201 1422 1224 ac
1448 1189 1749 1235 Lucemburgensis
1766 1187 1903 1236 {Comes‚
1925 1187 2021 1222 Scire

179 1258 331 1292 volumus
367 1259 577 1302 inspectores
612 1255 822 1300 presencium
861 1255 1050 1286 vniuersos.
1091 1250 1186 1292 Quod
1221 1251 1307 1285 fideli
1343 1255 1470 1293 nostro,
1505 1250 1660 1294 Johanni,
1697 1250 1735 1284 de
1766 1248 2021 1294 Clingemberch

178 1321 281 1364 ipsius
320 1316 530 1351 attendentes
568 1314 731 1348 fidelitatis
769 1313 941 1359 obsequia,
980 1323 1044 1357 que
1081 1311 1177 1346 nobis
1216 1311 1375 1353 exhibuit,
1415 1311 1535 1344 Villam
1573 1315 1730 1352 nostram.v
1769 1310 2020 1353 Bladonowicz,

178 1390 274 1424 quain
303 1377 409 1411 fidelis
438 1380 551 1410 noster
579 1375 761 1408 Benessius
796 1374 837 1407 de
870 1372 1129 1407 VVartemberch
1167 1376 1281 1408 tenuit.
1318 1376 1413 1405 sitam
1450 1375 1482 1405 in
1516 1371 1677 1408 Morauia,
1715 1382 1787 1404 eum
1817 1373 1886 1405 suis
1914 1372 2022 1416 perti-

178 1440 320 1482 nencijs.
352 1442 383 1470 et
412 1436 563 1470 omnibus
592 1435 732 1475 iuribus„
768 1446 831 1480 que
865 1433 960 1467 nobis
994 1437 1194 1479 competunt,
1230 1438 1283 1466 ant
1319 1436 1351 1466 in
1385 1437 1553 1478 posterum
1589 1436 1767 1477 conpetere
1795 1435 1960 1477 poterunt,
1989 1433 2022 1465 in

181 1499 309 1535 eademi
340 1498 380 1531 de
409 1496 605 1530 liberalitate
633 1495 752 1538 Regia.
783 1494 984 1528 conferimus
1019 1498 1050 1527 et
1079 1493 1251 1527 donamus.
1282 1504 1341 1538 pro
1371 1504 1418 1531 se,
1451 1497 1482 1526 et
1510 1496 1578 1526 suis
1606 1491 1794 1526 heredibus.
1824 1491 2021 1534 habendam,

181 1564 212 1592 et
241 1558 429 1592 tenendam.
460 1568 499 1590 ao
528 1560 598 1590 iure
627 1555 840 1595 hereditario,
870 1554 1105 1600 possidendam
1134 1554 1261 1587 Dantes
1300 1557 1348 1587 eis
1377 1553 1513 1587 liberam
1541 1557 1736 1599 potestatem
1765 1556 1870 1597 ipsam
1898 1552 2022 1594 villam,

180 1630 253 1653 cum
290 1622 357 1652 suis
394 1618 601 1663 pertinentijs
639 1616 823 1649 vendendi.
859 1615 1041 1655 alienandi,
1080 1620 1112 1648 et
1146 1618 1178 1648 in
1214 1626 1294 1648 vsus
1331 1625 1557 1660 quoscumque
1589 1614 1822 1651 conuertendi,
1856 1618 2022 1658 tamquam

180 1691 249 1713 rem
286 1682 466 1724 propriam.
505 1680 595 1710 iuxta
635 1687 749 1710 eorum
784 1676 871 1709 bene
905 1676 1025 1722 placita
1062 1676 1250 1709 voluntatis.
1294 1674 1329 1708 Ι11
1366 1678 1459 1708 cuius
1496 1677 1544 1708 rei
1581 1676 1813 1716 testimonium,
1847 1677 2023 1719 presentes

179 1740 302 1774 litteras
338 1739 420 1772 fieri.
460 1743 492 1771 et
527 1737 651 1782 Sigillis
687 1736 883 1781 Magestatis
921 1741 1045 1772 nostre,
1076 1738 1230 1769 iussimus
1267 1737 1473 1769 communiri.
1512 1735 1631 1768 Datum
1660 1733 1780 1782 Prage,
1816 1744 1876 1780 per
1905 1743 2022 1766 manus

180 1799 383 1834 venerabilis
411 1798 575 1832 Johannis
606 1797 887 1841 wissegradensis
916 1796 1069 1830 Ecclesie
1098 1796 1294 1842 Praepositi,
1322 1796 1520 1839 Cancellarij
1547 1799 1577 1829 et
1601 1794 1762 1840 Principis
1784 1796 1887 1828 nostri
1912 1793 2023 1827 dilecti

179 1860 227 1893 VO
255 1860 368 1894 Nonas
398 1858 490 1903 Maij.
520 1859 620 1892 Anno
651 1858 773 1891 domini
800 1857 977 1891 Millesimo
1008 1857 1261 1891 Trecentesimo
1286 1856 1426 1890 Decimo
1452 1866 1540 1890 nono
1567 1855 1761 1899 Regnorum
1784 1865 1867 1888 vero
1887 1858 2023 1888 nostro-

180 1932 251 1955 rum
282 1922 381 1955 Anno
410 1919 518 1954 Nono.

489 1989 574 2020 (Nacli
600 1990 673 2014 einer
698 1988 834 2014 Absrlirift
859 1990 891 2014 im
917 1989 942 2014 k.
969 1988 1058 2014 bolnn.
1089 1988 1207 2013 Museum
1238 1996 1268 2013 zu
1299 1988 1367 2021 Prag
1397 1995 1444 2013 aus
1475 1986 1533 2012 dem
1562 1985 1636 2019 Orig.
1667 1985 1715 2011 des
1746 1985 1771 2010 k.
1796 1985 1821 2010 k.
1847 1984 2022 2010 llofarcliives

592 2042 615 2066 111
641 2040 744 2067 mensi

1053 2134 1070 2168 1
1080 2133 1154 2169 99.

188 2214 313 2256 Urbate,
343 2214 502 2247 Minister
530 2213 590 2246 der
619 2211 752 2255 Prnyer
783 2212 921 2253 Ise’relee,
959 2212 1024 2244 med
1055 2211 1240 2245 Jaroslaw.
1271 2212 1415 2255 Pfarrer
1449 2222 1490 2243 su
1518 2210 1670 2243 Νάιηρὲί.
1700 2211 1732 2242 in
1761 2210 1822 2242 der
1852 2208 2024 2241 Olnziltzer

183 2274 342 2307 Dion-ese.
377 2274 565 2307 ‘rerordnen
594 2273 665 2305 dem
701 2273 876 2305 Nz'eolmts,
913 2272 1035 2305 Custos
1072 2272 1132 2304 der
1168 2272 1302 2316 Pragyel·
1335 2270 1462 2305 Kirelee
1498 2271 1564 2303 und
1601 2270 1838 2314 bz'seleofliclzeu
1875 2268 2023 2313 Officia,

185 2334 263 2367 dass
292 2346 329 2366 er
357 2334 418 2368 dele
451 2334 597 2377 Gretqor,
628 2332 786 2365 Des-leant
815 2332 871 2365 bei
898 2332 935 2366 S.
966 2332 1091 2376 Aeffl'cl,
1121 2332 1175 2365 als
1203 2332 1482 2365 excommunic-m
1510 2331 1626 2363 mee'sle.
1664 2330 1747 2371 Βίῳ.
1784 2332 1819 2363 in
1853 2329 2027 2374 Praqensi

603 2396 711 2434 casto⁷
741 2392 786 2426 Χ.
817 2392 965 2426 Kalend.
996 2391 1208 2436 Septembris
1239 2392 1320 2435 (23.
1350 2392 1462 2435 Any.)
1495 2389 1605 2424 1319.

341 2451 511 2504 [rbanus
540 2473 689 2504 minister
722 2470 888 2503 ecclesiae
917 2470 1098 2514 Pragensis
1132 2481 1171 2503 ac
1205 2470 1379 2504 Jarozlaus
1412 2467 1573 2514 plebanus
1611 2469 1776 2503 ecclesiae
1808 2471 1841 2502 in
1875 2467 2025 2501 Namiest

188 2532 419 2565 Olomucensis
449 2531 605 2573 diocesis,
635 2535 837 2564 executores
867 2531 933 2564 dati
962 2531 1094 2564 domino
1123 2530 1270 2577 Dyrzlao
1305 2540 1405 2576 super
1437 2532 1542 2574 gratia
1573 2529 1634 2563 sihi
1667 2529 1754 2563 facta
1788 2529 1829 2562 de
1863 2528 2024 2562 decanatu

189 2591 354 2626 ecclesiae
374 2590 664 2635 wissegradensis
686 2594 881 2624 auctoritate
907 2590 996 2624 sedis
1016 2591 1221 2637 apostolicae
1241 2589 1425 2624 honorabili
1450 2592 1522 2623 viro
1547 2592 1708 2635 magistro
1733 2588 1871 2623 Nicolao
1896 2587 2026 2622 custodi
