<?xml version="1.0" encoding="UTF-8"?>
<!DOCTYPE html PUBLIC "-//W3C//DTD XHTML 1.0 Transitional//EN"
    "http://www.w3.org/TR/xhtml1/DTD/xhtml1-transitional.dtd">
<html xmlns="http://www.w3.org/1999/xhtml" xml:lang="en" lang="en">
 <head>
  <title>
</title>
<meta http-equiv="Content-Type" content="text/html;charset=utf-8" />
  <meta name='ocr-system' content='tesseract 3.04.00' />
  <meta name='ocr-capabilities' content='ocr_page ocr_carea ocr_par ocr_line ocrx_word'/>
</head>
<body>
  <div class='ocr_page' id='page_1' title='image "./codexdiplomaticu07morauoft_0252.png"; bbox 0 0 2184 2828; ppageno 0'>
   <div class='ocr_carea' id='block_1_1' title="bbox 1040 110 1106 145">
    <p class='ocr_par' dir='ltr' id='par_1_1' title="bbox 1040 110 1106 145">
     <span class='ocr_line' id='line_1_1' title="bbox 1040 110 1106 145; baseline -0.015 0"><span class='ocrx_word' id='word_1_1' title='bbox 1040 110 1106 145; x_wconf 81' lang='lat'>176</span> 
     </span>
    </p>
   </div>
   <div class='ocr_carea' id='block_1_2' title="bbox 141 227 1999 337">
    <p class='ocr_par' dir='ltr' id='par_1_2' title="bbox 141 227 1999 337">
     <span class='ocr_line' id='line_1_2' title="bbox 141 227 1997 276; baseline 0 -13"><span class='ocrx_word' id='word_1_2' title='bbox 141 229 363 276; x_wconf 88' lang='lat' dir='ltr'>predictorum</span> <span class='ocrx_word' id='word_1_3' title='bbox 399 241 459 276; x_wconf 90' lang='lat' dir='ltr'>per</span> <span class='ocrx_word' id='word_1_4' title='bbox 493 232 597 276; x_wconf 91' lang='lat' dir='ltr'>ipsum</span> <span class='ocrx_word' id='word_1_5' title='bbox 633 232 868 275; x_wconf 88' lang='lat' dir='ltr'>promissorum</span> <span class='ocrx_word' id='word_1_6' title='bbox 911 227 1132 262; x_wconf 88' lang='lat' dir='ltr'>inuiolabilem</span> <span class='ocrx_word' id='word_1_7' title='bbox 1168 227 1399 262; x_wconf 90' lang='lat' dir='ltr'>Sacrosanctis</span> <span class='ocrx_word' id='word_1_8' title='bbox 1442 232 1535 262; x_wconf 87' lang='lat' dir='ltr'>tactis</span> <span class='ocrx_word' id='word_1_9' title='bbox 1577 228 1788 273; x_wconf 86' lang='lat' dir='ltr'>Ewangelijs</span> <span class='ocrx_word' id='word_1_10' title='bbox 1827 228 1997 274; x_wconf 86' lang='lat' dir='ltr'>Corporali</span> 
     </span>
     <span class='ocr_line' id='line_1_3' title="bbox 143 287 1999 337; baseline -0.001 -13"><span class='ocrx_word' id='word_1_11' title='bbox 143 294 279 337; x_wconf 89' lang='lat' dir='ltr'>prestito</span> <span class='ocrx_word' id='word_1_12' title='bbox 322 290 540 324; x_wconf 89' lang='lat' dir='ltr'>Sacramento</span> <span class='ocrx_word' id='word_1_13' title='bbox 575 289 636 323; x_wconf 83' lang='lat' dir='ltr'>sub</span> <span class='ocrx_word' id='word_1_14' title='bbox 669 289 820 323; x_wconf 88' lang='lat' dir='ltr'>omnibus</span> <span class='ocrx_word' id='word_1_15' title='bbox 863 287 1122 323; x_wconf 90' lang='lat' dir='ltr'>Condicionibus</span> <span class='ocrx_word' id='word_1_16' title='bbox 1154 291 1390 334; x_wconf 81' lang='lat' dir='ltr'>premissorum</span> <span class='ocrx_word' id='word_1_17' title='bbox 1432 300 1494 323; x_wconf 91' lang='lat' dir='ltr'>nos</span> <span class='ocrx_word' id='word_1_18' title='bbox 1538 289 1675 323; x_wconf 83' lang='lat' dir='ltr'>fideliter</span> <span class='ocrx_word' id='word_1_19' title='bbox 1716 292 1930 334; x_wconf 72' lang='lat' dir='ltr'>astringimus</span> <span class='ocrx_word' id='word_1_20' title='bbox 1965 294 1999 324; x_wconf 83' lang='lat' dir='ltr'>et</span> 
     </span>
    </p>
   </div>
   <div class='ocr_carea' id='block_1_3' title="bbox 143 348 1998 446">
    <p class='ocr_par' dir='ltr' id='par_1_3' title="bbox 143 348 1998 446">
     <span class='ocr_line' id='line_1_4' title="bbox 143 348 1998 393; baseline -0.001 -8"><span class='ocrx_word' id='word_1_21' title='bbox 143 355 347 385; x_wconf 86' lang='lat' dir='ltr'>constanter.</span> <span class='ocrx_word' id='word_1_22' title='bbox 403 351 523 385; x_wconf 77' lang='lat' dir='ltr'>Actum</span> <span class='ocrx_word' id='word_1_23' title='bbox 561 354 594 384; x_wconf 82' lang='lat' dir='ltr'>et</span> <span class='ocrx_word' id='word_1_24' title='bbox 629 350 737 384; x_wconf 91' lang='lat' dir='ltr'>datum</span> <span class='ocrx_word' id='word_1_25' title='bbox 778 349 888 384; x_wconf 88' lang='lat' dir='ltr'>Brune</span> <span class='ocrx_word' id='word_1_26' title='bbox 924 348 984 383; x_wconf 76' lang='lat' dir='ltr'>VO.</span> <span class='ocrx_word' id='word_1_27' title='bbox 1014 348 1129 383; x_wconf 81' lang='lat' dir='ltr'>Nonas</span> <span class='ocrx_word' id='word_1_28' title='bbox 1157 348 1232 393; x_wconf 89' lang='lat' dir='ltr'>Julij</span> <span class='ocrx_word' id='word_1_29' title='bbox 1261 349 1362 383; x_wconf 82' lang='lat' dir='ltr'>Anno</span> <span class='ocrx_word' id='word_1_30' title='bbox 1391 349 1512 384; x_wconf 88' lang='lat' dir='ltr'>domini</span> <span class='ocrx_word' id='word_1_31' title='bbox 1542 349 1715 384; x_wconf 87' lang='lat' dir='ltr'>Millesimo</span> <span class='ocrx_word' id='word_1_32' title='bbox 1744 349 1998 384; x_wconf 82' lang='lat' dir='ltr'>Trecentesimo</span> 
     </span>
     <span class='ocr_line' id='line_1_5' title="bbox 145 415 444 446; baseline -0.003 -1"><span class='ocrx_word' id='word_1_33' title='bbox 145 415 316 446; x_wconf 88' lang='lat' dir='ltr'>tricesimo</span> <span class='ocrx_word' id='word_1_34' title='bbox 344 421 444 445; x_wconf 90' lang='lat' dir='ltr'>nono.</span> 
     </span>
    </p>
   </div>
   <div class='ocr_carea' id='block_1_4' title="bbox 454 488 1998 574">
    <p class='ocr_par' dir='ltr' id='par_1_4' title="bbox 454 488 1998 574">
     <span class='ocr_line' id='line_1_6' title="bbox 454 488 1998 524; baseline 0 -8"><span class='ocrx_word' id='word_1_35' title='bbox 454 491 522 519; x_wconf 72' lang='lat' dir='ltr'>(Das</span> <span class='ocrx_word' id='word_1_36' title='bbox 540 490 614 524; x_wconf 82' lang='lat' dir='ltr'>Orig.</span> <span class='ocrx_word' id='word_1_37' title='bbox 641 490 687 516; x_wconf 80' lang='lat' dir='ltr'>uus</span> <span class='ocrx_word' id='word_1_38' title='bbox 701 491 821 523; x_wconf 80' lang='lat' dir='ltr'>Pergam.</span> <span class='ocrx_word' id='word_1_39' title='bbox 841 491 886 515; x_wconf 88' lang='lat' dir='ltr'>mit</span> <span class='ocrx_word' id='word_1_40' title='bbox 909 490 975 515; x_wconf 83' lang='lat' dir='ltr'>zwei</span> <span class='ocrx_word' id='word_1_41' title='bbox 996 497 1122 523; x_wconf 75' lang='lat' dir='ltr'>grosseti.</span> <span class='ocrx_word' id='word_1_42' title='bbox 1141 488 1289 515; x_wconf 81' lang='lat' dir='ltr'>tlieilweise</span> <span class='ocrx_word' id='word_1_43' title='bbox 1307 489 1500 523; x_wconf 78' lang='lat' dir='ltr'>beschadigtcn</span> <span class='ocrx_word' id='word_1_44' title='bbox 1517 490 1742 524; x_wconf 81' lang='lat' dir='ltr'>Doppelsigillen.</span> <span class='ocrx_word' id='word_1_45' title='bbox 1760 491 1792 515; x_wconf 86' lang='lat' dir='ltr'>im</span> <span class='ocrx_word' id='word_1_46' title='bbox 1810 490 1892 516; x_wconf 77' lang='lat' dir='ltr'>uiahr.</span> <span class='ocrx_word' id='word_1_47' title='bbox 1911 490 1998 516; x_wconf 66' lang='lat' dir='ltr'>stand.</span> 
     </span>
     <span class='ocr_line' id='line_1_7' title="bbox 557 540 1372 574; baseline -0.001 -6"><span class='ocrx_word' id='word_1_48' title='bbox 557 542 770 569; x_wconf 77' lang='lat' dir='ltr'>Laudesarcliive</span> <span class='ocrx_word' id='word_1_49' title='bbox 796 545 873 568; x_wconf 88' lang='lat' dir='ltr'>unter</span> <span class='ocrx_word' id='word_1_50' title='bbox 897 542 946 567; x_wconf 87' lang='lat' dir='ltr'>den</span> <span class='ocrx_word' id='word_1_51' title='bbox 971 541 1234 574; x_wconf 79' lang='lat' dir='ltr'>Laudtagsreversen</span> <span class='ocrx_word' id='word_1_52' title='bbox 1259 541 1303 567; x_wconf 66' lang='grc' dir='ltr'>ΝΡ.</span> <span class='ocrx_word' id='word_1_53' title='bbox 1332 540 1372 573; x_wconf 90' lang='grc'>1.)</span> 
     </span>
    </p>
   </div>
   <div class='ocr_carea' id='block_1_5' title="bbox 146 661 2000 847">
    <p class='ocr_par' dir='ltr' id='par_1_5' title="bbox 146 661 2000 847">
     <span class='ocr_line' id='line_1_8' title="bbox 1021 661 1129 696; baseline 0 0"><span class='ocrx_word' id='word_1_54' title='bbox 1021 661 1129 696; x_wconf 69' lang='lat'>243.</span> 
     </span>
     <span class='ocr_line' id='line_1_9' title="bbox 146 739 1999 786; baseline -0.001 -10"><span class='ocrx_word' id='word_1_55' title='bbox 146 742 289 786; x_wconf 65' lang='lat' dir='ltr'>Herzog]</span> <span class='ocrx_word' id='word_1_56' title='bbox 317 741 486 775; x_wconf 67' lang='lat' dir='ltr'>Nilrolaus</span> <span class='ocrx_word' id='word_1_57' title='bbox 517 753 578 775; x_wconf 77' lang='lat' dir='ltr'>ron</span> <span class='ocrx_word' id='word_1_58' title='bbox 613 741 771 785; x_wconf 77' lang='lat' dir='ltr'>Troppau</span> <span class='ocrx_word' id='word_1_59' title='bbox 802 740 991 785; x_wconf 73' lang='lat' dir='ltr'>cerspriehl</span> <span class='ocrx_word' id='word_1_60' title='bbox 1021 741 1082 773; x_wconf 76' lang='lat' dir='ltr'>(len</span> <span class='ocrx_word' id='word_1_61' title='bbox 1117 739 1351 774; x_wconf 68' lang='lat' dir='ltr'>Untertkanen</span> <span class='ocrx_word' id='word_1_62' title='bbox 1389 742 1454 775; x_wconf 77' lang='lat' dir='ltr'>emd</span> <span class='ocrx_word' id='word_1_63' title='bbox 1497 741 1655 775; x_wconf 81' lang='lat' dir='ltr'>Vasalleu</span> <span class='ocrx_word' id='word_1_64' title='bbox 1685 742 1798 774; x_wconf 75' lang='lat' dir='ltr'>seines</span> <span class='ocrx_word' id='word_1_65' title='bbox 1826 741 1999 775; x_wconf 62' lang='lat' dir='ltr'>Farsten-</span> 
     </span>
     <span class='ocr_line' id='line_1_10' title="bbox 146 801 2000 847; baseline -0.001 -11"><span class='ocrx_word' id='word_1_66' title='bbox 146 803 287 838; x_wconf 76' lang='lat' dir='ltr'>tlmmes.</span> <span class='ocrx_word' id='word_1_67' title='bbox 317 804 368 836; x_wconf 74' lang='lat' dir='ltr'>sie</span> <span class='ocrx_word' id='word_1_68' title='bbox 397 804 428 835; x_wconf 78' lang='lat' dir='ltr'>iu</span> <span class='ocrx_word' id='word_1_69' title='bbox 459 802 552 835; x_wconf 74' lang='lat' dir='ltr'>ihren</span> <span class='ocrx_word' id='word_1_70' title='bbox 586 801 737 836; x_wconf 68' lang='lat' dir='ltr'>Reelzten</span> <span class='ocrx_word' id='word_1_71' title='bbox 768 802 834 834; x_wconf 78' lang='lat' dir='ltr'>1!an</span> <span class='ocrx_word' id='word_1_72' title='bbox 860 801 1056 835; x_wconf 75' lang='lat' dir='ltr'>Freileeileu</span> <span class='ocrx_word' id='word_1_73' title='bbox 1088 813 1128 834; x_wconf 70' lang='lat' dir='ltr'>zu</span> <span class='ocrx_word' id='word_1_74' title='bbox 1154 801 1327 841; x_wconf 60' lang='lat' dir='ltr'>schiltzem</span> <span class='ocrx_word' id='word_1_75' title='bbox 1357 802 1423 835; x_wconf 78' lang='lat' dir='ltr'>und</span> <span class='ocrx_word' id='word_1_76' title='bbox 1449 802 1578 835; x_wconf 72' lang='lat' dir='ltr'>sic-hert</span> <span class='ocrx_word' id='word_1_77' title='bbox 1607 802 1704 835; x_wconf 74' lang='lat' dir='ltr'>ilenen</span> <span class='ocrx_word' id='word_1_78' title='bbox 1736 803 1779 834; x_wconf 78' lang='lat' dir='ltr'>e&#39;m</span> <span class='ocrx_word' id='word_1_79' title='bbox 1806 805 2000 847; x_wconf 69' lang='lat' dir='ltr'>eeaetqeqen—</span> 
     </span>
    </p>
   </div>
   <div class='ocr_carea' id='block_1_6' title="bbox 146 861 2001 956">
    <p class='ocr_par' dir='ltr' id='par_1_6' title="bbox 146 861 2001 956">
     <span class='ocr_line' id='line_1_11' title="bbox 146 861 2001 909; baseline -0.001 -12"><span class='ocrx_word' id='word_1_80' title='bbox 146 867 323 909; x_wconf 68' lang='lat' dir='ltr'>yesetzlen</span> <span class='ocrx_word' id='word_1_81' title='bbox 344 863 443 896; x_wconf 81' lang='lat' dir='ltr'>Falle</span> <span class='ocrx_word' id='word_1_82' title='bbox 463 864 517 896; x_wconf 75' lang='lat' dir='ltr'>die</span> <span class='ocrx_word' id='word_1_83' title='bbox 538 863 714 906; x_wconf 71' lang='lat' dir='ltr'>Ber-nfuuy</span> <span class='ocrx_word' id='word_1_84' title='bbox 734 863 800 906; x_wconf 81' lang='lat' dir='ltr'>auf</span> <span class='ocrx_word' id='word_1_85' title='bbox 812 863 874 895; x_wconf 80' lang='lat' dir='ltr'>deu</span> <span class='ocrx_word' id='word_1_86' title='bbox 895 862 1008 906; x_wconf 63' lang='lat' dir='ltr'>Kom&#39;g]</span> <span class='ocrx_word' id='word_1_87' title='bbox 1030 873 1090 895; x_wconf 78' lang='lat' dir='ltr'>ron</span> <span class='ocrx_word' id='word_1_88' title='bbox 1114 861 1262 895; x_wconf 71' lang='lat' dir='ltr'>Bo&#39;lzmen</span> <span class='ocrx_word' id='word_1_89' title='bbox 1284 874 1333 896; x_wconf 72' lang='lat' dir='ltr'>zu.</span> <span class='ocrx_word' id='word_1_90' title='bbox 1365 862 1424 896; x_wconf 82' lang='lat' dir='ltr'>Dt.</span> <span class='ocrx_word' id='word_1_91' title='bbox 1455 864 1486 896; x_wconf 84' lang='grc' dir='ltr'>ἰη</span> <span class='ocrx_word' id='word_1_92' title='bbox 1511 862 1660 896; x_wconf 72' lang='lat' dir='ltr'>Olomm‘.</span> <span class='ocrx_word' id='word_1_93' title='bbox 1682 863 1736 896; x_wconf 76' lang='lat' dir='ltr'>die</span> <span class='ocrx_word' id='word_1_94' title='bbox 1764 862 1856 896; x_wconf 77' lang='lat' dir='ltr'>t&#39;lll.</span> <span class='ocrx_word' id='word_1_95' title='bbox 1879 864 2001 897; x_wconf 77' lang='lat' dir='ltr'>mensis</span> 
     </span>
     <span class='ocr_line' id='line_1_12' title="bbox 964 922 1190 956; baseline 0.004 -1"><span class='ocrx_word' id='word_1_96' title='bbox 964 922 1051 955; x_wconf 74' lang='lat' dir='ltr'>Julii</span> <span class='ocrx_word' id='word_1_97' title='bbox 1082 922 1190 956; x_wconf 84' lang='lat'><strong><em>1339.</em></strong></span> 
     </span>
    </p>
   </div>
   <div class='ocr_carea' id='block_1_7' title="bbox 146 1001 2008 2523">
    <p class='ocr_par' dir='ltr' id='par_1_7' title="bbox 146 1001 2008 2523">
     <span class='ocr_line' id='line_1_13' title="bbox 301 1001 2001 1065; baseline -0.001 -11"><span class='ocrx_word' id='word_1_98' title='bbox 301 1001 390 1054; x_wconf 49' lang='lat' dir='ltr'>Ros</span> <span class='ocrx_word' id='word_1_99' title='bbox 421 1019 590 1065; x_wconf 58' lang='lat' dir='ltr'>Nycolaus</span> <span class='ocrx_word' id='word_1_100' title='bbox 620 1018 672 1052; x_wconf 86' lang='lat' dir='ltr'>dei</span> <span class='ocrx_word' id='word_1_101' title='bbox 700 1022 814 1063; x_wconf 78' lang='lat' dir='ltr'>gracia</span> <span class='ocrx_word' id='word_1_102' title='bbox 844 1018 911 1052; x_wconf 82' lang='lat' dir='ltr'>dux</span> <span class='ocrx_word' id='word_1_103' title='bbox 941 1018 1079 1064; x_wconf 88' lang='lat' dir='ltr'>Opauie.</span> <span class='ocrx_word' id='word_1_104' title='bbox 1111 1018 1165 1052; x_wconf 78' lang='lat' dir='ltr'>Ad</span> <span class='ocrx_word' id='word_1_105' title='bbox 1192 1021 1422 1052; x_wconf 85' lang='lat' dir='ltr'>vniuersorum</span> <span class='ocrx_word' id='word_1_106' title='bbox 1459 1021 1614 1053; x_wconf 80' lang='lat' dir='ltr'>noticiam</span> <span class='ocrx_word' id='word_1_107' title='bbox 1644 1023 1760 1053; x_wconf 90' lang='lat' dir='ltr'>tenore</span> <span class='ocrx_word' id='word_1_108' title='bbox 1789 1022 2001 1065; x_wconf 82' lang='lat' dir='ltr'>presencium</span> 
     </span>
     <span class='ocr_line' id='line_1_14' title="bbox 147 1079 2002 1126; baseline 0 -12"><span class='ocrx_word' id='word_1_109' title='bbox 147 1081 299 1115; x_wconf 87' lang='lat' dir='ltr'>uolumus</span> <span class='ocrx_word' id='word_1_110' title='bbox 328 1083 517 1126; x_wconf 73' lang='lat' dir='ltr'>peruenire,</span> <span class='ocrx_word' id='word_1_111' title='bbox 547 1080 634 1125; x_wconf 87' lang='lat' dir='ltr'>quod</span> <span class='ocrx_word' id='word_1_112' title='bbox 662 1091 723 1113; x_wconf 88' lang='lat' dir='ltr'>nos</span> <span class='ocrx_word' id='word_1_113' title='bbox 752 1082 897 1113; x_wconf 80' lang='lat' dir='ltr'>contenti</span> <span class='ocrx_word' id='word_1_114' title='bbox 927 1084 1017 1113; x_wconf 85' lang='lat' dir='ltr'>stare</span> <span class='ocrx_word' id='word_1_115' title='bbox 1052 1080 1204 1113; x_wconf 89' lang='lat' dir='ltr'>uolentes</span> <span class='ocrx_word' id='word_1_116' title='bbox 1239 1082 1363 1113; x_wconf 89' lang='lat' dir='ltr'>nostris</span> <span class='ocrx_word' id='word_1_117' title='bbox 1397 1083 1544 1113; x_wconf 86' lang='lat' dir='ltr'>terminis</span> <span class='ocrx_word' id='word_1_118' title='bbox 1578 1079 1782 1113; x_wconf 79' lang='lat' dir='ltr'>libertatibus</span> <span class='ocrx_word' id='word_1_119' title='bbox 1819 1084 1852 1114; x_wconf 88' lang='lat' dir='ltr'>et</span> <span class='ocrx_word' id='word_1_120' title='bbox 1878 1083 2002 1125; x_wconf 81' lang='lat' dir='ltr'>graciis</span> 
     </span>
     <span class='ocr_line' id='line_1_15' title="bbox 147 1140 2000 1186; baseline 0.001 -12"><span class='ocrx_word' id='word_1_121' title='bbox 147 1141 230 1175; x_wconf 79' lang='lat' dir='ltr'>(latis</span> <span class='ocrx_word' id='word_1_122' title='bbox 261 1146 292 1174; x_wconf 87' lang='lat' dir='ltr'>et</span> <span class='ocrx_word' id='word_1_123' title='bbox 320 1143 490 1186; x_wconf 55' lang='lat' dir='ltr'>impensis</span> <span class='ocrx_word' id='word_1_124' title='bbox 521 1140 615 1174; x_wconf 87' lang='lat' dir='ltr'>nobis</span> <span class='ocrx_word' id='word_1_125' title='bbox 649 1152 666 1174; x_wconf 88' lang='lat' dir='ltr'>a</span> <span class='ocrx_word' id='word_1_126' title='bbox 703 1140 834 1173; x_wconf 93' lang='lat' dir='ltr'>domino</span> <span class='ocrx_word' id='word_1_127' title='bbox 870 1145 996 1174; x_wconf 89' lang='lat' dir='ltr'>nostro.</span> <span class='ocrx_word' id='word_1_128' title='bbox 1034 1140 1167 1174; x_wconf 90' lang='lat' dir='ltr'>domino</span> <span class='ocrx_word' id='word_1_129' title='bbox 1201 1140 1353 1174; x_wconf 86' lang='lat' dir='ltr'>Johanne</span> <span class='ocrx_word' id='word_1_130' title='bbox 1385 1140 1518 1174; x_wconf 85' lang='lat' dir='ltr'>Boemie</span> <span class='ocrx_word' id='word_1_131' title='bbox 1548 1140 1644 1185; x_wconf 85' lang='lat' dir='ltr'>Rege</span> <span class='ocrx_word' id='word_1_132' title='bbox 1683 1143 1898 1175; x_wconf 82' lang='lat' dir='ltr'>serenissimo</span> <span class='ocrx_word' id='word_1_133' title='bbox 1927 1152 2000 1175; x_wconf 90' lang='lat' dir='ltr'>cum</span> 
     </span>
     <span class='ocr_line' id='line_1_16' title="bbox 146 1201 2001 1247; baseline 0.001 -12"><span class='ocrx_word' id='word_1_134' title='bbox 146 1205 334 1247; x_wconf 80' lang='lat' dir='ltr'>graciarum</span> <span class='ocrx_word' id='word_1_135' title='bbox 365 1201 557 1235; x_wconf 85' lang='lat' dir='ltr'>accionibus</span> <span class='ocrx_word' id='word_1_136' title='bbox 586 1201 704 1234; x_wconf 75' lang='lat' dir='ltr'>debitis</span> <span class='ocrx_word' id='word_1_137' title='bbox 733 1206 765 1234; x_wconf 85' lang='lat' dir='ltr'>et</span> <span class='ocrx_word' id='word_1_138' title='bbox 795 1201 936 1243; x_wconf 64' lang='lat' dir='ltr'>deuotis,</span> <span class='ocrx_word' id='word_1_139' title='bbox 967 1202 1185 1246; x_wconf 87' lang='lat' dir='ltr'>uolentesque</span> <span class='ocrx_word' id='word_1_140' title='bbox 1220 1201 1357 1247; x_wconf 84' lang='lat' dir='ltr'>proinde</span> <span class='ocrx_word' id='word_1_141' title='bbox 1386 1204 1435 1234; x_wconf 87' lang='lat' dir='ltr'>ius</span> <span class='ocrx_word' id='word_1_142' title='bbox 1465 1212 1558 1235; x_wconf 83' lang='lat' dir='ltr'>suum</span> <span class='ocrx_word' id='word_1_143' title='bbox 1589 1204 1767 1246; x_wconf 86' lang='lat' dir='ltr'>vnicuique</span> <span class='ocrx_word' id='word_1_144' title='bbox 1797 1201 2001 1236; x_wconf 89' lang='lat' dir='ltr'>subditorum</span> 
     </span>
     <span class='ocr_line' id='line_1_17' title="bbox 147 1261 2002 1307; baseline 0 -11"><span class='ocrx_word' id='word_1_145' title='bbox 147 1268 335 1296; x_wconf 84' lang='lat' dir='ltr'>nostrorum</span> <span class='ocrx_word' id='word_1_146' title='bbox 366 1262 511 1296; x_wconf 89' lang='lat' dir='ltr'>tribuere</span> <span class='ocrx_word' id='word_1_147' title='bbox 541 1267 574 1296; x_wconf 90' lang='lat' dir='ltr'>et</span> <span class='ocrx_word' id='word_1_148' title='bbox 601 1262 729 1295; x_wconf 85' lang='lat' dir='ltr'>nobiles</span> <span class='ocrx_word' id='word_1_149' title='bbox 760 1262 904 1295; x_wconf 78' lang='lat' dir='ltr'>barones</span> <span class='ocrx_word' id='word_1_150' title='bbox 933 1266 964 1295; x_wconf 85' lang='lat' dir='ltr'>et</span> <span class='ocrx_word' id='word_1_151' title='bbox 993 1262 1138 1295; x_wconf 88' lang='lat' dir='ltr'>uasallos</span> <span class='ocrx_word' id='word_1_152' title='bbox 1166 1273 1269 1307; x_wconf 84' lang='lat' dir='ltr'>penes</span> <span class='ocrx_word' id='word_1_153' title='bbox 1299 1261 1464 1295; x_wconf 74' lang='lat' dir='ltr'>libertates</span> <span class='ocrx_word' id='word_1_154' title='bbox 1494 1267 1525 1295; x_wconf 85' lang='lat' dir='ltr'>ct</span> <span class='ocrx_word' id='word_1_155' title='bbox 1554 1265 1699 1296; x_wconf 84' lang='lat' dir='ltr'>iusticias</span> <span class='ocrx_word' id='word_1_156' title='bbox 1729 1262 1858 1296; x_wconf 79' lang='lat' dir='ltr'>liabitas</span> <span class='ocrx_word' id='word_1_157' title='bbox 1886 1273 2002 1296; x_wconf 90' lang='lat' dir='ltr'>eorum</span> 
     </span>
     <span class='ocr_line' id='line_1_18' title="bbox 148 1322 2003 1368; baseline 0.001 -11"><span class='ocrx_word' id='word_1_158' title='bbox 148 1323 380 1357; x_wconf 79' lang='lat' dir='ltr'>inuiolabiliter</span> <span class='ocrx_word' id='word_1_159' title='bbox 415 1334 619 1356; x_wconf 83' lang='lat' dir='ltr'>conseruare</span> <span class='ocrx_word' id='word_1_160' title='bbox 654 1326 871 1368; x_wconf 76' lang='lat' dir='ltr'>promittimus</span> <span class='ocrx_word' id='word_1_161' title='bbox 906 1323 1034 1368; x_wconf 75' lang='lat' dir='ltr'>prefato</span> <span class='ocrx_word' id='word_1_162' title='bbox 1069 1323 1200 1356; x_wconf 88' lang='lat' dir='ltr'>domino</span> <span class='ocrx_word' id='word_1_163' title='bbox 1230 1327 1341 1356; x_wconf 90' lang='lat' dir='ltr'>nostro</span> <span class='ocrx_word' id='word_1_164' title='bbox 1377 1327 1409 1356; x_wconf 88' lang='lat' dir='ltr'>et</span> <span class='ocrx_word' id='word_1_165' title='bbox 1447 1322 1624 1356; x_wconf 82' lang='lat' dir='ltr'>heredibus</span> <span class='ocrx_word' id='word_1_166' title='bbox 1668 1334 1707 1356; x_wconf 91' lang='lat' dir='ltr'>ac</span> <span class='ocrx_word' id='word_1_167' title='bbox 1749 1323 2003 1358; x_wconf 88' lang='lat' dir='ltr'>successoribus</span> 
     </span>
     <span class='ocr_line' id='line_1_19' title="bbox 148 1373 2004 1431; baseline 0 -13"><span class='ocrx_word' id='word_1_168' title='bbox 148 1388 220 1418; x_wconf 92' lang='lat' dir='ltr'>eius</span> <span class='ocrx_word' id='word_1_169' title='bbox 250 1384 385 1418; x_wconf 75' lang='lat' dir='ltr'>Boemie</span> <span class='ocrx_word' id='word_1_170' title='bbox 415 1384 564 1428; x_wconf 82' lang='lat' dir='ltr'>Regibus</span> <span class='ocrx_word' id='word_1_171' title='bbox 594 1396 652 1429; x_wconf 88' lang='lat' dir='ltr'>pro</span> <span class='ocrx_word' id='word_1_172' title='bbox 683 1383 776 1417; x_wconf 84' lang='lat' dir='ltr'>nobis</span> <span class='ocrx_word' id='word_1_173' title='bbox 807 1388 838 1417; x_wconf 87' lang='lat' dir='ltr'>et</span> <span class='ocrx_word' id='word_1_174' title='bbox 866 1384 1045 1417; x_wconf 86' lang='lat' dir='ltr'>heredibus</span> <span class='ocrx_word' id='word_1_175' title='bbox 1075 1387 1197 1418; x_wconf 81' lang='lat' dir='ltr'>nostris</span> <span class='ocrx_word' id='word_1_176' title='bbox 1235 1384 1367 1417; x_wconf 86' lang='lat' dir='ltr'>firmiter</span> <span class='ocrx_word' id='word_1_177' title='bbox 1395 1388 1427 1417; x_wconf 89' lang='lat' dir='ltr'>et</span> <span class='ocrx_word' id='word_1_178' title='bbox 1456 1383 1595 1417; x_wconf 78' lang='lat' dir='ltr'>fideliter</span> <span class='ocrx_word' id='word_1_179' title='bbox 1629 1373 1832 1429; x_wconf 83' lang='lat' dir='ltr'>spondemus</span> <span class='ocrx_word' id='word_1_180' title='bbox 1860 1395 1943 1431; x_wconf 87' lang='lat' dir='ltr'>pure</span> <span class='ocrx_word' id='word_1_181' title='bbox 1971 1389 2004 1418; x_wconf 88' lang='lat' dir='ltr'>et-</span> 
     </span>
     <span class='ocr_line' id='line_1_20' title="bbox 149 1444 2004 1492; baseline 0 -12"><span class='ocrx_word' id='word_1_182' title='bbox 149 1449 282 1480; x_wconf 83' lang='lat' dir='ltr'>sincci·e</span> <span class='ocrx_word' id='word_1_183' title='bbox 316 1457 432 1478; x_wconf 87' lang='lat' dir='ltr'>omnes</span> <span class='ocrx_word' id='word_1_184' title='bbox 469 1450 502 1478; x_wconf 89' lang='lat' dir='ltr'>et</span> <span class='ocrx_word' id='word_1_185' title='bbox 537 1446 686 1489; x_wconf 79' lang='lat' dir='ltr'>singulos</span> <span class='ocrx_word' id='word_1_186' title='bbox 723 1444 866 1479; x_wconf 74' lang='lat' dir='ltr'>barones</span> <span class='ocrx_word' id='word_1_187' title='bbox 903 1445 1045 1478; x_wconf 72' lang='lat' dir='ltr'>uasallos</span> <span class='ocrx_word' id='word_1_188' title='bbox 1080 1450 1111 1478; x_wconf 89' lang='lat' dir='ltr'>et</span> <span class='ocrx_word' id='word_1_189' title='bbox 1154 1444 1280 1478; x_wconf 89' lang='lat' dir='ltr'>nobiles</span> <span class='ocrx_word' id='word_1_190' title='bbox 1314 1449 1401 1478; x_wconf 91' lang='lat' dir='ltr'>terre</span> <span class='ocrx_word' id='word_1_191' title='bbox 1436 1447 1626 1489; x_wconf 79' lang='lat' dir='ltr'>opauiensis</span> <span class='ocrx_word' id='word_1_192' title='bbox 1665 1450 1762 1491; x_wconf 92' lang='lat' dir='ltr'>prout</span> <span class='ocrx_word' id='word_1_193' title='bbox 1803 1445 1898 1479; x_wconf 88' lang='lat' dir='ltr'>nobis</span> <span class='ocrx_word' id='word_1_194' title='bbox 1932 1449 2004 1492; x_wconf 88' lang='lat' dir='ltr'>ipse</span> 
     </span>
     <span class='ocr_line' id='line_1_21' title="bbox 150 1505 2003 1552; baseline 0.001 -12"><span class='ocrx_word' id='word_1_195' title='bbox 150 1507 300 1540; x_wconf 85' lang='lat' dir='ltr'>dominus</span> <span class='ocrx_word' id='word_1_196' title='bbox 332 1511 446 1539; x_wconf 82' lang='lat' dir='ltr'>noster</span> <span class='ocrx_word' id='word_1_197' title='bbox 475 1506 561 1539; x_wconf 82' lang='lat' dir='ltr'>dedit</span> <span class='ocrx_word' id='word_1_198' title='bbox 590 1510 622 1539; x_wconf 84' lang='lat' dir='ltr'>et</span> <span class='ocrx_word' id='word_1_199' title='bbox 651 1506 782 1539; x_wconf 77' lang='lat' dir='ltr'>tradidit</span> <span class='ocrx_word' id='word_1_200' title='bbox 810 1517 869 1551; x_wconf 85' lang='lat' dir='ltr'>per</span> <span class='ocrx_word' id='word_1_201' title='bbox 897 1518 974 1539; x_wconf 80' lang='lat' dir='ltr'>suas</span> <span class='ocrx_word' id='word_1_202' title='bbox 1002 1506 1126 1539; x_wconf 82' lang='lat' dir='ltr'>litei-as.</span> <span class='ocrx_word' id='word_1_203' title='bbox 1157 1517 1290 1551; x_wconf 88' lang='lat' dir='ltr'>quarum</span> <span class='ocrx_word' id='word_1_204' title='bbox 1320 1510 1414 1538; x_wconf 89' lang='lat' dir='ltr'>tenor</span> <span class='ocrx_word' id='word_1_205' title='bbox 1443 1505 1514 1539; x_wconf 75' lang='lat' dir='ltr'>talis</span> <span class='ocrx_word' id='word_1_206' title='bbox 1543 1511 1604 1539; x_wconf 78' lang='lat' dir='ltr'>cst.</span> <span class='ocrx_word' id='word_1_207' title='bbox 1654 1505 1722 1539; x_wconf 80' lang='lat' dir='ltr'>Nos</span> <span class='ocrx_word' id='word_1_208' title='bbox 1751 1505 1922 1552; x_wconf 62' lang='lat' dir='ltr'>Nycolaus</span> <span class='ocrx_word' id='word_1_209' title='bbox 1951 1507 2003 1541; x_wconf 88' lang='lat' dir='ltr'>dei</span> 
     </span>
     <span class='ocr_line' id='line_1_22' title="bbox 149 1567 2004 1613; baseline 0.001 -12"><span class='ocrx_word' id='word_1_210' title='bbox 149 1571 264 1612; x_wconf 85' lang='lat' dir='ltr'>gracia</span> <span class='ocrx_word' id='word_1_211' title='bbox 295 1567 362 1600; x_wconf 81' lang='lat' dir='ltr'>dux</span> <span class='ocrx_word' id='word_1_212' title='bbox 392 1568 520 1613; x_wconf 79' lang='lat' dir='ltr'>(lpauie</span> <span class='ocrx_word' id='word_1_213' title='bbox 550 1567 588 1600; x_wconf 87' lang='lat' dir='ltr'>ad</span> <span class='ocrx_word' id='word_1_214' title='bbox 619 1570 853 1600; x_wconf 77' lang='lat' dir='ltr'>vniucrsorum</span> <span class='ocrx_word' id='word_1_215' title='bbox 883 1570 1038 1600; x_wconf 85' lang='lat' dir='ltr'>noticiam</span> <span class='ocrx_word' id='word_1_216' title='bbox 1069 1568 1222 1600; x_wconf 82' lang='lat' dir='ltr'>volumus</span> <span class='ocrx_word' id='word_1_217' title='bbox 1242 1569 1429 1612; x_wconf 58' lang='lat' dir='ltr'>peruenirQ</span> <span class='ocrx_word' id='word_1_218' title='bbox 1451 1567 1536 1611; x_wconf 88' lang='lat' dir='ltr'>quod</span> <span class='ocrx_word' id='word_1_219' title='bbox 1559 1567 1710 1600; x_wconf 83' lang='lat' dir='ltr'>uolentes</span> <span class='ocrx_word' id='word_1_220' title='bbox 1730 1568 1869 1602; x_wconf 87' lang='lat' dir='ltr'>dilectos</span> <span class='ocrx_word' id='word_1_221' title='bbox 1890 1567 2004 1602; x_wconf 78' lang='lat' dir='ltr'>fideles</span> 
     </span>
     <span class='ocr_line' id='line_1_23' title="bbox 150 1627 2004 1673; baseline 0.001 -11"><span class='ocrx_word' id='word_1_222' title='bbox 150 1633 282 1663; x_wconf 91' lang='lat' dir='ltr'>nostros</span> <span class='ocrx_word' id='word_1_223' title='bbox 314 1628 458 1662; x_wconf 85' lang='lat' dir='ltr'>barones</span> <span class='ocrx_word' id='word_1_224' title='bbox 487 1632 518 1661; x_wconf 89' lang='lat' dir='ltr'>et</span> <span class='ocrx_word' id='word_1_225' title='bbox 556 1627 685 1661; x_wconf 84' lang='lat' dir='ltr'>nobiles</span> <span class='ocrx_word' id='word_1_226' title='bbox 715 1630 816 1673; x_wconf 88' lang='lat' dir='ltr'>ipsius</span> <span class='ocrx_word' id='word_1_227' title='bbox 845 1627 984 1661; x_wconf 88' lang='lat' dir='ltr'>ducatus</span> <span class='ocrx_word' id='word_1_228' title='bbox 1019 1630 1125 1661; x_wconf 90' lang='lat' dir='ltr'>nostri</span> <span class='ocrx_word' id='word_1_229' title='bbox 1162 1630 1352 1673; x_wconf 88' lang='lat' dir='ltr'>opauiensis</span> <span class='ocrx_word' id='word_1_230' title='bbox 1387 1638 1468 1672; x_wconf 89' lang='lat' dir='ltr'>quos</span> <span class='ocrx_word' id='word_1_231' title='bbox 1498 1628 1596 1673; x_wconf 89' lang='lat' dir='ltr'>pleno</span> <span class='ocrx_word' id='word_1_232' title='bbox 1632 1632 1665 1661; x_wconf 89' lang='lat' dir='ltr'>et</span> <span class='ocrx_word' id='word_1_233' title='bbox 1692 1631 1851 1673; x_wconf 88' lang='lat' dir='ltr'>gracioso</span> <span class='ocrx_word' id='word_1_234' title='bbox 1880 1628 2004 1663; x_wconf 84' lang='lat' dir='ltr'>fauoris</span> 
     </span>
     <span class='ocr_line' id='line_1_24' title="bbox 151 1688 2004 1735; baseline 0.001 -13"><span class='ocrx_word' id='word_1_235' title='bbox 151 1690 311 1735; x_wconf 74' lang='lat' dir='ltr'>applausu</span> <span class='ocrx_word' id='word_1_236' title='bbox 342 1689 570 1734; x_wconf 86' lang='lat' dir='ltr'>amplectimur</span> <span class='ocrx_word' id='word_1_237' title='bbox 599 1689 638 1722; x_wconf 90' lang='lat' dir='ltr'>ad</span> <span class='ocrx_word' id='word_1_238' title='bbox 668 1688 776 1722; x_wconf 89' lang='lat' dir='ltr'>debita</span> <span class='ocrx_word' id='word_1_239' title='bbox 806 1693 838 1722; x_wconf 90' lang='lat' dir='ltr'>et</span> <span class='ocrx_word' id='word_1_240' title='bbox 866 1692 1009 1733; x_wconf 82' lang='lat' dir='ltr'>gratuita</span> <span class='ocrx_word' id='word_1_241' title='bbox 1039 1699 1224 1734; x_wconf 86' lang='lat' dir='ltr'>prouocare</span> <span class='ocrx_word' id='word_1_242' title='bbox 1252 1690 1406 1722; x_wconf 81' lang='lat' dir='ltr'>seruicia.</span> <span class='ocrx_word' id='word_1_243' title='bbox 1444 1688 1626 1733; x_wconf 86' lang='lat' dir='ltr'>pollicenur</span> <span class='ocrx_word' id='word_1_244' title='bbox 1661 1689 1798 1727; x_wconf 61' lang='lat' dir='ltr'>eisdeuu</span> <span class='ocrx_word' id='word_1_245' title='bbox 1828 1689 1914 1735; x_wconf 89' lang='lat' dir='ltr'>quod</span> <span class='ocrx_word' id='word_1_246' title='bbox 1944 1700 2004 1724; x_wconf 87' lang='lat' dir='ltr'>eos</span> 
     </span>
     <span class='ocr_line' id='line_1_25' title="bbox 152 1747 2006 1795; baseline 0 -11"><span class='ocrx_word' id='word_1_247' title='bbox 152 1755 183 1785; x_wconf 89' lang='lat' dir='ltr'>in</span> <span class='ocrx_word' id='word_1_248' title='bbox 213 1750 364 1784; x_wconf 87' lang='lat' dir='ltr'>omnibus</span> <span class='ocrx_word' id='word_1_249' title='bbox 395 1750 455 1783; x_wconf 87' lang='lat' dir='ltr'>illis</span> <span class='ocrx_word' id='word_1_250' title='bbox 485 1749 608 1783; x_wconf 86' lang='lat' dir='ltr'>iuribus</span> <span class='ocrx_word' id='word_1_251' title='bbox 637 1754 669 1783; x_wconf 89' lang='lat' dir='ltr'>et</span> <span class='ocrx_word' id='word_1_252' title='bbox 696 1749 792 1782; x_wconf 88' lang='lat' dir='ltr'>bonis</span> <span class='ocrx_word' id='word_1_253' title='bbox 821 1749 1125 1792; x_wconf 59' lang='lat' dir='ltr'>consuetudinibus³</span> <span class='ocrx_word' id='word_1_254' title='bbox 1156 1760 1218 1795; x_wconf 86' lang='lat' dir='ltr'>que</span> <span class='ocrx_word' id='word_1_255' title='bbox 1237 1753 1269 1783; x_wconf 91' lang='lat' dir='ltr'>et</span> <span class='ocrx_word' id='word_1_256' title='bbox 1287 1760 1369 1794; x_wconf 88' lang='lat' dir='ltr'>quas</span> <span class='ocrx_word' id='word_1_257' title='bbox 1389 1747 1533 1782; x_wconf 79' lang='lat' dir='ltr'>barones</span> <span class='ocrx_word' id='word_1_258' title='bbox 1553 1754 1586 1783; x_wconf 85' lang='lat' dir='ltr'>et</span> <span class='ocrx_word' id='word_1_259' title='bbox 1604 1749 1732 1783; x_wconf 86' lang='lat' dir='ltr'>nobiles</span> <span class='ocrx_word' id='word_1_260' title='bbox 1752 1753 1848 1794; x_wconf 86' lang='lat' dir='ltr'>regni</span> <span class='ocrx_word' id='word_1_261' title='bbox 1869 1750 2006 1784; x_wconf 90' lang='lat' dir='ltr'>Boemie</span> 
     </span>
     <span class='ocr_line' id='line_1_26' title="bbox 152 1809 2007 1856; baseline 0 -11"><span class='ocrx_word' id='word_1_262' title='bbox 152 1817 184 1845; x_wconf 85' lang='lat' dir='ltr'>ct</span> <span class='ocrx_word' id='word_1_263' title='bbox 213 1811 460 1845; x_wconf 81' lang='lat' dir='ltr'>marchionatus</span> <span class='ocrx_word' id='word_1_264' title='bbox 490 1810 644 1844; x_wconf 69' lang='lat' dir='ltr'>Moravie</span> <span class='ocrx_word' id='word_1_265' title='bbox 673 1809 793 1844; x_wconf 81' lang='lat' dir='ltr'>liabent</span> <span class='ocrx_word' id='word_1_266' title='bbox 819 1815 852 1844; x_wconf 91' lang='lat' dir='ltr'>et</span> <span class='ocrx_word' id='word_1_267' title='bbox 872 1813 1031 1856; x_wconf 64' lang='lat' dir='ltr'>optinent‚</span> <span class='ocrx_word' id='word_1_268' title='bbox 1053 1810 1169 1856; x_wconf 89' lang='lat' dir='ltr'>quibus</span> <span class='ocrx_word' id='word_1_269' title='bbox 1189 1814 1221 1844; x_wconf 89' lang='lat' dir='ltr'>et</span> <span class='ocrx_word' id='word_1_270' title='bbox 1240 1820 1298 1843; x_wconf 89' lang='lat' dir='ltr'>eos</span> <span class='ocrx_word' id='word_1_271' title='bbox 1318 1812 1363 1843; x_wconf 90' lang='lat' dir='ltr'>vti</span> <span class='ocrx_word' id='word_1_272' title='bbox 1383 1814 1415 1843; x_wconf 92' lang='lat' dir='ltr'>et</span> <span class='ocrx_word' id='word_1_273' title='bbox 1433 1809 1584 1853; x_wconf 87' lang='lat' dir='ltr'>gaudere</span> <span class='ocrx_word' id='word_1_274' title='bbox 1605 1811 1768 1853; x_wconf 77' lang='lat' dir='ltr'>volumus,</span> <span class='ocrx_word' id='word_1_275' title='bbox 1790 1813 2007 1856; x_wconf 86' lang='lat' dir='ltr'>promittimus</span> 
     </span>
     <span class='ocr_line' id='line_1_27' title="bbox 153 1870 2007 1915; baseline 0 -9"><span class='ocrx_word' id='word_1_276' title='bbox 153 1883 371 1906; x_wconf 74' lang='lat' dir='ltr'>conseruare.</span> <span class='ocrx_word' id='word_1_277' title='bbox 404 1871 530 1905; x_wconf 80' lang='lat' dir='ltr'>Dantcs</span> <span class='ocrx_word' id='word_1_278' title='bbox 560 1874 609 1904; x_wconf 86' lang='lat' dir='ltr'>cis</span> <span class='ocrx_word' id='word_1_279' title='bbox 638 1870 697 1904; x_wconf 85' lang='lat' dir='ltr'>has</span> <span class='ocrx_word' id='word_1_280' title='bbox 727 1876 859 1904; x_wconf 80' lang='lat' dir='ltr'>nostras</span> <span class='ocrx_word' id='word_1_281' title='bbox 890 1871 1000 1906; x_wconf 86' lang='lat' dir='ltr'>literas</span> <span class='ocrx_word' id='word_1_282' title='bbox 1030 1876 1144 1905; x_wconf 89' lang='lat' dir='ltr'>nostro</span> <span class='ocrx_word' id='word_1_283' title='bbox 1173 1871 1279 1915; x_wconf 87' lang='lat' dir='ltr'>sigillo</span> <span class='ocrx_word' id='word_1_284' title='bbox 1307 1875 1340 1904; x_wconf 88' lang='lat' dir='ltr'>et</span> <span class='ocrx_word' id='word_1_285' title='bbox 1369 1873 1573 1904; x_wconf 86' lang='lat' dir='ltr'>serenissimi</span> <span class='ocrx_word' id='word_1_286' title='bbox 1604 1870 1723 1905; x_wconf 88' lang='lat' dir='ltr'>domini</span> <span class='ocrx_word' id='word_1_287' title='bbox 1753 1875 1855 1905; x_wconf 85' lang='lat' dir='ltr'>nostri</span> <span class='ocrx_word' id='word_1_288' title='bbox 1884 1871 2007 1906; x_wconf 89' lang='lat' dir='ltr'>domini</span> 
     </span>
     <span class='ocr_line' id='line_1_28' title="bbox 151 1931 2008 1977; baseline 0 -11"><span class='ocrx_word' id='word_1_289' title='bbox 151 1934 314 1967; x_wconf 64' lang='lat' dir='ltr'>joliannis</span> <span class='ocrx_word' id='word_1_290' title='bbox 344 1933 480 1966; x_wconf 81' lang='lat' dir='ltr'>Boemie</span> <span class='ocrx_word' id='word_1_291' title='bbox 509 1937 540 1965; x_wconf 83' lang='lat' dir='ltr'>et</span> <span class='ocrx_word' id='word_1_292' title='bbox 570 1932 704 1966; x_wconf 88' lang='lat' dir='ltr'>l‘olonie</span> <span class='ocrx_word' id='word_1_293' title='bbox 733 1931 836 1975; x_wconf 80' lang='lat' dir='ltr'>Regis</span> <span class='ocrx_word' id='word_1_294' title='bbox 865 1943 905 1965; x_wconf 90' lang='lat' dir='ltr'>ac</span> <span class='ocrx_word' id='word_1_295' title='bbox 932 1932 1152 1977; x_wconf 88' lang='lat' dir='ltr'>Lucemburg.</span> <span class='ocrx_word' id='word_1_296' title='bbox 1182 1934 1309 1965; x_wconf 85' lang='lat' dir='ltr'>comitis</span> <span class='ocrx_word' id='word_1_297' title='bbox 1339 1931 1455 1975; x_wconf 82' lang='lat' dir='ltr'>sigillis</span> <span class='ocrx_word' id='word_1_298' title='bbox 1489 1931 1650 1975; x_wconf 81' lang='lat' dir='ltr'>sigillatas</span> <span class='ocrx_word' id='word_1_299' title='bbox 1680 1935 1711 1965; x_wconf 90' lang='lat' dir='ltr'>in</span> <span class='ocrx_word' id='word_1_300' title='bbox 1742 1932 1879 1966; x_wconf 87' lang='lat' dir='ltr'>euidens</span> <span class='ocrx_word' id='word_1_301' title='bbox 1908 1935 2008 1967; x_wconf 88' lang='lat' dir='ltr'>testi-</span> 
     </span>
     <span class='ocr_line' id='line_1_29' title="bbox 154 1991 2005 2039; baseline -0.001 -11"><span class='ocrx_word' id='word_1_302' title='bbox 154 1998 298 2028; x_wconf 88' lang='lat' dir='ltr'>monium</span> <span class='ocrx_word' id='word_1_303' title='bbox 329 2005 428 2039; x_wconf 81' lang='lat' dir='ltr'>super</span> <span class='ocrx_word' id='word_1_304' title='bbox 457 2006 508 2028; x_wconf 87' lang='lat' dir='ltr'>eo.</span> <span class='ocrx_word' id='word_1_305' title='bbox 554 1993 672 2027; x_wconf 89' lang='lat' dir='ltr'>Datum</span> <span class='ocrx_word' id='word_1_306' title='bbox 703 1993 837 2026; x_wconf 85' lang='lat' dir='ltr'>Brunne</span> <span class='ocrx_word' id='word_1_307' title='bbox 873 2004 960 2027; x_wconf 88' lang='lat' dir='ltr'>anno</span> <span class='ocrx_word' id='word_1_308' title='bbox 996 1993 1117 2027; x_wconf 87' lang='lat' dir='ltr'>domini</span> <span class='ocrx_word' id='word_1_309' title='bbox 1146 1993 1317 2026; x_wconf 89' lang='lat' dir='ltr'>millesimo</span> <span class='ocrx_word' id='word_1_310' title='bbox 1352 1991 1602 2025; x_wconf 78' lang='lat' dir='ltr'>Trecentesimo</span> <span class='ocrx_word' id='word_1_311' title='bbox 1631 1993 1883 2027; x_wconf 84' lang='lat' dir='ltr'>octauodecimo</span> <span class='ocrx_word' id='word_1_312' title='bbox 1912 1992 2005 2028; x_wconf 82' lang='lat' dir='ltr'>xlv.</span> 
     </span>
     <span class='ocr_line' id='line_1_30' title="bbox 154 2052 2007 2099; baseline -0.001 -10"><span class='ocrx_word' id='word_1_313' title='bbox 154 2056 293 2090; x_wconf 78' lang='lat' dir='ltr'>Kalend.</span> <span class='ocrx_word' id='word_1_314' title='bbox 323 2055 478 2099; x_wconf 78' lang='lat' dir='ltr'>Augusti.</span> <span class='ocrx_word' id='word_1_315' title='bbox 512 2054 552 2088; x_wconf 81' lang='lat' dir='ltr'>Et</span> <span class='ocrx_word' id='word_1_316' title='bbox 581 2066 641 2088; x_wconf 87' lang='lat' dir='ltr'>nos</span> <span class='ocrx_word' id='word_1_317' title='bbox 669 2053 840 2087; x_wconf 83' lang='lat' dir='ltr'>Joliaunes</span> <span class='ocrx_word' id='word_1_318' title='bbox 869 2054 921 2087; x_wconf 87' lang='lat' dir='ltr'>dei</span> <span class='ocrx_word' id='word_1_319' title='bbox 949 2057 1063 2098; x_wconf 86' lang='lat' dir='ltr'>gracia</span> <span class='ocrx_word' id='word_1_320' title='bbox 1093 2054 1229 2088; x_wconf 86' lang='lat' dir='ltr'>Boemie</span> <span class='ocrx_word' id='word_1_321' title='bbox 1257 2057 1289 2088; x_wconf 88' lang='lat' dir='ltr'>et</span> <span class='ocrx_word' id='word_1_322' title='bbox 1316 2052 1452 2086; x_wconf 91' lang='lat' dir='ltr'>Polonie</span> <span class='ocrx_word' id='word_1_323' title='bbox 1479 2052 1549 2086; x_wconf 79' lang='lat' dir='ltr'>Rex</span> <span class='ocrx_word' id='word_1_324' title='bbox 1582 2064 1620 2086; x_wconf 91' lang='lat' dir='ltr'>ac</span> <span class='ocrx_word' id='word_1_325' title='bbox 1642 2053 1862 2098; x_wconf 83' lang='lat' dir='ltr'>Lucemburg.</span> <span class='ocrx_word' id='word_1_326' title='bbox 1885 2053 2007 2088; x_wconf 87' lang='lat' dir='ltr'>Comes</span> 
     </span>
     <span class='ocr_line' id='line_1_31' title="bbox 154 2113 2007 2160; baseline -0.001 -10"><span class='ocrx_word' id='word_1_327' title='bbox 154 2117 193 2150; x_wconf 89' lang='lat' dir='ltr'>ad</span> <span class='ocrx_word' id='word_1_328' title='bbox 230 2119 427 2150; x_wconf 73' lang='lat' dir='ltr'>instanciam</span> <span class='ocrx_word' id='word_1_329' title='bbox 462 2120 494 2148; x_wconf 85' lang='lat' dir='ltr'>et</span> <span class='ocrx_word' id='word_1_330' title='bbox 529 2117 727 2160; x_wconf 86' lang='lat' dir='ltr'>peticionem</span> <span class='ocrx_word' id='word_1_331' title='bbox 765 2114 902 2148; x_wconf 85' lang='lat' dir='ltr'>lllustris</span> <span class='ocrx_word' id='word_1_332' title='bbox 937 2114 1066 2148; x_wconf 82' lang='lat' dir='ltr'>Nicolai</span> <span class='ocrx_word' id='word_1_333' title='bbox 1102 2115 1204 2149; x_wconf 88' lang='lat' dir='ltr'>Ducis</span> <span class='ocrx_word' id='word_1_334' title='bbox 1237 2116 1356 2160; x_wconf 89' lang='lat' dir='ltr'>opauie</span> <span class='ocrx_word' id='word_1_335' title='bbox 1398 2113 1560 2158; x_wconf 85' lang='lat' dir='ltr'>Principis</span> <span class='ocrx_word' id='word_1_336' title='bbox 1597 2117 1699 2147; x_wconf 85' lang='lat' dir='ltr'>nostri</span> <span class='ocrx_word' id='word_1_337' title='bbox 1742 2114 1852 2149; x_wconf 86' lang='lat' dir='ltr'>dilecti</span> <span class='ocrx_word' id='word_1_338' title='bbox 1894 2119 2007 2149; x_wconf 80' lang='lat' dir='ltr'>nostra</span> 
     </span>
     <span class='ocr_line' id='line_1_32' title="bbox 154 2174 2006 2221; baseline -0.001 -10"><span class='ocrx_word' id='word_1_339' title='bbox 154 2178 261 2221; x_wconf 75' lang='lat' dir='ltr'>sigilla</span> <span class='ocrx_word' id='word_1_340' title='bbox 293 2177 330 2210; x_wconf 86' lang='lat' dir='ltr'>ad</span> <span class='ocrx_word' id='word_1_341' title='bbox 362 2176 531 2210; x_wconf 82' lang='lat' dir='ltr'>meliorem</span> <span class='ocrx_word' id='word_1_342' title='bbox 561 2178 798 2221; x_wconf 83' lang='lat' dir='ltr'>promissorum</span> <span class='ocrx_word' id='word_1_343' title='bbox 828 2175 1059 2209; x_wconf 85' lang='lat' dir='ltr'>certitudinem</span> <span class='ocrx_word' id='word_1_344' title='bbox 1090 2174 1297 2221; x_wconf 85' lang='lat' dir='ltr'>presentibus</span> <span class='ocrx_word' id='word_1_345' title='bbox 1326 2175 1480 2207; x_wconf 84' lang='lat' dir='ltr'>duximus</span> <span class='ocrx_word' id='word_1_346' title='bbox 1509 2175 1738 2220; x_wconf 85' lang='lat' dir='ltr'>appendenda.</span> <span class='ocrx_word' id='word_1_347' title='bbox 1796 2175 1871 2210; x_wconf 86' lang='lat' dir='ltr'>Dat.</span> <span class='ocrx_word' id='word_1_348' title='bbox 1906 2185 2006 2218; x_wconf 87' lang='lat' dir='ltr'>anno,</span> 
     </span>
     <span class='ocr_line' id='line_1_33' title="bbox 157 2233 2006 2282; baseline -0.001 -11"><span class='ocrx_word' id='word_1_349' title='bbox 157 2239 228 2271; x_wconf 78' lang='lat' dir='ltr'>loco</span> <span class='ocrx_word' id='word_1_350' title='bbox 258 2242 289 2271; x_wconf 71' lang='lat' dir='ltr'>rt</span> <span class='ocrx_word' id='word_1_351' title='bbox 319 2238 370 2271; x_wconf 74' lang='lat' dir='ltr'>ilie</span> <span class='ocrx_word' id='word_1_352' title='bbox 401 2236 568 2282; x_wconf 31' lang='lat' dir='ltr'>pro-›dictis</span> <span class='ocrx_word' id='word_1_353' title='bbox 591 2236 629 2278; x_wconf 61' lang='lat'>*‘)</span> <span class='ocrx_word' id='word_1_354' title='bbox 658 2236 814 2269; x_wconf 83' lang='lat' dir='ltr'>Secunde</span> <span class='ocrx_word' id='word_1_355' title='bbox 843 2241 956 2270; x_wconf 86' lang='lat' dir='ltr'>nostre</span> <span class='ocrx_word' id='word_1_356' title='bbox 986 2237 1079 2270; x_wconf 90' lang='lat' dir='ltr'>litere</span> <span class='ocrx_word' id='word_1_357' title='bbox 1100 2236 1170 2270; x_wconf 89' lang='lat' dir='ltr'>talis</span> <span class='ocrx_word' id='word_1_358' title='bbox 1190 2240 1250 2270; x_wconf 88' lang='lat' dir='ltr'>est.</span> <span class='ocrx_word' id='word_1_359' title='bbox 1280 2233 1349 2268; x_wconf 89' lang='lat' dir='ltr'>Nos</span> <span class='ocrx_word' id='word_1_360' title='bbox 1371 2233 1540 2280; x_wconf 76' lang='lat' dir='ltr'>Nycolaus</span> <span class='ocrx_word' id='word_1_361' title='bbox 1560 2235 1611 2269; x_wconf 85' lang='lat' dir='ltr'>dei</span> <span class='ocrx_word' id='word_1_362' title='bbox 1632 2239 1745 2279; x_wconf 84' lang='lat' dir='ltr'>gracia</span> <span class='ocrx_word' id='word_1_363' title='bbox 1767 2235 1843 2270; x_wconf 84' lang='lat' dir='ltr'>Dux</span> <span class='ocrx_word' id='word_1_364' title='bbox 1864 2236 2006 2282; x_wconf 84' lang='lat' dir='ltr'>Opauie‚</span> 
     </span>
     <span class='ocr_line' id='line_1_34' title="bbox 157 2294 2007 2342; baseline 0 -11"><span class='ocrx_word' id='word_1_365' title='bbox 157 2298 375 2331; x_wconf 60' lang='lat' dir='ltr'>l&#39;romittimus⁴</span> <span class='ocrx_word' id='word_1_366' title='bbox 407 2298 492 2330; x_wconf 82' lang='lat' dir='ltr'>bona</span> <span class='ocrx_word' id='word_1_367' title='bbox 522 2297 596 2338; x_wconf 71' lang='lat' dir='ltr'>fide,</span> <span class='ocrx_word' id='word_1_368' title='bbox 633 2297 719 2342; x_wconf 78' lang='lat' dir='ltr'>quod</span> <span class='ocrx_word' id='word_1_369' title='bbox 754 2297 881 2331; x_wconf 88' lang='lat' dir='ltr'>dilectis</span> <span class='ocrx_word' id='word_1_370' title='bbox 917 2297 1068 2331; x_wconf 81' lang='lat' dir='ltr'>fidelibus</span> <span class='ocrx_word' id='word_1_371' title='bbox 1102 2300 1222 2331; x_wconf 91' lang='lat' dir='ltr'>nostris</span> <span class='ocrx_word' id='word_1_372' title='bbox 1259 2294 1436 2329; x_wconf 89' lang='lat' dir='ltr'>baronibus</span> <span class='ocrx_word' id='word_1_373' title='bbox 1472 2300 1503 2329; x_wconf 83' lang='lat' dir='ltr'>ct</span> <span class='ocrx_word' id='word_1_374' title='bbox 1544 2295 1706 2330; x_wconf 90' lang='lat' dir='ltr'>nobilibus</span> <span class='ocrx_word' id='word_1_375' title='bbox 1735 2297 1874 2331; x_wconf 86' lang='lat' dir='ltr'>ducatus</span> <span class='ocrx_word' id='word_1_376' title='bbox 1901 2299 2007 2331; x_wconf 87' lang='lat' dir='ltr'>nostri</span> 
     </span>
     <span class='ocr_line' id='line_1_35' title="bbox 156 2355 2006 2404; baseline 0.001 -14"><span class='ocrx_word' id='word_1_377' title='bbox 156 2359 368 2404; x_wconf 15' lang='lat' dir='ltr'>(leauicnsis.</span> <span class='ocrx_word' id='word_1_378' title='bbox 390 2371 472 2404; x_wconf 77' lang='lat' dir='ltr'>quos</span> <span class='ocrx_word' id='word_1_379' title='bbox 492 2361 606 2401; x_wconf 70' lang='lat' dir='ltr'>gracia</span> <span class='ocrx_word' id='word_1_380' title='bbox 627 2361 860 2403; x_wconf 84' lang='lat' dir='ltr'>prosequimur</span> <span class='ocrx_word' id='word_1_381' title='bbox 880 2359 1030 2404; x_wconf 80' lang='lat' dir='ltr'>speciali,</span> <span class='ocrx_word' id='word_1_382' title='bbox 1051 2361 1161 2392; x_wconf 88' lang='lat' dir='ltr'>onmia</span> <span class='ocrx_word' id='word_1_383' title='bbox 1181 2356 1352 2403; x_wconf 87' lang='lat' dir='ltr'>priuilegia</span> <span class='ocrx_word' id='word_1_384' title='bbox 1380 2367 1439 2401; x_wconf 85' lang='lat' dir='ltr'>per</span> <span class='ocrx_word' id='word_1_385' title='bbox 1459 2355 1572 2399; x_wconf 78' lang='lat' dir='ltr'>Reges</span> <span class='ocrx_word' id='word_1_386' title='bbox 1592 2356 1728 2391; x_wconf 83' lang='lat' dir='ltr'>Boemie</span> <span class='ocrx_word' id='word_1_387' title='bbox 1748 2361 1827 2403; x_wconf 91' lang='lat' dir='ltr'>ipsis</span> <span class='ocrx_word' id='word_1_388' title='bbox 1842 2367 2006 2391; x_wconf 81' lang='lat' dir='ltr'>concessa</span> 
     </span>
     <span class='ocr_line' id='line_1_36' title="bbox 155 2416 2006 2464; baseline -0.001 -12"><span class='ocrx_word' id='word_1_389' title='bbox 155 2431 229 2453; x_wconf 88' lang='lat' dir='ltr'>cum</span> <span class='ocrx_word' id='word_1_390' title='bbox 260 2420 376 2464; x_wconf 63' lang='lat' dir='ltr'>‹puluis-</span> <span class='ocrx_word' id='word_1_391' title='bbox 407 2423 476 2453; x_wconf 80' lang='lat' dir='ltr'>iure</span> <span class='ocrx_word' id='word_1_392' title='bbox 505 2424 581 2464; x_wconf 88' lang='lat' dir='ltr'>aput</span> <span class='ocrx_word' id='word_1_393' title='bbox 611 2429 671 2452; x_wconf 70' lang='lat' dir='ltr'>nos</span> <span class='ocrx_word' id='word_1_394' title='bbox 700 2430 735 2451; x_wconf 65' lang='lat' dir='ltr'>sc</span> <span class='ocrx_word' id='word_1_395' title='bbox 765 2422 878 2452; x_wconf 88' lang='lat' dir='ltr'>iuuare</span> <span class='ocrx_word' id='word_1_396' title='bbox 916 2418 1035 2452; x_wconf 83' lang='lat' dir='ltr'>debent</span> <span class='ocrx_word' id='word_1_397' title='bbox 1065 2424 1097 2452; x_wconf 90' lang='lat' dir='ltr'>et</span> <span class='ocrx_word' id='word_1_398' title='bbox 1135 2420 1271 2464; x_wconf 87' lang='lat' dir='ltr'>possent</span> <span class='ocrx_word' id='word_1_399' title='bbox 1307 2420 1338 2450; x_wconf 88' lang='lat' dir='ltr'>ct</span> <span class='ocrx_word' id='word_1_400' title='bbox 1372 2427 1445 2449; x_wconf 89' lang='lat' dir='ltr'>cum</span> <span class='ocrx_word' id='word_1_401' title='bbox 1481 2416 1598 2462; x_wconf 78' lang='lat' dir='ltr'>(puluis</span> <span class='ocrx_word' id='word_1_402' title='bbox 1634 2423 1712 2463; x_wconf 89' lang='lat' dir='ltr'>aput</span> <span class='ocrx_word' id='word_1_403' title='bbox 1746 2418 2006 2452; x_wconf 85' lang='lat' dir='ltr'>Serenissimum</span> 
     </span>
     <span class='ocr_line' id='line_1_37' title="bbox 155 2476 2006 2523; baseline -0.001 -10"><span class='ocrx_word' id='word_1_404' title='bbox 155 2481 321 2514; x_wconf 80' lang='lat' dir='ltr'>(lominum</span> <span class='ocrx_word' id='word_1_405' title='bbox 353 2485 510 2515; x_wconf 67' lang='lat' dir='ltr'>nostrum.</span> <span class='ocrx_word' id='word_1_406' title='bbox 541 2480 707 2513; x_wconf 87' lang='lat' dir='ltr'>dominum</span> <span class='ocrx_word' id='word_1_407' title='bbox 735 2479 921 2513; x_wconf 82' lang='lat' dir='ltr'>Johannem</span> <span class='ocrx_word' id='word_1_408' title='bbox 959 2479 1094 2513; x_wconf 86' lang='lat' dir='ltr'>Boeime</span> <span class='ocrx_word' id='word_1_409' title='bbox 1129 2483 1161 2513; x_wconf 90' lang='lat' dir='ltr'>ct</span> <span class='ocrx_word' id='word_1_410' title='bbox 1195 2478 1328 2512; x_wconf 90' lang='lat' dir='ltr'>Polonie</span> <span class='ocrx_word' id='word_1_411' title='bbox 1365 2476 1492 2521; x_wconf 77' lang='lat' dir='ltr'>Regem</span> <span class='ocrx_word' id='word_1_412' title='bbox 1528 2489 1566 2511; x_wconf 90' lang='lat' dir='ltr'>ac</span> <span class='ocrx_word' id='word_1_413' title='bbox 1595 2477 1814 2523; x_wconf 86' lang='lat' dir='ltr'>Lucemburg.</span> <span class='ocrx_word' id='word_1_414' title='bbox 1845 2477 2006 2512; x_wconf 91' lang='lat' dir='ltr'>Comitem</span> 
     </span>
    </p>
   </div>
   <div class='ocr_carea' id='block_1_8' title="bbox 174 2606 1577 2638">
    <p class='ocr_par' dir='ltr' id='par_1_8' title="bbox 174 2606 1577 2638">
     <span class='ocr_line' id='line_1_38' title="bbox 174 2606 1577 2638; baseline -0.001 -7"><span class='ocrx_word' id='word_1_415' title='bbox 174 2611 200 2637; x_wconf 69' lang='grc' dir='ltr'>’μ</span> <span class='ocrx_word' id='word_1_416' title='bbox 223 2609 271 2632; x_wconf 64' lang='lat' dir='ltr'>tta,-</span> <span class='ocrx_word' id='word_1_417' title='bbox 293 2610 360 2637; x_wconf 61' lang='lat' dir='ltr'>Uria,</span> <span class='ocrx_word' id='word_1_418' title='bbox 381 2609 464 2631; x_wconf 63' lang='lat' dir='ltr'>‹ln-&gt;ir</span> <span class='ocrx_word' id='word_1_419' title='bbox 485 2608 537 2630; x_wconf 71' lang='lat' dir='ltr'>bin-r</span> <span class='ocrx_word' id='word_1_420' title='bbox 557 2609 774 2637; x_wconf 57' lang='lat' dir='ltr'>entus-›rtmlivicn</span> <span class='ocrx_word' id='word_1_421' title='bbox 796 2607 914 2631; x_wconf 76' lang='lat' dir='ltr'>t&#39;rkundc</span> <span class='ocrx_word' id='word_1_422' title='bbox 934 2607 1045 2631; x_wconf 82' lang='lat' dir='ltr'>bclindet</span> <span class='ocrx_word' id='word_1_423' title='bbox 1064 2608 1116 2630; x_wconf 73' lang='lat' dir='ltr'>sicli</span> <span class='ocrx_word' id='word_1_424' title='bbox 1137 2608 1167 2630; x_wconf 85' lang='lat' dir='ltr'>irn</span> <span class='ocrx_word' id='word_1_425' title='bbox 1194 2606 1339 2638; x_wconf 75' lang='lat' dir='ltr'>Troppaocr</span> <span class='ocrx_word' id='word_1_426' title='bbox 1359 2606 1438 2628; x_wconf 26' lang='lat' dir='ltr'>stand*</span> <span class='ocrx_word' id='word_1_427' title='bbox 1460 2606 1577 2630; x_wconf 75' lang='lat' dir='ltr'>Areliivc.</span> 
     </span>
    </p>
   </div>
  </div>
 </body>
</html>
