2184 2828
1029 109 1070 143 81

1003 252 1104 289 107.

284 313 407 378 papst
435 331 595 365 Benediet
622 331 695 365 XII.
726 331 913 376 beauftragt
942 331 994 365 die
1014 330 1168 365 Bischufe
1188 342 1254 365 von
1275 331 1383 365 Posen
1411 331 1474 365 und
1497 331 1624 366 Olmiitz
1651 332 1714 366 und
1735 333 1797 367 den
1818 333 1968 368 Dechant

133 405 197 427 von
218 393 379 436 Bautzen‚
397 392 454 426 das
474 392 607 426 Kioster
625 391 756 425 Luhens
786 395 834 438 (in
864 392 922 426 der
943 392 1117 426 ssreslauer
1137 391 1297 437 Diocese]
1317 403 1426 437 gegen
1448 392 1570 427 dessen
1590 393 1714 427 Feinde
1734 405 1773 428 zu
1794 394 1966 429 schiitzen.

130 454 182 489 Dt.
215 455 382 488 Avinione
411 453 467 487 lv.
497 453 572 487 Idus
600 452 772 486 Februarii
801 452 878 498 [10.
908 452 1072 498 Februar]
1106 451 1212 486 1336.

437 532 521 564 (Naeh
546 532 604 557 dem
629 531 702 565 Orig.
740 532 856 565 Regeste
891 531 991 565 Papst's
1019 531 1142 557 Benediet
1173 531 1228 557 xli.
1259 530 1284 557 J.
1316 531 1348 556 11.
1379 531 1423 557 Th.
1458 531 1482 557 1.
1514 532 1586 557 Brief
1613 531 1660 559 31.
1697 533 1728 558 im
1765 533 1967 559 Yaticanischen

542 584 665 609 Art-tuve.
692 583 786 609 Yidinr
814 584 949 610 Alisrhrist
974 585 1006 610 im
1031 592 1062 609 m.
1087 587 1119 610 51.
1144 583 1380 615 Landesarehixe.)

1002 704 1102 740 108.

131 783 280 816 Friedlitz
319 782 445 816 Foliam
473 783 618 828 schussel
654 782 851 818 bestimmle.
890 781 1089 816 ausser-halb
1118 782 1176 816 des
1218 781 1473 816 Retmerlleores
1512 782 1675 827 (selegyene
1718 783 1856 816 Aeeher
1897 784 1968 817 dem

219 843 494 877 Nonnenlfloster
522 843 718 877 Seleu-ester
746 842 914 888 Hel-Imm.
945 843 1003 877 Dt.
1030 844 1085 887 ser
1107 844 1269 887 prosimu
1295 846 1375 887 post
1406 843 1505 876 Oculi
1533 842 1586 885 (3.
1618 843 1736 886 Mars)
1770 843 1879 877 1336.

282 918 469 973 Fridlinus
498 938 620 972 Pokam
655 938 832 984 presbyter
869 950 968 983 agros
1001 949 1079 972 suos
1108 942 1185 972 ante
1222 942 1348 983 portam
1377 949 1547 971 cursorum
1577 937 1687 971 Brune
1716 950 1819 984 prope
1848 950 1967 972 nouam

130 1000 371 1045 plantacionem
405 1004 438 1034 et
470 999 649 1033 Ponauiam
686 1002 778 1041 sitos,
815 1000 920 1032 multis
956 999 1069 1033 debitis
1102 1011 1119 1033 a
1155 1003 1246 1044 patre
1284 1009 1344 1032 sno
1382 997 1543 1042 obligatos
1585 998 1655 1032 fere
1696 999 1719 1032 L
1762 1003 1882 1033 marcis
1923 1020 1964 1024 —

129 1059 283 1102 exsoluit,
314 1071 440 1105 eosque
468 1060 508 1094 de
537 1071 704 1094 consensu
733 1063 857 1094 sororis
887 1071 945 1093 sue
973 1060 1105 1095 Liebste
1134 1071 1173 1094 ac
1201 1059 1357 1093 heredum
1387 1070 1519 1093 suornm
1549 1058 1644 1093 Clare
1674 1064 1705 1093 et
1734 1060 1891 1105 Stephani
1924 1081 1964 1084 —

129 1123 160 1154 in
188 1120 369 1154 remedium
397 1125 430 1154 et
457 1121 595 1154 salutem
625 1124 734 1154 anime
769 1132 829 1154 sue
864 1125 895 1154 et
923 1133 1056 1155 suorum
1087 1142 1129 1146 —
1161 1120 1287 1154 deuotis
1322 1123 1354 1153 in
1385 1119 1515 1154 Christo
1545 1119 1714 1154 sororibus
1744 1120 1906 1154 Priorisse
1937 1126 1967 1154 et

129 1180 313 1214 Conuentui
342 1184 533 1215 monasterii
562 1181 685 1215 ordinis
716 1181 960 1215 Predieatorum
988 1182 1069 1215 celle
1097 1181 1132 1215 S.
1161 1180 1265 1215 Marte
1293 1183 1325 1214 in
1356 1180 1488 1214 Brunna
1522 1201 1562 1204 ——
1595 1180 1681 1214 dedit
1709 1185 1740 1214 et
1768 1181 1890 1226 legauit
1922 1202 1963 1206 —

129 1241 247 1275 Testes
276 1245 499 1275 nominantur:
528 1241 699 1276 Johannes
719 1242 801 1275 Biffo
830 1247 861 1276 et
881 1242 1049 1276 Johannes
1070 1241 1244 1276 Smelczlin
1265 1244 1357 1275 cives
1377 1241 1604 1284 Brunnenses7
1626 1246 1778 1287 preterea
1798 1241 1967 1275 Johannes

129 1302 168 1336 de
197 1302 443 1337 Tusehnawicz
472 1307 505 1336 et
533 1302 678 1337 Thomas
709 1302 972 1337 Gorvieissensis
997 1304 1098 1347 jurati
1128 1302 1352 1336 Brunnenses.

434 1382 543 1414 (Dieser
566 1390 613 1408 ans
638 1382 695 1407 dem
722 1382 841 1407 Briinner
865 1382 1027 1407 sentibus-he
1053 1382 1256 1416 π111011115101111111
1282 1381 1445 1415 Herburgir'·
1468 1381 1549 1406 durch
1568 1381 1612 1407 Dr.
1638 1381 1689 1406 und
1709 1381 1850 1407 Professor
1868 1382 1967 1412 Woiny

537 1434 676 1467 ε(ξε-1111101110
703 1435 812 1467 Auszug
837 1434 950 1460 helindet
975 1434 1031 1459 sich
1055 1435 1079 1460 in
1104 1434 1151 1460 der
1175 1433 1373 1460 Boezek'sehen
1399 1434 1552 1467 Samminng
1577 1435 1608 1459 im
1633 1434 1714 1459 mulir.
1740 1434 1824 1459 stand.
1846 1434 1966 1460 Laudes-

539 1487 654 1512 Ari‘hive
679 1495 703 1512 n.
730 1486 838 1517 4949.)
1825 1482 1828 1486 '

1002 1589 1020 1625 1
1028 1588 1103 1625 09.

282 1649 447 1712 conrad,
481 1668 568 1702 Herr
600 1668 658 1702 auf
688 1667 834 1711 NVilenQ
870 1667 1032 1701 iiherlasst
1067 1667 1129 1701 den
1163 1668 1340 1702 Ansassen
1378 1668 1487 1702 dieses
1516 1667 1639 1701 Dorfes
1668 1666 1797 1710 Felder3
1828 1666 1966 1701 Wiesen

127 1729 191 1763 und
209 1728 407 1763 Hutweiden
421 1740 533 1774 gegen
550 1732 647 1763 einen
663 1728 868 1763 Jahreszins.
889 1729 941 1763 Dt.
958 1728 1049 1773 lglau
1067 1731 1097 1762 in
1115 1728 1173 1762 der
1188 1728 1408 1763 Osterwoche
1422 1728 1500 1774 [31.
1515 1728 1607 1762 Miirz
1625 1749 1667 1752 —
1688 1727 1720 1761 6.
1734 1727 1846 1773 April)
1862 1727 1965 1761 1336.

433 1808 521 1842 (Orig.
547 1809 580 1834 im
603 1808 709 1842 Iglaner
731 1808 922 1834 Stadtarehive.
948 1808 972 1833 P.
999 1807 1026 1832 R.
1052 1815 1075 1832 v.
1101 1807 1262 1841 Chtumeeky
1287 1815 1309 1833 a.
1335 1816 1358 1834 a.
1385 1808 1415 1833 0.
1440 1808 1466 1833 S.
1496 1807 1541 1833 111,
1564 1816 1587 1833 n.
1614 1806 1677 1839 223.)

998 1927 1099 1963 110.

128 2005 193 2039 Die
223 2006 471 2041 Gesclcwornen
499 2008 559 2041 der
587 2007 691 2041 stadt
721 2007 817 2052 Iylaec
855 2006 1024 2047 ernstii-en,
1060 2005 1140 2038 dass
1177 2005 1230 2039 ihr
1258 2005 1449 2051 itlitbn‘rqer
1477 2006 1620 2039 Konrad
1646 2005 1708 2038 den
1739 2003 1964 2037 Eitea-olmera

128 2078 188 2100 con
230 2066 359 2102 Wileuz,
395 2069 489 2101 seiae
524 2069 677 2112 (Iorlz'gyen
712 2067 887 2112 Erlmilter
916 2078 1022 2111 {seyen
1058 2068 1154 2099 einen
1180 2066 1377 2110 jfilarle'cleen
1421 2066 1504 2099 Zins
1542 2067 1663 2100 zzeeier
1704 2064 1813 2098 alaris.
1858 2064 1962 2109 Pray.

316 2129 458 2163 Groscla.
488 2130 662 2174 rercle'nyet
690 2129 760 2163 leat.
791 2129 851 2162 Dt.
882 2128 1023 2173 Iylam'e.
1054 2129 1085 2160 iu
1115 2130 1241 2160 octava
1269 2127 1412 2161 Pasclzse
1442 2127 1496 2169 (7.
1528 2126 1649 2171 April)
1682 2125 1791 2159 1336.

279 2204 368 2259 Nos
396 2224 613 2270 llaymannus
642 2224 763 2267 Judex,
791 2224 944 2258 Nicolaus
971 2223 1010 2256 de
1032 2222 1203 2269 puchperg
1222 2225 1380 2267 magister
1399 2222 1524 2256 Cinium
1545 2221 1799 2263 acin-ammonis,
1819 2220 1965 2255 Jacobus

125 2284 249 2319 Babam
268 2288 435 2331 ceterique
454 2285 559 2319 Jurati
580 2285 786 2330 Iglauienses
806 2285 1092 2329 Recognoscimus
1121 2287 1153 2316 et
1180 2287 1346 2326 testamur,
1375 2283 1461 2328 quod
1482 2281 1652 2316 conradus
1680 2284 1827 2315 concinis
1853 2286 1965 2315 noster

125 2346 166 2379 de
194 2356 361 2379 consensu
387 2349 504 2379 vxoris
534 2358 572 2380 ac
602 2345 757 2379 heredum
787 2356 918 2380 suorum
956 2347 1138 2388 assignauit
1172 2348 1203 2377 et
1244 2343 1377 2377 donauit
1410 2343 1560 2377 omnihus
1597 2342 1722 2376 colonis
1757 2353 1814 2376 seu
1849 2341 1965 2375 incolis

127 2406 204 2440 ville
231 2405 317 2440 dicte
345 2405 497 2440 Wilands
526 2417 637 2451 agros,
667 2410 758 2452 prata
788 2417 910 2452 pascua
940 2415 1123 2449 omnesque
1147 2404 1227 2437 alias
1248 2403 1445 2438 hereditates
1465 2404 1568 2437 cultas
1588 2407 1620 2436 et
1638 2403 1788 2445 incultas,
1810 2407 1963 2448 quantum

125 2466 166 2500 ad
194 2467 320 2501 siluana
351 2470 383 2499 et
411 2470 619 2512 campestrizn
649 2478 730 2512 quas
759 2466 899 2500 hahebat
927 2468 958 2498 in
988 2468 1078 2498 curia
1107 2464 1192 2498 dieta
1223 2492 1229 2498 .
1262 2491 1268 2498 .
1300 2491 1307 2498 .
1337 2475 1396 2510 per
1424 2465 1561 2497 colonos
1590 2462 1725 2497 eosdem
1746 2466 1776 2497 in
1797 2462 1961 2496 Wilands.

126 2538 212 2561 nunc
239 2530 413 2573 presentes
442 2530 474 2559 et
500 2526 663 2572 quoslibet
690 2538 803 2561 eorum
833 2536 1048 2560 successores
1077 2528 1108 2558 in
1137 2529 1244 2567 (1111011,
1275 2536 1433 2570 processu
1463 2526 1617 2569 temporis
1637 2523 1832 2557 hereditarie
1852 2526 1963 2569 possi-

126 2587 261 2629 dendas,
291 2587 365 2621 Istis
393 2597 465 2620 cum
495 2586 798 2621 modilicacionilms
827 2586 1014 2632 specialiter
1042 2587 1234 2628 interiectis,
1265 2585 1350 2630 quod
1385 2584 1460 2618 dicti
1490 2584 1604 2618 Coloni
1632 2584 1780 2629 Singulis
1808 2586 1903 2617 annis
1932 2586 1963 2617 in

1827 2642 1856 2671 11
