2184 2828
1014 89 1095 145 439

142 212 283 242 comissa
302 205 446 241 studiose
466 216 599 249 regere.
629 205 809 251 prudenter
828 205 984 249 dirigere.
1015 218 1054 240 ac
1074 206 1214 240 feliciter
1233 207 1434 251 gnbernare.
1466 209 1579 256 Nuper
1598 212 1758 257 siquidem
1778 212 1983 248 Monasterio

138 268 281 302 Lueensi
316 266 638 299 Premonstratensis
675 266 807 300 Ordinis
837 265 1070 301 olomucensis
1098 267 1243 301 diocesis
1278 279 1336 314 pro
1366 280 1406 303 eo
1435 276 1599 315 vacante,
1628 272 1714 318 quod
1744 284 1804 307 nos
1833 274 1873 307 de
1902 286 1984 320 per-

138 340 220 363 sona
249 328 358 361 dilecti
386 326 441 360 filii
461 326 625 360 Joliannis
654 326 749 360 electi
780 326 1056 361 lucemuslbensis
1089 332 1166 361 tnnc
1201 327 1279 362 dieti
1314 329 1477 364 Lucensis
1505 331 1701 366 Monasterii
1729 333 1870 368 Abbatis
1908 336 1984 369 licet

137 389 281 423 absentis
310 386 454 420 ecclesie
475 386 746 430 lucemustbensi,
784 398 880 433 quam
921 391 997 421 tuuc
1020 387 1255 422 Monasteriutn
1277 390 1403 423 ordinis
1433 395 1465 424 et
1494 391 1638 426 diocesis
1666 393 1901 439 predictoruim
1931 399 1983 430 cui

136 455 168 483 tu
196 453 272 482 tunc
300 458 436 493 preeras
465 449 567 481 certis
595 447 779 482 rationibus
809 448 849 481 de
878 446 1014 482 fratrum
1044 453 1231 483 nostrorum
1260 451 1414 493 consilio,
1444 456 1475 485 et
1496 454 1681 498 apostolice
1707 458 1879 500 potestatis
1907 456 1984 501 ple-

135 508 281 544 nitudine
300 511 332 541 in
353 508 527 541 ecclesiam
549 507 779 542 Catliedralem
800 512 981 551 ereximus
1004 509 1155 544 duximus
1174 510 1415 556 providendum
1435 513 1638 557 preficiendo
1659 515 1780 548 dictum
1796 514 1982 550 Jobannein

136 569 242 604 eidem
270 569 415 603 ecclesie
444 572 476 602 in
504 568 708 614 Episcopum
737 574 770 603 et
797 574 976 615 pastorem.
1032 569 1102 604 Nos
1130 570 1170 604 ad
1199 573 1427 616 provisionem
1456 575 1562 618 ipsius
1591 578 1782 609 monasterii
1812 575 1982 619 Lucensis.

136 630 176 664 de
206 640 270 674 quo
299 629 406 663 nullus
438 633 549 674 preter
576 640 637 662 nos
668 640 706 663 se
735 629 797 663 hac
824 632 900 663 vice
928 633 1144 665 intromittere
1172 636 1281 677 potest
1310 643 1370 677 pro
1399 643 1440 666 eo
1470 633 1555 678 quod
1586 645 1646 668 nos
1677 635 1729 668 diu
1758 640 1834 670 ante
1863 640 1983 682 provi-

133 693 262 724 sionem
299 689 482 723 huiusmodi
519 692 627 723 onmia
658 689 861 724 Monasteria
899 702 957 736 per
992 694 1200 736 provisiones
1236 703 1296 738 per
1330 703 1392 727 nos
1428 697 1504 726 tunc
1541 693 1665 732 factas.
1702 700 1734 729 et
1765 699 1982 742 imposterum

135 750 307 785 faciendas
336 750 376 784 de
404 750 543 796 prelatis
573 761 686 784 eorum
716 750 850 784 ubilibet
879 755 1063 786 constitutis
1084 751 1255 798 quibusvis
1276 752 1528 788 Catliedralibus
1549 755 1703 789 ecclesiis
1724 761 1755 790 et
1774 760 1983 792 monasteriis

133 816 210 845 tunc
239 813 401 845 vacancia
431 814 463 844 et
490 813 623 844 inantea
652 815 830 855 vacatura‚
861 811 1068 857 dispositioni
1101 817 1213 847 nostre
1251 814 1442 859 specialiter
1477 821 1704 850 reservantes.
1761 817 1982 853 Decrevimus

135 876 260 906 extunc
287 874 411 905 irritum
440 875 472 904 et
499 873 599 905 inane
629 874 655 905 si
685 883 784 905 secus
813 883 916 917 super
943 872 1004 906 hiis
1034 884 1093 919 per
1120 884 1347 919 quoscumque
1377 878 1496 921 quavis
1526 879 1724 910 auctoritate
1752 880 1900 912 scienter
1927 879 1982 913 vel

132 937 329 978 ignoranter
357 934 568 976 contingeret
595 936 793 978 attemptari,
824 936 969 978 paternis
989 938 1021 968 et
1042 935 1178 968 solicitis
1208 934 1324 969 studiis
1354 935 1565 970 intendentes
1594 941 1667 982 post
1696 937 1980 981 deliberationem,

132 1004 230 1038 quam
266 1004 367 1039 super
403 992 466 1026 hoc
502 1004 575 1026 cuin
614 993 709 1027 dictis
743 992 899 1027 fratribus
934 994 1107 1029 babuimus
1142 995 1349 1040 diligentem.
1405 995 1546 1030 Demum
1583 997 1622 1030 ad
1660 1002 1692 1032 te
1727 999 1982 1033 considerantes

130 1053 305 1097 grandium
338 1056 494 1087 virtutum
528 1056 671 1097 meritis„
708 1053 825 1100 quibus
861 1065 1036 1100 personam
1075 1060 1161 1089 tuam
1199 1060 1296 1102 prout
1330 1056 1571 1101 lidedignorum
1610 1058 1771 1092 relatione
1807 1059 1981 1094 didicimus

130 1115 293 1148 Dominus
323 1117 512 1161 insignivit7
541 1118 768 1148 convertimus
797 1115 910 1149 oculos
946 1120 1067 1149 nostrae
1101 1119 1235 1160 mentis,
1273 1117 1392 1162 quibus
1427 1117 1582 1152 omnibus
1620 1118 1728 1153 debita
1765 1120 1980 1154 meditatione

129 1178 278 1221 pensatis
306 1175 347 1209 de
374 1185 518 1221 persona
547 1179 600 1208 tua
630 1175 737 1209 eidem
767 1175 973 1210 Monasterio
1009 1177 1139 1211 lucensi
1165 1181 1362 1211 auctoritate
1396 1178 1545 1224 predicta
1583 1178 1623 1212 de
1652 1179 1813 1213 dictorum
1842 1180 1977 1214 fratrum

129 1236 268 1270 consilio
303 1235 536 1281 providemus,
572 1240 671 1282 teque
705 1237 748 1270 illi
784 1236 971 1282 preficimus
1006 1239 1038 1270 in
1074 1237 1259 1282 Abbatem,
1295 1249 1408 1272 curam
1449 1243 1481 1272 et
1518 1239 1836 1274 administrationem
1878 1244 1980 1287 ipsius

129 1296 324 1330 Monasterii
358 1295 519 1330 Lucensis
554 1296 610 1330 tibi
648 1301 712 1330 tam
741 1300 773 1330 iu
803 1298 1043 1343 spiritualibus7
1082 1309 1178 1343 quam
1206 1302 1238 1333 in
1268 1299 1506 1345 temporalibus
1544 1301 1694 1346 plenarie
1731 1302 1978 1337 committendo.

128 1357 163 1391 In
193 1357 247 1391 illo
276 1359 329 1403 qui
357 1357 411 1391 dat
439 1360 576 1401 gratias,
606 1362 639 1392 et
667 1358 807 1402 largitur
835 1362 959 1404 premia
990 1359 1205 1402 confidentes3
1235 1360 1320 1406 quod
1352 1360 1515 1406 prefatum
1550 1360 1792 1395 Monasterium
1828 1362 1979 1396 Lucense

128 1417 188 1451 sub
218 1422 272 1451 tuo
307 1417 395 1452 felici
430 1421 614 1462 regimine„
653 1422 767 1463 gracia
805 1419 858 1452 tibi
887 1420 1091 1459 sulii-agunto
1120 1420 1249 1458 divinaq
1280 1421 1495 1467 spiritualiter
1530 1426 1561 1455 et
1590 1422 1817 1468 temporaliter
1843 1427 1980 1468 regetur

128 1478 248 1512 utiliter
281 1483 313 1512 et
346 1489 509 1524 prospere
544 1479 714 1523 dirigetur.
771 1479 934 1520 Quocirca
972 1481 1162 1514 discretioni
1204 1485 1259 1515 tue
1296 1493 1356 1527 per
1391 1482 1576 1528 apostolica
1613 1486 1734 1528 scripta
1773 1483 1978 1526 mandamus,

128 1542 283 1585 quatinus
318 1550 402 1573 onus
440 1542 615 1584 regiminis
652 1540 727 1573 dicti
757 1540 951 1574 Monasterii
988 1540 1096 1574 debita
1125 1541 1303 1576 devotione
1333 1545 1539 1589 suscipiens,
1570 1545 1618 1577 sic
1646 1547 1677 1577 te
1706 1546 1738 1577 in
1767 1555 1846 1577 eura
1877 1547 1978 1590 ipsius

126 1599 303 1633 salubriter
332 1600 524 1634 exercendo
554 1600 718 1635 exhibeas
747 1601 940 1637 studiosum.
970 1601 1055 1647 quod
1085 1613 1144 1647 per
1179 1606 1233 1636 tue
1261 1602 1434 1637 laudabilis
1470 1603 1641 1648 diligentie
1678 1604 1820 1637 studium
1854 1604 1979 1638 Mona-

126 1662 261 1694 sterium
290 1663 395 1707 ipsum
424 1665 643 1706 preservetur
661 1673 678 1695 a
700 1664 810 1696 noxiis
839 1667 871 1696 et
891 1662 929 1695 ad
952 1662 1105 1696 salutaria
1128 1662 1299 1707 dirigatur=
1329 1668 1427 1709 tuque
1448 1663 1587 1709 proinde
1608 1664 1833 1698 retributionis
1862 1669 1977 1699 eterne

125 1724 297 1766 premium7
334 1732 373 1755 ac
402 1726 548 1755 nostram
569 1726 601 1755 et
621 1722 768 1756 eiusdem
798 1722 888 1756 sedis
917 1722 1183 1756 benedictionem
1213 1727 1245 1757 et
1263 1727 1411 1768 graciam
1441 1724 1577 1758 uberius
1614 1727 1773 1770 consequi
1802 1728 1974 1759 merearis.

124 1780 241 1815 Datum
270 1782 442 1816 Avinione
470 1782 500 1816 11
528 1782 696 1817 Kalendas
724 1782 801 1817 Maii
831 1784 930 1817 Anno
959 1783 1126 1817 Secundo.
1158 1783 1253 1829 (sic.)

276 1842 314 1876 In
343 1843 460 1877 eodem
489 1843 598 1878 modo.
629 1843 767 1878 Dilectis
788 1844 860 1878 tiliis
881 1847 1060 1877 conventui
1089 1843 1283 1878 Monastcrii
1311 1844 1472 1879 Lucensis
1493 1845 1814 1880 Premonstratensis
1841 1845 1975 1879 Ordinis

126 1902 358 1937 Olomucensis
379 1903 522 1938 diocesis
543 1904 683 1938 salutem
703 1909 766 1939 etc.
789 1904 914 1939 Summi
943 1904 1160 1950 dispositione
1188 1905 1342 1940 Rectoris
1370 1906 1411 1940 ad
1439 1909 1589 1951 regimen
1611 1905 1811 1940 universalis
1832 1906 1975 1939 ecclesie

125 1962 265 2008 deputati
294 1967 446 2009 angimur
474 1967 562 1999 curis
591 1965 733 1999 assiduis
763 1970 826 1999 etc.
856 1976 958 2010 usque
986 1969 1018 1998 et
1046 1976 1206 2011 prospere
1235 1965 1405 2010 dirigetur.
1443 1966 1607 2008 Quocirca
1638 1967 1827 2000 discretioni
1857 1970 1973 2000 vestre

125 2034 184 2068 per
202 2025 381 2069 apostolica
403 2028 524 2070 scripta
546 2025 740 2059 mandamus
764 2029 919 2070 quatinus
946 2025 1085 2059 eundem
1116 2026 1295 2059 Henricuin
1316 2026 1481 2061 Abbatein
1504 2038 1562 2072 pro
1591 2031 1704 2061 nostra
1732 2030 1764 2060 ct
1792 2027 1973 2071 apostolice

126 2082 221 2116 Sedis
257 2088 446 2119 reverentia
482 2085 627 2131 benigne
660 2089 878 2133 recipientesq
919 2091 949 2119 et
988 2086 1129 2119 honeste
1165 2090 1345 2120 tractantes
1385 2087 1573 2121 exhibeatis
1610 2092 1642 2121 et
1678 2086 1907 2120 obedienciam
1941 2091 1972 2120 et

125 2147 357 2178 reverenciam
393 2145 534 2179 debitam
572 2151 605 2180 et
640 2146 813 2190 devotam,
851 2150 921 2181 eius
957 2146 1102 2180 salubria
1137 2149 1261 2180 monita
1295 2151 1327 2180 et
1363 2148 1516 2181 mandata
1547 2146 1759 2193 suscipiendo
1788 2146 1913 2180 ilai-iter
1941 2151 1971 2180 et

126 2204 309 2237 efficaciter
337 2205 556 2252 adimplendo
594 2207 750 2253 Alioquin
780 2210 988 2241 sententiani.
1019 2218 1115 2251 qnam
1145 2206 1229 2240 idem
1260 2206 1376 2241 Abbas
1404 2211 1466 2242 rite
1495 2209 1603 2242 tulerit
1632 2210 1664 2241 in
1693 2206 1837 2240 rebelles
1866 2211 1969 2241 ratam

125 2263 334 2307 habebimus,
370 2269 402 2298 et
437 2266 598 2301 faciemus
633 2272 770 2302 auctore
805 2268 946 2302 Domino
983 2278 1086 2312 usque
1128 2267 1169 2300 ad
1207 2267 1467 2315 satisfactionem
1502 2268 1700 2311 condignam
1737 2266 1970 2301 inviolabiliter

124 2324 312 2359 observari.
369 2324 486 2359 Datum
516 2332 547 2361 ut
576 2339 687 2373 supra.

279 2385 312 2418 ln
335 2385 450 2419 eodeni
471 2388 578 2422 modo.
600 2389 731 2423 Dilecto
752 2389 817 2423 lilio
847 2388 952 2422 Nobili
982 2391 1054 2421 viro
1084 2387 1202 2421 Carolo
1222 2388 1405 2423 Mareliioni
1426 2389 1577 2424 Moravic
1605 2388 1743 2421 salutem
1764 2392 1826 2422 etc.
1856 2387 1968 2422 Gratie

125 2445 237 2479 divine
265 2448 442 2491 premium,
472 2451 501 2480 et
531 2452 724 2493 preconium
754 2449 896 2483 liumane
933 2449 1037 2482 laudis
1075 2452 1264 2493 acquiritur.
1296 2451 1322 2483 si
1351 2460 1412 2496 per
1439 2449 1609 2485 seculares
1636 2450 1805 2494 principes
1834 2449 1969 2494 prelatis

126 2506 267 2550 singulis
295 2505 502 2540 secularibus
532 2512 564 2541 et
591 2509 801 2554 regularibus
831 2511 935 2544 bonor
963 2509 1091 2543 debitus
1119 2510 1338 2555 impendatur.
1374 2509 1488 2555 Nuper
1517 2507 1678 2553 siquidem
1707 2514 1773 2543 etc.
1804 2520 1908 2555 usque
1937 2514 1967 2542 et

125 2577 285 2611 prospere
316 2566 486 2609 dirigetur.
535 2567 614 2601 Cum
644 2572 753 2615 itaque
782 2573 824 2605 sit
852 2573 982 2604 vii-tntis
1011 2580 1094 2615 opus
1122 2569 1184 2604 Dei
1213 2573 1380 2604 ministros
1408 2570 1555 2613 benigno
1585 2569 1702 2603 favore
1730 2572 1898 2616 prosequi,
1929 2580 1969 2602 ac
