2184 2828
368 346 493 401 Pahst
513 366 660 412 Stephan
683 365 738 400 VI.
765 366 898 400 ersucht
920 365 982 398 den
1004 363 1213 397 Mahrischen
1236 363 1369 409 Herzog
1390 364 1595 411 Swatopluk‚
1629 367 1691 400 den
1713 367 1823 412 Konig
1842 366 1967 401 Arnulf
1983 367 2067 401 auf-

213 426 412 462 zusordern.
462 432 518 471 „ut
554 425 635 460 urbe
668 426 771 460 Roma
807 426 936 459 domum
974 427 1081 458 sancti
1119 424 1205 458 Petri
1244 427 1413 461 visitaret,
1455 429 1486 458 et
1521 425 1666 461 Italicum
1703 438 1842 471 regnum
1857 454 1865 469 ,
1911 440 1928 461 a
1968 428 2064 462 malis

212 487 400 523 christianis
411 493 441 521 et
455 486 700 521 imminentibus
713 490 851 532 paganis
863 490 1023 531 ereptum‚
1037 485 1077 518 ad
1090 496 1182 518 suum
1195 496 1277 531 opus
1290 485 1523 530 restringendo
1535 486 1726 531 dignaretur
1736 488 1888 521 tenere.“
1910 488 1961 522 Di.
1975 488 2063 522 890.

522 565 624 598 (Erben
640 566 749 599 Regest.
769 565 877 592 Bohem.
903 567 928 589 et
945 564 1043 589 Morav.
1069 572 1094 598 p.
1122 562 1161 589 20
1179 572 1204 590 u.
1224 563 1271 590 48.
1291 580 1319 583 —
1340 564 1523 590 An11a1.Fuld.
1549 573 1574 599 p.
1593 565 1623 591 V.
1641 565 1704 592 Perz
1728 566 1759 592 M.
1780 565 1809 591 G.
1836 565 1854 591 l.
1880 575 1905 600 p.
1919 566 1990 594 407.
2027 583 2056 586 -

625 616 693 643 ,1οῇἲὲ
718 618 784 651 Reg.
810 617 835 642 Ρ.
862 616 890 641 R.
918 625 942 649 p.
970 614 1056 645 296.)

1119 760 1163 796 9.

214 849 322 884 Pabst
351 849 507 894 Stephan
544 849 597 883 Vl.
637 848 786 899 stheibt
823 848 895 881 dem
933 847 1067 891 Konz'ye
1104 847 1306 892 Swatoplnlc
1343 850 1375 880 in
1415 848 1554 892 Beli-eff
1583 849 1644 882 der
1671 849 1782 882 Lekre
1819 850 1877 882 des
1914 849 2065 895 heiliqen

276 911 422 950 Gesstes,
451 910 519 943 med
545 909 628 943 uber
655 909 708 942 die
736 907 960 953 anyeblichen
989 908 1196 941 lsetzerez‘en
1224 908 1283 941 des
1313 907 1559 951 Erzln'scleofes
1585 908 1734 943 Metleod.
1791 922 1820 943 e.
1851 922 1879 943 c.
1908 908 1995 944 890.

367 984 580 1051 Stephanus
614 1006 793 1049 episcopus
826 1014 945 1037 seruus
980 1013 1151 1036 seruorum
1187 1002 1256 1042 dei,
1288 1003 1515 1049 Zuentopolco
1550 1006 1622 1048 regi
1651 1003 1858 1038 Sclauorum.
1916 1003 2000 1045 Quia
2028 1010 2061 1039 te

211 1065 284 1099 zelo
324 1065 398 1099 lidei
436 1069 627 1100 sanctorum
667 1064 893 1110 apostolorum
930 1065 1070 1109 principi
1109 1063 1208 1096 Petro
1246 1063 1400 1097 uidelicet
1436 1066 1532 1108 regni
1570 1064 1704 1098 celestis
1741 1064 1931 1109 clauigero‚
1974 1069 2064 1099 omni

211 1125 399 1159 deuocione
428 1125 605 1166 deuouisti„
636 1127 775 1170 eiusque
803 1126 963 1157 uicarium
993 1134 1052 1168 pre
1080 1125 1207 1156 cunctis
1236 1124 1331 1157 huius
1360 1124 1446 1157 tlucti
1474 1127 1551 1168 uagi
1579 1124 1681 1158 seculi
1701 1124 1904 1170 principibus
1932 1128 2065 1171 princi—

210 1186 318 1232 palem
347 1191 521 1231 patronum
551 1185 699 1230 elegisti,
738 1188 875 1229 eiusque
904 1189 936 1217 te
965 1195 1039 1217 cum
1068 1183 1261 1230 primatibus
1290 1187 1328 1217 ac
1357 1185 1482 1229 reliquo
1512 1189 1599 1217 terre
1626 1185 1746 1230 populo
1776 1188 1909 1219 tuicioni
1938 1189 2065 1232 pariter

209 1249 420 1280 commisisti:
450 1249 614 1280 continuis
635 1245 789 1292 precibus
810 1245 907 1278 deum
936 1244 1097 1278 bonorum
1119 1247 1263 1278 omnium
1293 1245 1481 1289 largitorem
1503 1256 1692 1287 exoramus,
1723 1250 1755 1278 ut
1774 1247 1876 1290 ipsius
1904 1249 2064 1280 muniaris

209 1306 387 1351 suffragio,
426 1310 459 1341 in
487 1310 580 1340 cuius
616 1317 713 1340 manu
744 1310 820 1339 sunt
854 1308 964 1338 onmia
994 1308 1064 1338 iura
1100 1316 1277 1349 regnorum
1314 1310 1475 1350 quatenus
1511 1308 1581 1339 eius
1609 1305 1747 1339 uallatus
1783 1306 1906 1340 auxilio
1941 1311 1973 1340 et
2006 1310 2064 1340 in-

210 1368 483 1401 teruencionibus
503 1367 730 1413 apostolorum
760 1368 945 1412 principum
966 1365 1053 1399 Petri
1082 1369 1115 1399 et
1135 1365 1226 1399 Pauli
1255 1368 1286 1397 et
1307 1375 1324 1397 a
1345 1363 1514 1397 diabolicis
1538 1365 1693 1396 muniaris
1714 1363 1851 1399 insidiis.
1883 1368 1916 1398 et
1936 1375 2065 1410 corpo-

209 1427 269 1461 rali
299 1431 460 1474 sospitate
489 1429 642 1466 laeteris,
681 1432 715 1461 ut
744 1429 853 1460 anima
882 1431 915 1459 et
944 1437 1086 1472 corpore
1115 1430 1203 1459 tutus
1232 1426 1271 1459 ab
1290 1429 1405 1458 eterno
1434 1423 1540 1457 iudice
1567 1423 1662 1456 bonis
1690 1423 1846 1469 operibus
1875 1424 2061 1467 decoratus,

209 1493 370 1533 perpetua
401 1488 559 1522 felicitate
588 1488 735 1521 doneris.
778 1486 849 1521 Nos
879 1490 984 1520 eciam
1014 1490 1066 1531 qui
1098 1490 1169 1520 eius
1198 1488 1423 1519 uicariacione
1442 1483 1619 1528 fungimur,
1649 1482 1789 1517 debitam
1820 1484 2061 1518 solicitudinem

209 1551 319 1594 prote
347 1553 518 1593 gerentes
548 1552 580 1582 in
598 1559 806 1594 quocumque
837 1547 1019 1592 indigueris
1048 1550 1206 1592 negocio.
1237 1551 1268 1581 in
1285 1546 1333 1580 his
1354 1556 1439 1591 quae
1468 1544 1519 1590 ad
1536 1544 1671 1578 salutem
1702 1549 1788 1578 tuam
1809 1548 1973 1590 pertinent
2001 1545 2064 1579 deo
2116 1561 2119 1563 >

209 1608 392 1642 auxiliante
412 1613 633 1654 protectorem
659 1611 814 1642 inuenies
844 1607 1057 1642 inonmibus.
1096 1607 1201 1648 Quem
1231 1606 1350 1641 oblidei
1380 1606 1570 1649 dignitatem
1598 1616 1671 1638 cum
1701 1605 1851 1638 omnibus
1882 1608 1944 1639 tuis
1973 1605 2063 1639 fide-

208 1668 310 1707 libus,
340 1670 427 1703 nulla
457 1674 619 1703 terrarum
649 1669 834 1703 obsistente
863 1672 949 1703 inter
977 1669 1146 1715 capidine,
1178 1666 1403 1714 spiritualibus
1432 1667 1514 1700 ulnis
1543 1668 1635 1709 quasi
1664 1670 1853 1711 presentem
1883 1666 2064 1712 amplecti-

208 1740 281 1762 mur
308 1741 422 1763 amore
451 1734 485 1763 ut
508 1730 710 1776 spiritualem
739 1730 852 1763 filium.
908 1729 1012 1774 Igitur
1045 1732 1118 1775 quia
1148 1728 1335 1762 orthodoxe
1363 1727 1437 1761 fidei
1475 1726 1629 1761 anhelare
1664 1730 1696 1759 te
1725 1726 1830 1759 studio
1863 1726 2062 1769 audiuimuS,

208 1794 242 1823 et
269 1794 364 1824 certo
384 1789 507 1823 indicio
535 1801 580 1824 ex
595 1790 657 1824 hoc
678 1794 905 1835 agnoscimus,
936 1790 1021 1835 quod
1051 1789 1091 1823 ad
1110 1794 1245 1823 matrem
1266 1794 1353 1823 tuam
1383 1792 1527 1822 sanctam
1556 1786 1709 1820 uidelicet
1728 1797 1898 1821 romanam
1922 1787 2062 1821 aeccle-

207 1853 291 1885 siam
320 1861 498 1884 recurrere
526 1851 668 1894 uoluisti,
697 1862 782 1896 quae
811 1851 918 1897 capud
946 1856 996 1885 est
1026 1853 1170 1884 omnium
1201 1850 1438 1883 aecclesiarum
1467 1848 1586 1881 collato
1615 1846 1676 1881 sibi
1706 1847 1879 1892 priuilegio
1908 1850 1940 1880 in
1962 1847 2059 1881 beato

208 1910 308 1944 Petro
342 1914 494 1957 principe
523 1911 765 1956 apostolorum.
805 1915 857 1945 cui
887 1923 965 1946 suas
994 1922 1076 1945 oues
1106 1921 1207 1944 uerus
1241 1915 1355 1956 pastor
1383 1911 1545 1943 commisit
1573 1907 1703 1941 dicens:
1740 1907 1788 1940 Tu
1818 1918 1855 1941 es
1884 1907 2000 1942 Petrus
2030 1912 2063 1942 et

209 1982 311 2016 super
339 1971 426 2005 hanc
454 1976 581 2017 petram
618 1971 781 2006 edificabo
811 1973 1030 2014 aecclesiam,
1069 1976 1102 2005 et
1130 1976 1223 2017 porte
1252 1970 1347 2004 inferi
1382 1980 1447 2003 non
1476 1967 1692 2014 preualebunt
1719 1967 1880 2001 aduersus
1909 1979 1983 2002 eam
2016 1989 2059 1993 -——

161 2065 164 2067 .
208 2035 320 2077 portas
357 2031 471 2071 inferi,
510 2043 569 2065 ora
598 2032 818 2066 orthodoxam
854 2032 952 2066 tidem
981 2032 1253 2066 blasfemancium
1293 2030 1479 2077 appellans;
1515 2039 1578 2074 que
1612 2032 1749 2061 auctore
1778 2027 1908 2062 Christo
1942 2039 2058 2063 omnes

208 2091 349 2126 hereses
378 2092 556 2135 destruxit,
595 2096 626 2126 et
655 2093 849 2127 uacillantes
878 2104 996 2127 omnes
1024 2092 1123 2126 infide
1153 2091 1307 2126 solidauit
1335 2093 1494 2124 creatoris
1524 2092 1573 2123 sui
1601 2091 1723 2122 munita
1753 2088 1894 2128 anxium
1929 2088 2060 2123 dicente

208 2151 340 2185 domino
369 2157 483 2186 nostro
502 2152 584 2187 Jesu
603 2152 752 2187 Christo:
783 2153 897 2188 Simon
918 2164 1001 2187 ecce
1029 2157 1165 2188 satanas
1194 2156 1321 2200 expetit
1348 2163 1407 2186 uos
1435 2156 1469 2185 ut
1496 2150 1656 2184 cribraret
1685 2153 1769 2184 sicut
1789 2152 1942 2184 triticum.
1985 2149 2060 2194 Ego

209 2216 317 2246 autem
347 2216 463 2257 rogaui
493 2224 552 2259 pro
580 2218 611 2247 te
646 2224 688 2247 ne
716 2213 847 2248 deficiat
882 2214 963 2248 tides
996 2218 1049 2248 tua
1078 2219 1111 2248 et
1139 2217 1171 2245 tu
1207 2210 1382 2257 aliquando
1411 2219 1593 2243 conuersus
1628 2208 1785 2241 confirma
1815 2208 1937 2241 fratres
1973 2211 2058 2241 tuos.

209 2271 291 2313 Quis
321 2284 404 2317 rogo
433 2276 496 2307 nisi
516 2276 676 2320 insipiens
704 2277 864 2308 intantum
895 2275 1015 2308 audeat
1043 2272 1250 2321 blasphemie
1279 2271 1442 2305 baratrum
1472 2271 1574 2312 mergi
1603 2273 1637 2301 ut
1657 2268 1741 2302 l‘etri
1771 2268 1866 2302 fidem
1895 2267 2058 2302 infamet?

210 2343 271 2378 pro
290 2344 354 2377 quo
375 2333 512 2368 uerbum
541 2335 594 2368 dei
622 2338 654 2368 in
678 2334 806 2369 duabus
835 2338 960 2369 naturis
980 2337 1143 2380 existens,
1172 2333 1257 2378 quod
1287 2337 1401 2366 natura
1421 2333 1509 2365 serui
1538 2333 1646 2362 autem
1675 2333 1791 2363 natura
1818 2329 1955 2363 contulit
1981 2328 2058 2362 dei-

209 2395 297 2426 tatis.
336 2394 440 2428 Tuam
461 2395 680 2429 deuocionem
709 2395 951 2440 amplectimur,
979 2395 1146 2430 uolentem
1175 2396 1307 2428 discere
1334 2396 1368 2426 ut
1386 2390 1598 2437 prudenciam
1628 2395 1721 2423 tuam·
1744 2389 1844 2435 digna
1873 2389 2057 2423 attollamus

210 2452 320 2491 laude,
350 2465 433 2498 quae
454 2466 519 2489 non
548 2455 623 2489 alibi
644 2458 773 2500 vagari.
799 2456 863 2490 ‘sed
879 2459 983 2502 ipsam
1013 2467 1099 2501 quae
1128 2460 1228 2501 caput
1247 2458 1297 2488 est
1325 2451 1447 2487 studuit
1474 2450 1660 2493 consulere,
1691 2463 1708 2484 a
1725 2462 1787 2496 qua
1809 2452 1914 2484 eciam
1939 2460 2056 2483 omnes

209 2512 376 2546 ecclesiae
405 2521 616 2561 sumpserunt
645 2516 828 2550 exordium.
872 2516 1131 2562 Uei-umptamen
1161 2514 1407 2549 fundamentum
1436 2511 1511 2545 fidei
1541 2522 1640 2557 super
1668 2511 1754 2556 quod
1784 2522 1875 2545 suam
1905 2510 2055 2544 Christus

209 2575 378 2607 constituit
405 2576 604 2610 aecclesiam
633 2577 717 2611 istud
747 2583 814 2611 est:
848 2577 934 2611 Tres
963 2582 1056 2610 certe
1094 2586 1240 2622 persone
1268 2574 1506 2610 subsistentes,
1541 2576 1654 2618 patris.
1694 2578 1725 2606 et
1753 2573 1825 2608 lilii.
1862 2578 1895 2606 et
1923 2575 2056 2618 spiritus

208 2636 316 2667 sancti
345 2639 525 2668 coaeterne
553 2626 626 2671 sibi*
644 2642 719 2672 sunt
747 2643 780 2671 et
809 2638 998 2683 coequale5‚
1029 2642 1060 2671 et-
1089 2640 1222 2671 istarum
1253 2639 1346 2668 trium
1376 2644 1591 2679 personarum
1620 2645 1683 2667 una
1713 2639 1763 2668 est
1789 2634 1894 2667 deitas
1923 2637 2051 2675 natura,
