2184 2828
997 102 1069 136 175

981 244 1087 279 24⁶2.

108 324 296 368 Mar-hyras
318 323 407 356 lsarl
435 322 624 367 rerspre‘elet
653 323 714 356 den
744 323 956 357 mialaris-chen
992 323 1163 357 Barouen.
1201 323 1280 356 dass
1317 334 1356 356 er
1384 323 1481 357 lwine
1510 325 1637 358 andere
1665 325 1718 358 als
1746 325 1799 358 die
1828 327 1859 358 iu
1897 326 1959 359 der

116 385 319 428 l'ersassunq
356 384 421 416 um!
453 384 514 416 den
553 383 816 417 Gewolmleeiteu
852 385 910 417 des
947 384 1078 418 Laudes
1109 384 1318 427 [μ’μ’-(11111146
1355 384 1483 418 Sleeler
1520 386 1700 430 νει-[11119811
1732 387 1852 419 werde.
1898 387 1957 420 Da.

619 443 736 477 Breme
773 444 806 478 Γ.
844 445 963 478 Nonas
988 445 1074 478 Julie·
1103 445 1158 487 (3.
1188 444 1280 485 Juli)
1316 444 1425 478 1339.

260 503 349 557 Ros
384 522 526 556 Karolus
564 522 615 555 dei
650 525 764 566 gracia
801 523 923 556 domini
957 523 1059 567 Regis
1097 522 1232 555 Boemie
1268 522 1511 567 Primogeuitus
1540 523 1689 558 Mareliio
1724 524 1886 559 Morauie.
1917 525 1956 558 ad

108 586 337 616 vniuersorum
367 586 518 616 noticiam
550 587 666 616 tenore
694 586 903 628 presencium
939 584 1089 617 volumus
1125 586 1315 628 peruenire5
1351 584 1437 629 quod
1474 584 1546 617 licet
1584 584 1733 619 Barones
1762 585 1897 619 Nobiles
1927 591 1959 619 vt

107 644 159 688 alij
189 643 437 677 Mareliionatus
466 646 570 677 nostri
598 642 747 677 Morauie
777 643 888 677 lncole
918 644 1042 690 pridem
1063 643 1228 677 Collectas
1258 649 1290 677 et
1312 644 1450 681 Bel-nas,
1481 645 1520 678 de
1550 648 1695 691 ipsorum
1726 646 1956 680 beniuoleneia

107 704 201 738 nobis
230 704 327 751 plene
357 704 610 750 expediuerunt,
640 706 701 750 ipsi
731 708 839 737 tamen
869 705 1117 738 considerantes
1146 705 1332 738 euidentem
1354 710 1498 738 nostram
1520 710 1752 740 necessitatem
1783 712 1813 741 et
1841 711 1958 752 grauia

106 776 208 799 onera
238 765 420 799 debitorum
451 769 651 806 nostrorum,
682 776 744 810 que
779 769 912 810 propter
945 764 1142 806 Qwerarum
1178 770 1209 798 et
1245 765 1482 799 discordiarum
1521 766 1731 801 turbae-iones
1761 768 1957 814 multiplices

106 829 209 860 nostri
238 829 399 871 genitoris
427 830 525 872 atque
554 830 684 859 nostras
713 830 777 859 tam
815 830 929 859 eontra
959 826 1207 872 Imperatorem,
1238 837 1333 870 quam
1363 832 1477 860 contra
1507 827 1609 861 duces
1639 829 1777 862 Austrie
1806 841 1844 862 ac
1874 831 1958 863 alios

105 886 241 921 Emulos
270 891 400 920 nostros
429 889 559 920 vicinos
589 886 809 919 diuersimode
839 886 979 921 liabitas.
1010 887 1177 933 hucusque
1207 886 1394 920 notabiliter
1419 890 1633 922 sustinuimus
1662 889 1702 922 ad
1732 890 1957 923 suffocandum

105 947 288 981 debitorum
319 946 503 980 huiusmodi
532 949 742 991 voraginem,
773 946 814 980 ad
849 947 1067 993 reparandum
1104 952 1135 981 et
1169 947 1397 981 redimendum
1432 947 1678 983 Mareliionatus
1717 949 1801 983 bona
1833 956 1957 988 11051111,

106 1019 168 1053 que
196 1019 256 1053 per
283 1007 511 1052 obligaciones
540 1019 600 1053 per
634 1007 815 1053 predictum
851 1007 1016 1041 domimnn
1053 1013 1083 1041 et
1120 1007 1310 1041 Genitorem
1341 1013 1488 1042 nostrum
1527 1014 1559 1042 et
1588 1021 1648 1044 1105
1678 1010 1784 1044 factas
1814 1024 1830 1045 a
1862 1012 1958 1045 nobi<

106 1073 137 1102 et
165 1068 303 1102 Camera
335 1068 476 1102 alienata
507 1073 583 1102 sunt
612 1072 645 1101 et
672 1068 841 1102 distracta.
872 1073 905 1101 vt
934 1072 1012 1113 ipsis
1033 1074 1193 1114 reparatis
1214 1073 1243 1102 et
1265 1070 1426 1103 exsolutis
1447 1069 1566 1103 Incolis
1587 1074 1687 1104 nostri
1709 1071 1957 1106 Mareliiouatus

105 1133 218 1175 optate
246 1132 377 1174 quietis,
407 1131 499 1174 pacis
527 1129 701 1162 commoda
729 1133 762 1162 et
789 1130 1018 1163 rectitudinem
1046 1133 1171 1163 iusticie
1201 1140 1241 1163 eo
1270 1130 1432 1164 salubrius
1467 1141 1647 1176 procurare
1682 1135 1860 1178 possimus,
1898 1136 1957 1179 ipsi

105 1189 256 1224 Barones
285 1194 317 1223 et
345 1189 480 1223 Nobiles
509 1189 759 1224 marchionatus
788 1193 892 1224 nostri
923 1190 1099 1224 Collectam
1127 1191 1331 1235 generalem,
1362 1203 1425 1237 que
1455 1191 1563 1226 Berua
1598 1193 1714 1226 dicitur
1743 1193 1783 1227 de
1811 1197 1957 1239 ipsorum

105 1250 200 1285 honis
229 1262 273 1284 ex
304 1261 394 1284 mera
423 1253 572 1296 ipsorum
600 1249 830 1284 beniuolencia
861 1255 893 1284 et
921 1250 1021 1284 libera
1051 1251 1229 1293 voluntate.¹
1261 1256 1293 1286 et
1321 1263 1387 1286 non
1417 1263 1461 1286 ex
1490 1252 1598 1298 aliquo
1626 1253 1718 1299 ,Iureff
1751 1254 1790 1288 ad
1817 1266 1958 1301 presens

104 1310 200 1345 nobis
228 1311 307 1345 dare
337 1313 538 1344 vnanimiter
565 1314 796 1357 promiserunt*
827 1311 873 1345 Ea
903 1316 1038 1357 propter
1065 1312 1276 1346 considerato
1305 1313 1434 1347 ardoris
1471 1313 1599 1351 affectu,
1630 1326 1694 1360 11110
1723 1326 1804 1360 erga
1835 1327 1895 1349 nos
1925 1319 1957 1349 in

105 1374 275 1417 premissis
304 1371 420 1405 feruidi
441 1371 639 1406 alliciuntur.
663 1372 816 1406 volentes
837 1376 971 1418 insuper
989 1377 1083 1417 grata
1105 1374 1331 1407 vicissitudine
1361 1385 1475 1408 eorum
1496 1386 1675 1409 occurrere
1695 1376 1852 1410 voluntati
1874 1388 1958 1422 pro-

104 1435 263 1474 misimus„
285 1437 317 1465 et
336 1436 466 1466 sincere
486 1435 703 1478 promittimus
719 1432 804 1466 bona
822 1433 884 1466 lide
904 1444 962 1478 pro
979 1433 1073 1466 uobis
1090 1433 1265 1467 heredibus
1283 1439 1313 1468 et
1330 1435 1582 1469 successoribus
1599 1440 1718 1469 nostris
1734 1440 1957 1471 sacrosanctis

104 1495 197 1527 tactis
213 1492 421 1537 Ewangelijs
441 1493 657 1538 corporaliter
676 1496 855 1527 iurauimus
875 1498 907 1527 et
926 1493 1092 1537 Jummus,
1114 1495 1198 1540 quod
1219 1495 1259 1528 de
1280 1500 1394 1529 cetero
1414 1499 1455 1529 im
1477 1501 1671 1542 perpetuum
1692 1498 1779 1530 nullo
1800 1508 1956 1542 vmquam

105 1558 254 1600 tempore
283 1565 301 1587 a
330 1554 467 1599 prefatis
496 1553 683 1587 Baronibus
713 1558 745 1588 et
772 1553 943 1588 Nobilibus
978 1554 1153 1588 heredibus
1189 1560 1220 1589 et
1249 1556 1500 1590 successoribus
1530 1568 1643 1591 eorum
1678 1569 1742 1591 non
1774 1558 1955 1592 debeamus

104 1618 160 1648 aut
187 1617 350 1660 possimus
380 1614 520 1659 aliquam
551 1614 728 1648 Collectam
765 1615 958 1659 generalem
988 1627 1046 1648 seu
1082 1615 1223 1650 Bernain
1259 1621 1385 1662 petere3
1411 1609 1575 1662 exigere.
1614 1623 1668 1652 aut
1703 1622 1866 1664 recipere.
1897 1631 1956 1653 seu

105 1677 196 1719 exigi
226 1679 282 1708 aut
309 1677 411 1720 recipi
440 1686 500 1721 per
527 1686 588 1708 nos
617 1675 713 1709 alium
745 1670 798 1709 vel
826 1675 907 1709 alios
936 1675 1181 1721 quomodolibet
1200 1681 1440 1723 promittamus,
1464 1681 1525 1712 nisi
1547 1681 1576 1712 in
1607 1690 1698 1714 casu.
1728 1690 1792 1724 11110
1822 1684 1885 1713 tam
1916 1680 1956 1713 de

103 1735 195 1777 Jure‚
225 1746 321 1781 quam
351 1735 393 1769 de
421 1735 600 1782 approbata
630 1735 791 1770 hactenus
819 1736 1059 1770 consuetudine
1088 1740 1203 1770 merito
1232 1738 1339 1772 nobis.
1369 1743 1424 1772 aut
1452 1743 1574 1773 nostris
1605 1739 1742 1773 debetur
1763 1740 1953 1777 heredibus.

105 1801 179 1842 puta
208 1799 234 1829 si
264 1807 325 1830 nos
353 1799 549 1842 permitente
579 1796 711 1830 domino
747 1800 955 1841 contingeret
990 1800 1020 1830 in
1056 1797 1183 1841 Regem
1218 1798 1354 1832 Boemie
1391 1803 1555 1841 coronari,
1587 1801 1638 1834 uel
1670 1801 1766 1834 liliam
1796 1806 1955 1837 1105111101,

104 1860 131 1890 51
165 1868 262 1902 quam
298 1859 330 1890 in
365 1861 464 1891 antea
500 1856 724 1900 habuerimus,
761 1862 793 1891 et
821 1857 895 1891 dum
931 1857 1015 1891 hanc
1051 1861 1082 1891 in
1117 1861 1210 1892 annis
1244 1862 1387 1893 maritari
1430 1863 1616 1906 contingat.
1659 1866 1689 1895 et
1732 1873 1804 1895 cum
1841 1865 1956 1895 marito

105 1920 265 1963 nusperit‚
295 1917 389 1951 Tunc
417 1917 536 1951 deinde
565 1923 641 1964 post
668 1921 767 1952 vuius
796 1921 873 1952 anni
903 1921 1049 1964 spacium
1078 1921 1181 1964 ipsam
1212 1919 1354 1953 Bernam
1384 1920 1424 1953 de
1453 1920 1597 1966 quolibet
1626 1922 1722 1955 laneo
1752 1934 1811 1968 per
1839 1926 1956 1967 viginti

104 1982 136 2010 et
164 1977 248 2011 Octo
275 1988 415 2022 grossos
444 1989 630 2024 pragenses
659 1979 852 2024 recipiendo
881 1979 1049 2012 dumtaxat
1079 1978 1118 2012 ab
1149 1982 1226 2024 ipsis
1246 1980 1431 2014 Baronibus
1462 1986 1494 2014 et
1519 1979 1691 2015 Nobilibus
1721 1994 1759 2015 ac
1790 1986 1956 2017 vniuersis

105 2041 205 2072 nostri
235 2038 482 2073 Mareliionatus
512 2039 630 2073 Incolis
659 2039 745 2073 licite
775 2045 902 2085 petere,
932 2042 1070 2079 exigere
1099 2044 1131 2073 et
1158 2043 1320 2086 recipere,
1359 2045 1538 2087 poterimus
1576 2047 1607 2075 et
1645 2043 1815 2078 debemus.
1855 2048 1885 2077 et
1914 2044 1955 2077 ad

106 2099 281 2132 firmiorem
303 2103 541 2144 premissorum
562 2103 706 2133 omnium
727 2100 954 2134 certitudinem
975 2104 1006 2133 et
1026 2103 1234 2134 securitatem
1257 2107 1375 2147 sponte
1395 2113 1457 2136 1105
1478 2103 1662 2147 obligamus
1684 2109 1715 2136 et
1735 2103 1955 2138 submittinnis

105 2159 144 2193 ad
174 2170 292 2205 penam
327 2163 501 2194 sentencie
534 2160 904 2195 Excommunicacionis
939 2161 1058 2194 domini
1099 2172 1195 2207 pape,
1239 2172 1334 2206 quam
1377 2174 1437 2197 nos
1480 2163 1622 2197 lii-redes
1665 2168 1695 2196 et
1730 2165 1956 2199 Sin-cessores

104 2223 205 2254 nostri
236 2223 308 2265 ipso
337 2220 424 2254 facto
452 2224 623 2255 incurrere
651 2222 806 2256 volumus
835 2227 866 2255 et
895 2224 965 2267 ipsa
996 2221 1089 2265 ligari
1119 2225 1301 2264 sentencia
1332 2226 1358 2256 si
1397 2229 1511 2257 contra
1543 2227 1702 2270 premissa
1733 2229 1845 2258 nostra
1876 2231 1953 2259 vota

105 2285 250 2315 nostram
280 2281 375 2314 tidem
405 2286 437 2314 et
465 2281 694 2316 Juramentum
724 2286 892 2328 prestitum
923 2282 989 2315 vllo
1020 2294 1173 2328 vmquam
1204 2287 1352 2328 tempore
1381 2296 1649 2329 presunwrcinus
1677 2290 1730 2318 aut
1761 2285 1873 2319 facere
1903 2287 1953 2320 uel

104 2344 232 2375 venire.
264 2341 299 2374 111
329 2344 422 2375 cuius
450 2345 496 2375 rei
519 2346 740 2377 testimoninm
762 2348 937 2389 presentes
958 2343 1026 2376 lieri
1049 2345 1204 2376 iussimus
1225 2344 1330 2387 Sigilli
1352 2349 1452 2378 nostri
1474 2350 1571 2390 atque
1592 2345 1713 2378 domiui
1735 2350 1764 2379 et
1787 2346 1954 2381 Genitoris

105 2405 205 2436 nostri
236 2402 402 2435 karissimi
433 2405 610 2437 munimine
639 2403 816 2438 roboratis.
847 2403 914 2437 Nos
943 2414 1072 2448 quoque
1100 2403 1273 2437 Johannes
1304 2404 1438 2439 Boemie
1468 2406 1553 2447 Rex,
1584 2417 1623 2439 ac
1652 2406 1954 2452 Lucemlnirgensis

105 2463 225 2496 Comes
261 2462 548 2501 Recognoscimus
583 2467 762 2500 vniuersis.
800 2464 893 2505 Quod
929 2463 1078 2497 Baroues
1114 2469 1145 2497 et
1179 2463 1314 2498 Nobiles
1343 2470 1430 2499 terre
1459 2471 1489 2499 et
1526 2466 1774 2501 Mareliionatus
1804 2468 1954 2502 Morauie

105 2523 144 2555 ad
174 2528 358 2557 nostrarum
389 2527 419 2555 et
450 2522 661 2568 l’rimogeniti
691 2528 793 2558 nostri
824 2524 957 2570 predicti
988 2527 1166 2558 instancias
1196 2531 1384 2570 presentem
1418 2526 1555 2560 Bernam
1587 2527 1665 2561 dare
1694 2532 1893 2562 vnanimiter
1922 2534 1956 2563 et-

107 2583 242 2617 lideliter
271 2587 502 2629 promiserunt.
533 2584 574 2617 ob
602 2585 687 2629 quod
718 2597 782 2619 vna
813 2597 885 2619 cuin
916 2587 988 2631 ipso
1023 2587 1244 2630 primogenito
1279 2591 1390 2619 nostro
1427 2587 1465 2619 ad
1496 2587 1771 2622 obseruacioueui
1807 2593 1952 2623 omnium
