2184 2828
1126 129 1199 166 680

249 248 410 291 Rusticis,
440 248 673 295 Emphiteotis,
709 248 865 292 agricolis
897 253 929 282 et
961 250 1111 285 censitis,
1149 252 1182 280 et
1218 247 1256 281 ad
1295 247 1424 289 glebam
1462 251 1603 283 astrictis
1641 249 1780 287 Castris,
1818 247 2071 289 Municionibus,

247 309 381 355 predijs,
411 312 500 354 agris
529 310 624 343 cultis
654 313 686 342 et
713 309 852 351 incultis,
880 308 1034 349 fontibus,
1066 307 1224 349 vallibus,
1254 308 1370 353 planis,
1399 308 1501 349 siluis,
1530 309 1728 351 nemoribus,
1749 308 1887 351 rubetis,
1909 309 2071 353 uirgultis,

247 372 391 415 pascuis,
426 372 539 416 pratis,
575 368 825 412 uenacionibus,
861 368 1146 414 aucupationibus,
1176 370 1323 413 piscinis,
1353 370 1537 413 piscaturis,
1575 372 1693 411 vineis,
1728 371 1833 413 aquis,
1870 380 2071 413 aquarumue

247 429 453 469 decursibus,
470 429 678 472 Molendinis,
699 432 874 471 montanis,
895 432 977 471 auri,
999 431 1137 472 argenti,
1160 428 1287 467 Stanni,
1309 427 1432 461 Plumbi
1454 429 1504 462 uel
1528 432 1762 473 cuiuscumque
1783 429 1915 462 alterius
1937 432 2073 473 generis

247 491 467 532 metallorum,
501 489 793 531 iurisdictionibus,
832 488 974 535 Baylijs,
1008 488 1163 531 Judicijs,
1197 487 1375 532 Dominijs,
1412 488 1540 530 bernis,
1578 493 1640 523 tam
1678 491 1708 522 in
1738 488 1833 522 bonis
1862 488 2074 522 Venerabilis

249 549 482 584 Olomucensis
511 549 678 596 Episcopi,
708 550 868 595 Principis
896 551 1000 583 nostri
1029 553 1062 582 et
1097 559 1328 582 successorum
1363 551 1477 593 ipsius,
1513 560 1606 594 quam
1645 550 1780 583 aliorum
1819 548 1996 591 Beronum,
2033 560 2073 582 ac

246 611 425 644 incolarum
454 610 615 652 Morauie,
645 613 796 656 quotiens
824 609 970 651 easdem,
1007 608 1188 643 secundum
1223 608 1439 654 approbatam
1473 608 1579 653 Regni
1614 613 1718 643 nostri
1751 609 1887 642 Boemie
1922 620 2072 643 consue-

245 671 400 709 tudinem,
431 681 490 716 per
517 681 590 713 nos,
620 669 772 713 heredes,
803 673 874 704 siue
903 679 1117 704 successores
1146 673 1276 702 nostros
1306 669 1442 702 Boemie
1470 669 1592 713 Reges,
1613 681 1657 704 ex
1676 670 1830 714 legitimis
1851 672 1962 703 causis
1981 673 2071 713 exigi

246 742 305 764 seu
344 733 465 776 requiri
498 733 682 775 continget,
719 735 752 764 et
787 730 861 763 dum
900 730 994 764 nobis
1027 732 1098 764 siue
1132 729 1226 763 dictis
1263 729 1457 771 heredibus,
1492 734 1522 763 et
1556 730 1806 764 successoribus
1843 733 1966 764 nostris
2001 733 2073 764 iure

244 790 415 831 debentur,
446 790 637 833 redditibus,
667 790 893 836 mouentibus,
923 790 1091 831 censibus,
1121 789 1363 831 exactionibus,
1392 793 1485 835 penis
1520 795 1551 823 et
1586 791 1744 833 emendis,
1779 801 1871 824 mero
1906 795 1938 824 et
1970 793 2072 824 mixto

245 854 393 896 imperio,
424 850 546 884 iuribus
574 855 768 897 patronatus
798 851 1014 884 ecclesiarum
1039 855 1071 884 et
1092 849 1326 884 beneficiorum
1353 861 1640 896 quorumcumque,
1663 851 1800 884 Necnon
1827 862 1901 883 cum
1921 850 2072 884 omnibus

245 911 380 955 iuribus,
410 911 600 950 honoribus,
631 910 853 955 dignitatibus,
883 910 1150 946 obuentionibus.
1180 910 1486 950 consuetudinibus,
1507 910 1718 955 adherentiJ‘s,
1740 916 1771 944 et
1798 911 1937 954 singulis
1966 913 2072 956 perti-

245 973 367 1016 nentijs
396 975 477 1015 suis,
507 971 769 1017 quibuscumque
798 971 996 1016 specialibus
1026 971 1212 1005 nominibus
1241 975 1272 1004 et
1301 970 1470 1004 uocabulis
1498 974 1625 1017 possint
1653 976 1685 1005 et
1713 972 1845 1005 ualeant
1879 974 2072 1016 expressari

244 1037 275 1066 in
305 1032 435 1066 feudum
465 1032 575 1066 nobile
605 1036 636 1065 et
663 1035 748 1065 iusto
777 1031 863 1065 feudi
894 1032 983 1065 titulo
1012 1042 1029 1065 a
1065 1031 1171 1071 nohis,
1208 1031 1385 1065 heredibus
1418 1035 1450 1065 et
1482 1031 1733 1066 successoribus
1769 1034 1891 1065 nostris
1925 1031 2072 1076 Regibus

244 1093 392 1133 Boemie,
422 1097 454 1126 et
482 1104 499 1126 a
528 1103 653 1125 corona
682 1093 792 1136 Regni
821 1092 939 1137 prefati
968 1092 1164 1131 habendum,
1194 1092 1384 1128 tenendum,
1413 1092 1658 1137 possidendum,
1690 1103 1728 1125 ac
1748 1092 1969 1126 util'ruendum
1991 1103 2072 1138 per-

243 1158 341 1199 petuo
370 1153 497 1193 damus,
527 1153 740 1194 conferimus,
771 1157 803 1186 et
831 1153 1002 1193 donamus,
1033 1156 1217 1198 presertim,
1247 1164 1319 1186 cum
1341 1153 1480 1186 eundem
1500 1152 1759 1186 Marchionatum
1781 1152 1930 1186 Morauie
1951 1153 2069 1186 dudum

243 1215 332 1248 clare
361 1214 607 1247 recordacionis
636 1213 782 1247 Illustrcs
811 1216 1042 1259 progenitores
1072 1218 1103 1247 et
1136 1213 1396 1259 predecessores
1432 1215 1547 1256 nostri,
1583 1213 1745 1259 quondam
1780 1213 1892 1257 Reges
1928 1213 2073 1255 Boemie,

243 1285 261 1307 a
291 1274 374 1308 diuis
402 1274 626 1308 Romanorum
656 1273 913 1319 Imperatoribus
941 1278 973 1307 et
1002 1273 1162 1318 Regibus.
1194 1276 1351 1307 memorie
1380 1273 1581 1315 uenerande,
1610 1276 1641 1306 in
1672 1273 1802 1307 feudum
1839 1277 2014 1315 tenuerint,
2044 1278 2075 1307 et

243 1337 340 1368 etiam
373 1337 405 1368 in
442 1333 575 1368 feudum
610 1334 853 1380 presentialiter
887 1339 1032 1375 teneant,
1072 1346 1110 1368 ac
1146 1334 1275 1368 demum
1314 1346 1353 1368 ac
1391 1334 1431 1367 de
1464 1337 1689 1379 consequenti,
1726 1334 1873 1368 Illustres
1910 1334 2073 1380 quondam

246 1394 457 1429 Marchiones
485 1394 634 1428 Morauie
663 1394 802 1428 eundem
832 1394 1052 1440 Principatum
1082 1407 1099 1428 a
1130 1395 1265 1428 Boemie
1294 1394 1442 1439 Regibus
1469 1395 1604 1428 ulterius
1633 1397 1663 1427 in
1694 1394 1825 1428 feudum
1847 1398 2022 1435 tenuerint,
2043 1399 2075 1428 ut

246 1459 295 1489 sic
331 1461 363 1489 et
400 1459 531 1489 inantea
570 1456 776 1501 supradictus
815 1456 972 1502 Princeps
1010 1461 1042 1489 et
1081 1455 1184 1489 frater
1217 1460 1331 1489 noster
1368 1455 1517 1497 dilectus,
1553 1454 1694 1488 heredes
1730 1460 1760 1488 et
1794 1455 1997 1500 proheredes
2026 1459 2075 1489 sui

244 1515 456 1549 Marchiones
485 1515 647 1555 Morauie,
678 1516 798 1549 dictum
828 1515 1091 1550 Marchionatum
1116 1527 1132 1549 a
1155 1515 1260 1557 nobis,
1283 1515 1459 1549 heredibus
1478 1520 1510 1549 et
1529 1515 1778 1549 successoribus
1799 1519 1918 1549 nostris
1940 1515 2076 1550 Boemie

244 1575 405 1620 Regibus,
435 1580 466 1609 et
494 1587 512 1609 a
541 1587 664 1610 corona
694 1576 802 1621 Regni
832 1577 967 1610 Boemie
997 1580 1102 1611 eciam
1131 1580 1162 1611 in
1192 1577 1324 1611 feudum
1352 1581 1508 1623 perpetuo
1536 1580 1650 1609 tenere
1679 1576 1832 1619 debeant,
1861 1579 1945 1611 sicut
1970 1580 2075 1610 eciam

244 1647 318 1673 nos,
354 1639 407 1681 qui
444 1647 507 1670 non
544 1637 675 1670 aliunde
712 1636 752 1670 ob
788 1637 850 1671 hoc
887 1637 1041 1683 exempla
1076 1637 1272 1682 colligimus,
1311 1637 1385 1670 dum
1422 1647 1572 1671 essemus
1613 1639 1643 1669 in
1683 1636 1861 1670 minoribus
1897 1640 2075 1677 constituti,

244 1697 384 1730 eundem
413 1696 676 1731 llIarchionatum
705 1709 778 1731 cum
808 1698 958 1733 omnibus
987 1701 1055 1732 suis
1084 1698 1278 1741 honoribus,
1308 1698 1459 1742 dominiis
1487 1701 1518 1730 et
1543 1699 1748 1742 pertinentiJs
1769 1708 1787 1730 a
1807 1698 1897 1731 clare
1918 1700 2076 1731 memorie

245 1757 363 1791 lllustri
392 1757 545 1791 Johanne
574 1758 736 1802 quondam
766 1758 902 1792 Boemie
930 1759 1037 1804 Rege.
1066 1762 1219 1804 genitore
1244 1763 1357 1792 nostro
1377 1760 1560 1799 carissime,
1582 1757 1783 1791 dinoscimur
1802 1761 1961 1800 tenuisse,
1983 1757 2078 1791 Sicut

246 1820 349 1851 eciam
379 1818 455 1852 illud
483 1823 676 1862 argumento
706 1818 876 1864 probabili,
906 1830 950 1853 ex
978 1820 1092 1853 litteris
1121 1820 1185 1853 diui
1214 1819 1383 1859 Friderici,
1414 1818 1634 1852 Romanorum
1664 1817 1779 1862 Regis,
1809 1821 1840 1851 in
1870 1818 1985 1862 quibus
2008 1828 2076 1850 ex-

245 1881 409 1923 primitur,
447 1878 532 1924 quod
572 1879 708 1912 Illustris
745 1879 908 1913 Ilenricus
947 1884 1087 1925 protunc
1120 1879 1267 1913 Marchio
1303 1879 1462 1920 Morauie,
1500 1883 1532 1911 et
1566 1881 1766 1911 vniuersitas
1809 1877 2001 1922 Magnatum
2045 1882 2076 1910 et

246 1938 410 1972 Nobilium
439 1938 574 1972 Boemie
602 1939 642 1973 de
671 1950 811 1974 assensu
840 1940 979 1974 Illustris
1009 1940 1168 1981 Ottahari,
1198 1939 1360 1986 quondam
1389 1939 1524 1973 Boemie
1552 1938 1666 1982 Regis,
1696 1949 1809 1983 proaui
1838 1942 1941 1972 nostri
1963 1938 2076 1972 Wen-

247 1999 389 2032 ceslaum
430 2002 682 2044 primogenitum
719 2003 820 2046 ipsius
861 2001 1021 2035 Illustrem
1060 2004 1091 2034 in
1125 2001 1253 2045 Regem
1287 2011 1380 2035 suum
1420 2000 1596 2043 elegerint,
1638 2003 1669 2032 et
1702 1999 1817 2032 eadem
1860 1999 1978 2033 electio
2018 2010 2078 2044 per

246 2059 468 2104 supradictum
502 2059 704 2094 Fridericum
740 2061 963 2095 Romanorum
1001 2061 1128 2106 Regem
1164 2062 1261 2095 fuerit
1298 2059 1476 2106 approbata
1511 2063 1542 2092 et
1583 2070 1626 2092 ex
1658 2059 1771 2101 literis,
1810 2059 1875 2092 diui
1921 2058 2077 2093 Richardi

247 2119 470 2153 Romanorum
501 2120 604 2165 Regis
631 2121 787 2161 similiter,
818 2124 849 2155 in
879 2122 995 2167 quihus
1025 2121 1109 2155 idem
1139 2122 1179 2155 ad
1209 2125 1312 2155 instar
1341 2122 1476 2154 aliorum
1505 2119 1755 2164 Imperatorum.
1786 2124 1817 2153 et
1852 2120 2075 2153 Romanorum

250 2179 377 2224 Reguli]
408 2180 567 2214 illustrem
597 2180 788 2214 Ottakaruiu
819 2183 1012 2225 secundum,
1042 2182 1204 2227 quondam
1235 2182 1369 2215 Boemie
1398 2181 1521 2224 Regem
1552 2191 1609 2225 pro
1643 2191 1678 2213 se
1713 2180 1890 2214 heredibus
1924 2184 1957 2214 et
1994 2191 2078 2214 suc—

250 2240 441 2274 cessoribus
470 2241 606 2274 Boemie
634 2241 781 2286 Regibus
810 2242 850 2276 de
877 2243 1015 2288 predicti
1042 2242 1151 2287 Regni
1179 2242 1314 2276 Boemie
1343 2245 1375 2275 et
1401 2240 1630 2274 Marchionatu
1658 2239 1807 2274 Morauie
1840 2240 2077 2286 principatibus

250 2305 280 2333 ct
309 2300 414 2334 feudis
443 2301 484 2335 ab
512 2304 593 2347 ipsis
621 2302 899 2337 descendentibus
928 2306 1107 2342 inuestiuit,
1137 2314 1219 2347 quas
1249 2303 1423 2346 diligenter
1450 2300 1613 2337 ascultari,
1645 2305 1675 2334 et
1702 2303 1734 2334 in
1763 2312 1906 2335 examen
1941 2300 2078 2347 prouide

248 2360 463 2395 discussionis
491 2362 608 2396 adduci
637 2361 788 2403 fecimus,
818 2363 991 2397 euidenter
1019 2366 1189 2408 accipitur,
1219 2368 1251 2397 et
1278 2363 1440 2406 colligitur
1468 2360 1654 2397 manifeste,
1684 2361 1876 2407 Venerabili
1910 2361 2076 2402 Johanne,

250 2420 462 2456 olomucensi
491 2422 668 2468 Episcopo,
698 2427 947 2468 consanquineo
975 2428 1102 2465 nostro,
1132 2434 1263 2457 necnon
1292 2422 1408 2456 Illustri
1436 2420 1573 2454 Nicolao
1593 2420 1686 2454 Duce
1707 2421 1847 2468 Opauie,
1870 2420 2078 2466 Principibus

250 2484 382 2519 nostris,
399 2482 573 2517 heredibus
589 2487 620 2516 et
635 2484 888 2518 successoribus
906 2487 1050 2530 ipsorum
1069 2484 1238 2518 dumtaxat
1255 2485 1416 2528 exceptis.
1434 2480 1580 2521 Quorum
1601 2482 1749 2525 alterum,
1767 2482 1919 2515 uidelicet
1937 2481 2079 2515 Olomu-

251 2552 385 2574 censem
398 2541 595 2589 Episcopum
613 2549 646 2577 et
663 2554 877 2578 successores
894 2544 1052 2583 eiusdem,
1064 2547 1182 2578 uirtute
1199 2545 1376 2578 litterarum
1392 2541 1570 2575 recolende
1586 2545 1743 2576 memorie
1759 2543 1906 2576 diuorum
1920 2541 2079 2576 Friderici

250 2601 472 2647 Imperatoris,
489 2608 520 2636 et
536 2604 694 2638 Friderici
710 2604 813 2649 Regis
830 2605 1054 2639 Romanorum
1069 2605 1224 2649 Auguste
1240 2605 1403 2650 potencie,
1415 2601 1691 2647 predecessorum
1708 2605 1948 2646 nostrorum,in
1961 2601 2079 2647 quibus
