2184 2828
1083 133 1156 168 318

198 255 401 288 obstantibus
437 255 537 288 literis
574 264 632 299 per
666 253 793 286 lidelem
828 257 975 286 nostrum
1011 250 1162 283 dilectum
1200 249 1424 283 Bernhardum
1460 250 1615 284 Bartossii
1653 250 1692 283 de
1733 249 1858 287 Brona,
1895 248 1948 282 vel
1978 259 2037 294 pei·

199 326 427 360 quemcunque
457 315 553 348 alium
584 324 684 358 super
711 313 803 346 (lictis
833 312 927 345 bonis
956 316 989 344 ut
1017 310 1143 343 (licitur.
1175 313 1365 355 impetratis„
1396 314 1499 344 autin
1522 316 1688 356 posterum
1711 309 1924 355 inpetramlis.
1955 319 2037 354 quas

200 378 306 408 irritas
336 375 557 408 deceruimus.
588 378 621 406 et
642 376 768 406 inanes.
799 384 837 405 ac
866 372 985 405 nullius
1015 382 1092 403 esse
1119 370 1247 404 roboris
1278 375 1332 403 aut
1359 374 1522 404 momenti.
1554 371 1589 404 In
1619 372 1712 414 cujus
1740 373 1786 403 rei
1817 372 2038 403 testimonium

200 440 375 480 presentes
413 435 496 469 lieri.
535 438 567 466 et
602 433 697 475 sig-itti
728 435 827 466 nostri
858 434 1016 475 jussimus
1052 434 1257 475 appensione
1293 433 1420 464 muniri.
1474 431 1593 464 Actum
1624 435 1655 463 et
1684 430 1791 463 datum
1822 430 1955 473 l'ragae,
1986 428 2038 462 die

198 496 421 528 translationis
450 499 574 527 saneta»
603 493 769 526 Luilmillze
799 520 804 525 .
836 503 922 525 anno
953 491 1123 524 millesimo
1154 493 1399 525 trecentesimo.
1430 491 1685 535 quadragesimo
1715 490 1872 523 secundo.

506 572 584 604 (Eine
610 572 739 597 minan-tv
767 571 901 596 Abschrit't
933 578 993 594 vom
1019 569 1098 594 Jahre
1127 568 1204 594 11⁴7
1230 570 1262 594 im
1289 569 1403 594 Ari-hire
1432 569 1479 595 des
1502 569 1624 595 Klosters
1649 572 1686 594 St.
1712 568 1785 594 ⁴Anna
1812 568 1852 593 bei
1878 567 1980 599 Brunn7
2006 568 2038 592 im

608 632 640 648 m.
667 627 699 649 st.
725 622 937 648 Lanilesareliii‘e
963 630 987 646 n.
1015 619 1078 656 35.)

1069 740 1175 775 43S.

195 821 383 854 Friedriele.
415 822 580 864 Predifser
600 832 642 852 on
664 820 724 852 der
747 818 970 862 l'farrlrirclee
998 831 1037 852 ει(
1069 819 1195 851 ῙᾸΙΙαη.
1228 817 1398 851 rernmelel
1418 818 1488 851 (lem
1518 819 1673 860 (lorle'qen
1704 816 1840 860 Spilale
1869 816 1927 849 des
1956 815 2035 848 keil.

199 883 352 916 (Jeistes.
383 884 479 914 einen
510 879 686 913 immi-lmlb
721 880 781 912 fler
811 880 967 912 (irritu-en
1004 879 1178 912 desselben
1209 879 1343 911 llam-es
1375 879 1558 922 (st‘lesseueu
1591 879 1731 910 Gal-len.
1790 876 1847 909 DI.
1881 878 1912 909 ἰη
1942 876 2038 910 domo

332 943 368 975 S.
402 942 552 985 Spiritus
585 940 759 973 Idulleore'e.
788 942 851 983 fer.
886 939 950 972 III.
982 943 1062 972 (title
1088 942 1113 983 f.
1145 940 1182 973 S.
1215 939 1393 972 Michaelis
1424 937 1758 982 (24.Sc'[1t1·11ael1‹¹1·)
1792 936 1902 970 1342.

352 1017 531 1069 Ᾰυιιυιήυῐ
571 1038 718 1069 vniuersi
752 1040 928 1079 presentes
968 1039 998 1067 et
1040 1037 1161 1079 posteri
1196 1039 1342 1067 tenorem
1386 1037 1588 1079 presentium
1626 1034 1807 1077 inspecturi
1844 1030 1938 1072 Quod
1971 1030 2059 1064 Nos

196 1097 298 1130 frater
327 1096 497 1129 (onradus
526 1095 685 1139 Magister
713 1096 828 1128 (lomus
858 1100 889 1128 et
918 1094 1095 1140 Hospitalis
1126 1095 1236 1127 Sancti
1259 1095 1397 1139 Spiritus
1427 1097 1457 1127 in
1486 1093 1657 1127 Luthowia
1688 1104 1761 1125 cum
1790 1091 1928 1125 testibus
1957 1091 2040 1125 sub-

196 1161 327 1202 scriptis
357 1156 567 1201 presentibus
598 1156 726 1201 publice
755 1158 1027 1199 recognoscimus
1057 1160 1087 1188 et
1118 1154 1268 1188 fatemur.
1298 1155 1473 1187 discretum
1494 1159 1525 1187 et
1545 1154 1711 1199 ydoneum
1740 1156 1845 1186 virum
1875 1152 2040 1185 dominum

195 1217 399 1250 F1·i‹l‹'·ricuni
422 1216 639 1262 presbiterum
660 1219 856 1249 existentem
878 1215 1118 1261 predicatorem
1141 1215 1312 1260 parrochie
1333 1217 1472 1248 ciuitatis
1493 1213 1667 1247 Luthowie
1695 1213 1894 1246 recolentem
1916 1214 2037 1257 scripta

196 1278 349 1324 Apostoli
379 1277 530 1310 (licentis.
562 1276 634 1310 Non
666 1276 823 1309 habemus
852 1276 905 1309 hic
933 1280 1120 1309 manentem
1151 1279 1326 1312 ciuitateim
1356 1274 1414 1308 sed
1443 1274 1584 1307 futuram
1614 1276 1827 1318 inquiramus
1857 1277 1888 1305 et
1915 1272 2041 1305 aduer-

196 1343 268 1372 teus
298 1338 435 1371 sollicite
465 1340 574 1370 auimo
604 1337 786 1370 deliberato
816 1341 846 1370 et
875 1347 1016 1382 corpore
1047 1348 1129 1369 sano
1159 1347 1198 1368 ac
1226 1335 1312 1369 bone
1342 1337 1484 1368 racionis
1515 1345 1650 1379 compos
1688 1333 1728 1366 (le
1756 1332 1852 1366 bonis
1881 1337 1913 1366 et
1941 1332 2043 1366 rebus?

195 1403 262 1432 suis
299 1397 450 1431 omnibus
486 1409 502 1430 a
539 1397 611 1430 Deo
647 1396 706 1430 sibi
741 1397 874 1450 collatis
896 1408 959 1442 que
992 1401 1021 1429 et
1051 1408 1133 1441 quas
1162 1396 1318 1429 industria
1354 1397 1484 1440 propria
1522 1399 1552 1427 et
1582 1394 1749 1427 laboribus
1779 1397 1846 1426 suis
1876 1395 2042 1426 contraxit

195 1464 299 1492 ortum
330 1462 423 1491 sitmu
461 1461 492 1490 in
531 1457 684 1491 limitibus
720 1457 834 1490 (lomus
871 1458 985 1490 Sancti
1019 1461 1151 1502 spiritus
1189 1456 1269 1489 foris
1297 1459 1459 1489 ciuitatem
1495 1454 1668 1487 Luthowie
1703 1454 1787 1499 apud
1816 1454 2040 1486 Hermannum

195 1519 421 1552 balneatorem
443 1529 501 1563 pro
522 1521 632 1563 quinta
663 1518 770 1550 meilia
801 1529 909 1551 marca
931 1517 1139 1551 morauiealis
1161 1517 1315 1562 ponderis
1343 1526 1535 1559 grossorum
1558 1517 1771 1559 pragensium
1794 1517 1854 1547 rite
1875 1518 1907 1547 et
1926 1516 2038 1547 racio-

195 1579 346 1613 nabiliter
374 1582 461 1611 emit.
492 1589 586 1623 quem
617 1589 676 1623 pro
704 1578 808 1611 salute
837 1581 946 1611 anime
975 1589 1036 1611 sue
1065 1590 1103 1611 ac
1132 1582 1302 1623 parentum
1331 1587 1463 1609 suorum
1493 1579 1566 1620 post
1594 1575 1715 1608 obitmn
1744 1585 1889 1620 persone
1920 1585 1980 1607 sue
2008 1578 2042 1607 et

196 1640 300 1673 tidelis
336 1642 572 1684 procuratricis
611 1649 670 1672 sne
708 1638 836 1672 Helene
871 1638 1008 1672 infirmis
1046 1638 1132 1671 dicte
1165 1638 1281 1671 (lomus
1317 1640 1450 1670 racione
1479 1638 1663 1668 testamenti
1693 1635 1816 1679 legauit
1844 1635 2041 1668 condicione

196 1705 304 1733 tamen
334 1700 387 1732 tali
417 1703 586 1732 interiecta
618 1699 702 1744 quod
732 1699 897 1744 predictus
926 1699 1077 1732 domiuus
1106 1698 1295 1732 Frirlericus
1329 1701 1382 1730 aut
1408 1699 1617 1741 procuratrix
1650 1707 1710 1729 sua
1747 1695 1874 1728 Helena
1908 1700 2041 1740 tempo—

196 1760 284 1793 ribus
314 1763 382 1793 vite
411 1771 470 1792 sue
498 1760 624 1804 prefate
654 1759 762 1792 domui
792 1759 933 1792 medium
962 1759 1124 1794 fertonem
1146 1769 1267 1791 census
1296 1757 1416 1790 dabunt
1445 1759 1624 1789 annuatim.
1656 1756 1690 1788 Si
1720 1760 1829 1789 autem
1859 1755 2041 1801 predictum

197 1820 361 1853 (lominum
397 1819 601 1853 1⁴*ritlerieum
637 1822 723 1852 viam
760 1823 918 1852 vniam-se
953 1823 1063 1853 carnis
1096 1823 1186 1865 prius
1224 1829 1318 1864 quam
1354 1820 1455 1862 ipsam
1487 1816 1647 1849 Helenam
1683 1816 1812 1860 ingredi
1841 1818 2041 1860 contingerit

197 1886 272 1914 tuuc
303 1884 370 1926 ipsa
401 1891 482 1926 sepe
510 1883 675 1913 nominata
707 1880 832 1913 Helena
863 1885 1143 1925 prememoratum
1173 1884 1276 1913 ortum
1305 1889 1377 1911 cum
1408 1876 1559 1910 omnibus
1589 1877 1688 1910 rebus
1716 1877 1792 1910 dicti
1821 1876 1943 1910 domini
1962 1875 2042 1909 Fri—

197 1941 298 1974 deriei
328 1940 501 1973 mobilibus
531 1945 562 1973 et
591 1940 810 1974 immobililms
840 1940 964 1986 absque
993 1943 1081 1974 omni
1111 1940 1331 1986 inpedimento
1362 1949 1420 1971 seu
1450 1941 1658 1970 arestacioue
1687 1940 1831 1970 omnium
1860 1940 2040 1970 amicorum

198 2006 228 2034 et
258 2012 492 2033 successorum
531 2012 664 2033 suorum
701 2001 931 2044 legitimorum
967 2000 1169 2046 temporibus
1206 2003 1273 2033 vite
1308 2009 1366 2032 sue
1399 1998 1533 2042 paciiice
1568 1997 1747 2042 possidebit
1776 1997 1816 2030 Et
1845 2001 1937 2030 ortus
1965 2001 2040 2042 post

197 2062 317 2094 obitum
348 2060 434 2094 dicte
462 2060 590 2093 Helene
619 2060 755 2093 inlirmis
785 2061 899 2094 (lomus
928 2064 1034 2094 sancti
1063 2061 1202 2106 Spiritus
1230 2061 1397 2106 perpetuis
1428 2057 1630 2102 temporibus
1660 2057 1814 2091 manebit.
1861 2056 1980 2090 Datum
2009 2061 2040 2090 et

198 2126 303 2154 actum
340 2124 371 2154 in
408 2121 504 2154 domo
541 2124 645 2154 sancti
685 2122 826 2166 Spiritus
864 2121 947 2155 feria
981 2124 1083 2155 tercia
1119 2126 1196 2154 ante
1231 2120 1347 2153 festum
1385 2121 1488 2150 sancti
1526 2117 1696 2151 Michaelis
1731 2117 1924 2162 archangeli
1953 2127 2041 2150 auno

198 2182 318 2214 domini
348 2181 520 2214 Millesimo
550 2181 802 2214 Trecentesimo
823 2181 1089 2226 Quadragesimo
1111 2180 1265 2214 Secundo
1294 2178 1507 2213 Preseutibus
1538 2178 1687 2211 discretis
1715 2181 1796 2211 viris
1825 2177 1926 2211 fratre
1947 2176 2040 2211 Con—

198 2242 277 2274 railo
308 2245 479 2285 magistro.
510 2241 609 2274 fratre
629 2241 766 2274 Nicolao
797 2242 983 2275 sacerdote.
1013 2242 1115 2275 fratre
1134 2241 1272 2275 Nicolao
1302 2240 1424 2272 clerieo
1453 2266 1458 2271 .
1486 2238 1639 2272 ,Iohanne
1668 2237 1888 2284 prebendario
1912 2265 1918 2271 .
1942 2237 2040 2270 Petro

199 2302 327 2334 scolare
352 2329 358 2334 .
383 2301 520 2335 Nicolao
550 2306 580 2334 et
611 2300 748 2334 Nicolao
777 2302 968 2347 petitoribus
998 2302 1085 2336 dicte
1114 2302 1228 2335 domus
1257 2305 1289 2333 et
1316 2310 1411 2344 quam
1442 2298 1585 2343 pluribus
1615 2298 1678 2332 fide
1707 2298 1826 2342 (lignis.
1881 2297 1919 2331 In
1947 2300 2040 2331 cuius

200 2366 245 2393 rei
278 2366 494 2395 ufstimonium
525 2361 663 2405 sigillum
693 2362 809 2395 domus
840 2363 953 2396 Sancti
982 2365 1112 2408 spiritus
1141 2359 1349 2407 presentibus
1378 2363 1427 2391 est
1456 2370 1647 2403 appensum.

507 2441 592 2474 (λψς-Ι]
617 2440 675 2466 dem
702 2442 775 2473 (hig,
801 2442 834 2466 im
860 2441 975 2467 Archive
1000 2441 1048 2467 der
1072 2440 1149 2466 stadt
1172 2440 1256 2466 Littau
1280 2446 1304 2463 u.
1330 2437 1358 2471 4,
1383 2437 1599 2469 abgesclnriebeu
1624 2439 1656 2463 A.
1682 2437 1814 2469 Boczek.)
