<?xml version="1.0" encoding="UTF-8"?>
<!DOCTYPE html PUBLIC "-//W3C//DTD XHTML 1.0 Transitional//EN"
    "http://www.w3.org/TR/xhtml1/DTD/xhtml1-transitional.dtd">
<html xmlns="http://www.w3.org/1999/xhtml" xml:lang="en" lang="en">
 <head>
  <title>
</title>
<meta http-equiv="Content-Type" content="text/html;charset=utf-8" />
  <meta name='ocr-system' content='tesseract 3.04.00' />
  <meta name='ocr-capabilities' content='ocr_page ocr_carea ocr_par ocr_line ocrx_word'/>
</head>
<body>
  <div class='ocr_page' id='page_1' title='image "./codexdiplomaticu07morauoft_1069.png"; bbox 0 0 2184 2828; ppageno 0'>
   <div class='ocr_carea' id='block_1_1' title="bbox 1019 94 1093 130">
    <p class='ocr_par' dir='ltr' id='par_1_1' title="bbox 1019 94 1093 130">
     <span class='ocr_line' id='line_1_1' title="bbox 1019 94 1093 130; baseline 0 -1"><span class='ocrx_word' id='word_1_1' title='bbox 1019 94 1093 130; x_wconf 81' lang='lat'>937</span> 
     </span>
    </p>
   </div>
   <div class='ocr_carea' id='block_1_2' title="bbox 124 211 1982 1230">
    <p class='ocr_par' dir='ltr' id='par_1_2' title="bbox 124 211 1982 1230">
     <span class='ocr_line' id='line_1_2' title="bbox 127 211 1982 261; baseline 0.002 -14"><span class='ocrx_word' id='word_1_2' title='bbox 127 216 236 247; x_wconf 71' lang='lat' dir='ltr'>vimus</span> <span class='ocrx_word' id='word_1_3' title='bbox 274 216 307 245; x_wconf 86' lang='lat' dir='ltr'>et</span> <span class='ocrx_word' id='word_1_4' title='bbox 343 214 462 256; x_wconf 89' lang='lat' dir='ltr'>vigore</span> <span class='ocrx_word' id='word_1_5' title='bbox 500 212 677 257; x_wconf 83' lang='lat' dir='ltr'>privilegio</span> <span class='ocrx_word' id='word_1_6' title='bbox 714 223 774 246; x_wconf 89' lang='lat' dir='ltr'>scu</span> <span class='ocrx_word' id='word_1_7' title='bbox 811 215 976 258; x_wconf 86' lang='lat' dir='ltr'>rescripto</span> <span class='ocrx_word' id='word_1_8' title='bbox 1013 211 1177 258; x_wconf 88' lang='lat' dir='ltr'>quondam</span> <span class='ocrx_word' id='word_1_9' title='bbox 1215 212 1292 247; x_wconf 90' lang='lat' dir='ltr'>dicti</span> <span class='ocrx_word' id='word_1_10' title='bbox 1329 214 1451 248; x_wconf 91' lang='lat' dir='ltr'>domini</span> <span class='ocrx_word' id='word_1_11' title='bbox 1490 217 1592 261; x_wconf 85' lang='lat' dir='ltr'>patris</span> <span class='ocrx_word' id='word_1_12' title='bbox 1629 219 1732 250; x_wconf 81' lang='lat' dir='ltr'>nostri</span> <span class='ocrx_word' id='word_1_13' title='bbox 1768 220 1886 251; x_wconf 85' lang='lat' dir='ltr'>nostro</span> <span class='ocrx_word' id='word_1_14' title='bbox 1924 217 1982 251; x_wconf 83' lang='lat' dir='ltr'>vel</span> 
     </span>
     <span class='ocr_line' id='line_1_3' title="bbox 128 271 1982 319; baseline 0.003 -11"><span class='ocrx_word' id='word_1_15' title='bbox 128 274 263 308; x_wconf 89' lang='lat' dir='ltr'>alterius</span> <span class='ocrx_word' id='word_1_16' title='bbox 291 271 478 315; x_wconf 78' lang='lat' dir='ltr'>cuiuslibet,</span> <span class='ocrx_word' id='word_1_17' title='bbox 508 272 594 318; x_wconf 92' lang='lat' dir='ltr'>quod</span> <span class='ocrx_word' id='word_1_18' title='bbox 623 283 723 319; x_wconf 88' lang='lat' dir='ltr'>super</span> <span class='ocrx_word' id='word_1_19' title='bbox 750 272 961 318; x_wconf 83' lang='lat' dir='ltr'>obligacione</span> <span class='ocrx_word' id='word_1_20' title='bbox 996 273 1050 307; x_wconf 93' lang='lat' dir='ltr'>vel</span> <span class='ocrx_word' id='word_1_21' title='bbox 1084 273 1268 308; x_wconf 88' lang='lat' dir='ltr'>huiusmodi</span> <span class='ocrx_word' id='word_1_22' title='bbox 1301 279 1475 310; x_wconf 87' lang='lat' dir='ltr'>contractu</span> <span class='ocrx_word' id='word_1_23' title='bbox 1510 275 1680 310; x_wconf 88' lang='lat' dir='ltr'>obtentum</span> <span class='ocrx_word' id='word_1_24' title='bbox 1715 277 1819 312; x_wconf 88' lang='lat' dir='ltr'>fuisse</span> <span class='ocrx_word' id='word_1_25' title='bbox 1851 277 1982 312; x_wconf 87' lang='lat' dir='ltr'>dicetur</span> 
     </span>
     <span class='ocr_line' id='line_1_4' title="bbox 126 332 1979 381; baseline 0.003 -15"><span class='ocrx_word' id='word_1_26' title='bbox 126 334 180 367; x_wconf 88' lang='lat' dir='ltr'>vel</span> <span class='ocrx_word' id='word_1_27' title='bbox 209 332 403 367; x_wconf 88' lang='lat' dir='ltr'>ostendetur</span> <span class='ocrx_word' id='word_1_28' title='bbox 431 333 516 379; x_wconf 90' lang='lat' dir='ltr'>quod</span> <span class='ocrx_word' id='word_1_29' title='bbox 547 345 607 380; x_wconf 91' lang='lat' dir='ltr'>per</span> <span class='ocrx_word' id='word_1_30' title='bbox 634 344 776 380; x_wconf 83' lang='lat' dir='ltr'>presens</span> <span class='ocrx_word' id='word_1_31' title='bbox 806 333 1017 380; x_wconf 85' lang='lat' dir='ltr'>privilegium</span> <span class='ocrx_word' id='word_1_32' title='bbox 1046 334 1153 369; x_wconf 89' lang='lat' dir='ltr'>nullas</span> <span class='ocrx_word' id='word_1_33' title='bbox 1182 337 1274 369; x_wconf 90' lang='lat' dir='ltr'>vires</span> <span class='ocrx_word' id='word_1_34' title='bbox 1302 338 1433 381; x_wconf 88' lang='lat' dir='ltr'>penitus</span> <span class='ocrx_word' id='word_1_35' title='bbox 1462 339 1493 370; x_wconf 91' lang='lat' dir='ltr'>in</span> <span class='ocrx_word' id='word_1_36' title='bbox 1522 336 1643 371; x_wconf 92' lang='lat' dir='ltr'>iudicio</span> <span class='ocrx_word' id='word_1_37' title='bbox 1671 338 1726 372; x_wconf 85' lang='lat' dir='ltr'>vel</span> <span class='ocrx_word' id='word_1_38' title='bbox 1755 342 1852 372; x_wconf 82' lang='lat' dir='ltr'>extra</span> <span class='ocrx_word' id='word_1_39' title='bbox 1876 338 1979 372; x_wconf 92' lang='lat' dir='ltr'>volu-</span> 
     </span>
     <span class='ocr_line' id='line_1_5' title="bbox 126 393 1981 442; baseline 0.003 -15"><span class='ocrx_word' id='word_1_40' title='bbox 126 405 198 428; x_wconf 89' lang='lat' dir='ltr'>mus</span> <span class='ocrx_word' id='word_1_41' title='bbox 226 393 467 428; x_wconf 85' lang='lat' dir='ltr'>obtinere.sed</span> <span class='ocrx_word' id='word_1_42' title='bbox 496 393 619 428; x_wconf 86' lang='lat' dir='ltr'>debere</span> <span class='ocrx_word' id='word_1_43' title='bbox 649 393 721 428; x_wconf 83' lang='lat' dir='ltr'>fore</span> <span class='ocrx_word' id='word_1_44' title='bbox 749 405 882 428; x_wconf 89' lang='lat' dir='ltr'>cassum</span> <span class='ocrx_word' id='word_1_45' title='bbox 911 399 943 428; x_wconf 90' lang='lat' dir='ltr'>et</span> <span class='ocrx_word' id='word_1_46' title='bbox 972 394 1127 428; x_wconf 80' lang='lat' dir='ltr'>frivolum</span> <span class='ocrx_word' id='word_1_47' title='bbox 1165 394 1389 439; x_wconf 46' lang='lat' dir='ltr'>decernimus2</span> <span class='ocrx_word' id='word_1_48' title='bbox 1427 400 1622 442; x_wconf 77' lang='lat' dir='ltr'>quiescente</span> <span class='ocrx_word' id='word_1_49' title='bbox 1651 402 1683 431; x_wconf 88' lang='lat' dir='ltr'>et</span> <span class='ocrx_word' id='word_1_50' title='bbox 1711 398 1981 433; x_wconf 87' lang='lat' dir='ltr'>contradiccione</span> 
     </span>
     <span class='ocr_line' id='line_1_6' title="bbox 125 454 1982 504; baseline 0.003 -16"><span class='ocrx_word' id='word_1_51' title='bbox 125 454 300 488; x_wconf 86' lang='lat' dir='ltr'>cuiuslibet</span> <span class='ocrx_word' id='word_1_52' title='bbox 328 456 519 499; x_wconf 82' lang='lat' dir='ltr'>circumque</span> <span class='ocrx_word' id='word_1_53' title='bbox 548 454 756 489; x_wconf 90' lang='lat' dir='ltr'>condicionis</span> <span class='ocrx_word' id='word_1_54' title='bbox 785 457 918 498; x_wconf 66' lang='lat' dir='ltr'>existat,</span> <span class='ocrx_word' id='word_1_55' title='bbox 954 456 1161 501; x_wconf 83' lang='lat' dir='ltr'>aliquatenus</span> <span class='ocrx_word' id='word_1_56' title='bbox 1195 466 1263 490; x_wconf 92' lang='lat' dir='ltr'>non</span> <span class='ocrx_word' id='word_1_57' title='bbox 1291 455 1455 500; x_wconf 73' lang='lat' dir='ltr'>obstante,</span> <span class='ocrx_word' id='word_1_58' title='bbox 1486 460 1652 492; x_wconf 89' lang='lat' dir='ltr'>universis</span> <span class='ocrx_word' id='word_1_59' title='bbox 1681 463 1713 492; x_wconf 90' lang='lat' dir='ltr'>et</span> <span class='ocrx_word' id='word_1_60' title='bbox 1741 459 1880 504; x_wconf 84' lang='lat' dir='ltr'>singulis</span> <span class='ocrx_word' id='word_1_61' title='bbox 1910 458 1982 494; x_wconf 88' lang='lat' dir='ltr'>Ca-</span> 
     </span>
     <span class='ocr_line' id='line_1_7' title="bbox 125 515 1981 563; baseline 0.003 -14"><span class='ocrx_word' id='word_1_62' title='bbox 125 518 303 550; x_wconf 88' lang='lat' dir='ltr'>merarium</span> <span class='ocrx_word' id='word_1_63' title='bbox 345 515 507 549; x_wconf 88' lang='lat' dir='ltr'>iudicibus</span> <span class='ocrx_word' id='word_1_64' title='bbox 552 515 812 562; x_wconf 88' lang='lat' dir='ltr'>provincialibus</span> <span class='ocrx_word' id='word_1_65' title='bbox 858 516 978 550; x_wconf 76' lang='lat' dir='ltr'>villicis</span> <span class='ocrx_word' id='word_1_66' title='bbox 1015 516 1182 561; x_wconf 82' lang='lat' dir='ltr'>generalis</span> <span class='ocrx_word' id='word_1_67' title='bbox 1225 517 1279 550; x_wconf 90' lang='lat' dir='ltr'>vel</span> <span class='ocrx_word' id='word_1_68' title='bbox 1317 518 1473 563; x_wconf 89' lang='lat' dir='ltr'>specialis</span> <span class='ocrx_word' id='word_1_69' title='bbox 1515 519 1730 553; x_wconf 90' lang='lat' dir='ltr'>colleccionis</span> <span class='ocrx_word' id='word_1_70' title='bbox 1771 530 1832 554; x_wconf 92' lang='lat' dir='ltr'>seu</span> <span class='ocrx_word' id='word_1_71' title='bbox 1869 524 1981 554; x_wconf 88' lang='lat' dir='ltr'>steure</span> 
     </span>
     <span class='ocr_line' id='line_1_8' title="bbox 124 576 1981 624; baseline 0.003 -14"><span class='ocrx_word' id='word_1_72' title='bbox 124 576 357 611; x_wconf 84' lang='lat' dir='ltr'>collectoribus</span> <span class='ocrx_word' id='word_1_73' title='bbox 386 581 418 610; x_wconf 88' lang='lat' dir='ltr'>et</span> <span class='ocrx_word' id='word_1_74' title='bbox 447 576 709 622; x_wconf 85' lang='lat' dir='ltr'>quibuscumque</span> <span class='ocrx_word' id='word_1_75' title='bbox 737 576 809 611; x_wconf 91' lang='lat' dir='ltr'>aliis</span> <span class='ocrx_word' id='word_1_76' title='bbox 837 576 1034 611; x_wconf 77' lang='lat' dir='ltr'>officialibus</span> <span class='ocrx_word' id='word_1_77' title='bbox 1062 588 1269 624; x_wconf 88' lang='lat' dir='ltr'>quocumque</span> <span class='ocrx_word' id='word_1_78' title='bbox 1293 583 1495 612; x_wconf 77' lang='lat' dir='ltr'>censeantur</span> <span class='ocrx_word' id='word_1_79' title='bbox 1514 582 1648 613; x_wconf 88' lang='lat' dir='ltr'>nomine</span> <span class='ocrx_word' id='word_1_80' title='bbox 1668 579 1855 614; x_wconf 70' lang='lat' dir='ltr'>Beronibus</span> <span class='ocrx_word' id='word_1_81' title='bbox 1879 579 1981 614; x_wconf 88' lang='lat' dir='ltr'>nobi-</span> 
     </span>
     <span class='ocr_line' id='line_1_9' title="bbox 124 635 1981 685; baseline 0.002 -13"><span class='ocrx_word' id='word_1_82' title='bbox 124 637 209 672; x_wconf 88' lang='lat' dir='ltr'>libus</span> <span class='ocrx_word' id='word_1_83' title='bbox 237 635 425 677; x_wconf 69' lang='lat' dir='ltr'>clientibus,</span> <span class='ocrx_word' id='word_1_84' title='bbox 456 636 704 675; x_wconf 74' lang='lat' dir='ltr'>Ulaustralibus,</span> <span class='ocrx_word' id='word_1_85' title='bbox 736 637 871 671; x_wconf 78' lang='lat' dir='ltr'>Civibus</span> <span class='ocrx_word' id='word_1_86' title='bbox 901 642 933 671; x_wconf 86' lang='lat' dir='ltr'>ct</span> <span class='ocrx_word' id='word_1_87' title='bbox 961 640 1129 671; x_wconf 89' lang='lat' dir='ltr'>universis</span> <span class='ocrx_word' id='word_1_88' title='bbox 1153 642 1186 672; x_wconf 85' lang='lat' dir='ltr'>et</span> <span class='ocrx_word' id='word_1_89' title='bbox 1211 638 1352 683; x_wconf 81' lang='lat' dir='ltr'>singulis</span> <span class='ocrx_word' id='word_1_90' title='bbox 1377 638 1438 673; x_wconf 90' lang='lat' dir='ltr'>sub</span> <span class='ocrx_word' id='word_1_91' title='bbox 1459 644 1572 674; x_wconf 86' lang='lat' dir='ltr'>nostro</span> <span class='ocrx_word' id='word_1_92' title='bbox 1592 643 1757 685; x_wconf 79' lang='lat' dir='ltr'>regimine</span> <span class='ocrx_word' id='word_1_93' title='bbox 1776 640 1981 675; x_wconf 86' lang='lat' dir='ltr'>morantibus</span> 
     </span>
     <span class='ocr_line' id='line_1_10' title="bbox 125 698 1979 746; baseline 0.002 -15"><span class='ocrx_word' id='word_1_94' title='bbox 125 701 364 744; x_wconf 88' lang='lat' dir='ltr'>cuiuscumque</span> <span class='ocrx_word' id='word_1_95' title='bbox 392 698 621 732; x_wconf 86' lang='lat' dir='ltr'>condiccionis</span> <span class='ocrx_word' id='word_1_96' title='bbox 649 698 781 741; x_wconf 82' lang='lat' dir='ltr'>fuerint⁷</span> <span class='ocrx_word' id='word_1_97' title='bbox 812 701 1024 744; x_wconf 87' lang='lat' dir='ltr'>presencium</span> <span class='ocrx_word' id='word_1_98' title='bbox 1054 703 1170 732; x_wconf 89' lang='lat' dir='ltr'>tenore</span> <span class='ocrx_word' id='word_1_99' title='bbox 1198 699 1316 733; x_wconf 82' lang='lat' dir='ltr'>dantes</span> <span class='ocrx_word' id='word_1_100' title='bbox 1344 703 1543 746; x_wconf 76' lang='lat' dir='ltr'>expressius</span> <span class='ocrx_word' id='word_1_101' title='bbox 1572 703 1604 734; x_wconf 89' lang='grc'>111</span> <span class='ocrx_word' id='word_1_102' title='bbox 1634 701 1807 745; x_wconf 58' lang='lat' dir='ltr'>mandatisq</span> <span class='ocrx_word' id='word_1_103' title='bbox 1835 706 1871 735; x_wconf 91' lang='lat' dir='ltr'>ut</span> <span class='ocrx_word' id='word_1_104' title='bbox 1894 701 1979 735; x_wconf 91' lang='lat' dir='ltr'>dicta</span> 
     </span>
     <span class='ocr_line' id='line_1_11' title="bbox 125 758 1980 806; baseline 0.002 -13"><span class='ocrx_word' id='word_1_105' title='bbox 125 759 212 793; x_wconf 85' lang='lat' dir='ltr'>hona</span> <span class='ocrx_word' id='word_1_106' title='bbox 248 758 303 792; x_wconf 88' lang='lat' dir='ltr'>vel</span> <span class='ocrx_word' id='word_1_107' title='bbox 337 762 589 805; x_wconf 88' lang='lat' dir='ltr'>possessionem</span> <span class='ocrx_word' id='word_1_108' title='bbox 625 761 657 793; x_wconf 92' lang='lat' dir='ltr'>in</span> <span class='ocrx_word' id='word_1_109' title='bbox 693 763 761 793; x_wconf 88' lang='lat' dir='ltr'>toto</span> <span class='ocrx_word' id='word_1_110' title='bbox 794 759 848 792; x_wconf 91' lang='lat' dir='ltr'>vel</span> <span class='ocrx_word' id='word_1_111' title='bbox 884 761 915 793; x_wconf 91' lang='lat' dir='ltr'>in</span> <span class='ocrx_word' id='word_1_112' title='bbox 949 763 1043 805; x_wconf 89' lang='lat' dir='ltr'>parte</span> <span class='ocrx_word' id='word_1_113' title='bbox 1077 762 1109 792; x_wconf 92' lang='lat' dir='ltr'>in</span> <span class='ocrx_word' id='word_1_114' title='bbox 1146 760 1267 793; x_wconf 89' lang='lat' dir='ltr'>iudicio</span> <span class='ocrx_word' id='word_1_115' title='bbox 1304 760 1359 794; x_wconf 78' lang='lat' dir='ltr'>vel</span> <span class='ocrx_word' id='word_1_116' title='bbox 1391 764 1486 794; x_wconf 75' lang='lat' dir='ltr'>extra</span> <span class='ocrx_word' id='word_1_117' title='bbox 1524 764 1673 806; x_wconf 81' lang='lat' dir='ltr'>inpetere</span> <span class='ocrx_word' id='word_1_118' title='bbox 1710 762 1888 796; x_wconf 81' lang='lat' dir='ltr'>molestare</span> <span class='ocrx_word' id='word_1_119' title='bbox 1925 763 1980 796; x_wconf 82' lang='lat' dir='ltr'>vel</span> 
     </span>
     <span class='ocr_line' id='line_1_12' title="bbox 124 819 1980 868; baseline 0.001 -14"><span class='ocrx_word' id='word_1_120' title='bbox 124 830 271 865; x_wconf 82' lang='lat' dir='ltr'>gravare</span> <span class='ocrx_word' id='word_1_121' title='bbox 299 819 506 865; x_wconf 86' lang='lat' dir='ltr'>aliquatenus</span> <span class='ocrx_word' id='word_1_122' title='bbox 535 831 599 853; x_wconf 89' lang='lat' dir='ltr'>non</span> <span class='ocrx_word' id='word_1_123' title='bbox 629 824 833 866; x_wconf 65' lang='lat' dir='ltr'>presumant,</span> <span class='ocrx_word' id='word_1_124' title='bbox 863 819 922 853; x_wconf 89' lang='lat' dir='ltr'>sed</span> <span class='ocrx_word' id='word_1_125' title='bbox 950 822 1022 865; x_wconf 87' lang='lat' dir='ltr'>ipsa</span> <span class='ocrx_word' id='word_1_126' title='bbox 1050 822 1194 865; x_wconf 90' lang='lat' dir='ltr'>ipsorum</span> <span class='ocrx_word' id='word_1_127' title='bbox 1217 831 1450 866; x_wconf 83' lang='lat' dir='ltr'>possessorem</span> <span class='ocrx_word' id='word_1_128' title='bbox 1473 832 1610 855; x_wconf 86' lang='lat' dir='ltr'>manere</span> <span class='ocrx_word' id='word_1_129' title='bbox 1631 825 1820 867; x_wconf 84' lang='lat' dir='ltr'>permittant</span> <span class='ocrx_word' id='word_1_130' title='bbox 1840 822 1980 868; x_wconf 85' lang='lat' dir='ltr'>pacifice</span> 
     </span>
     <span class='ocr_line' id='line_1_13' title="bbox 125 879 1980 928; baseline 0.001 -14"><span class='ocrx_word' id='word_1_131' title='bbox 125 884 157 914; x_wconf 88' lang='lat' dir='ltr'>et</span> <span class='ocrx_word' id='word_1_132' title='bbox 185 882 306 926; x_wconf 81' lang='lat' dir='ltr'>quiete,</span> <span class='ocrx_word' id='word_1_133' title='bbox 336 879 372 914; x_wconf 92' lang='lat' dir='ltr'>Si</span> <span class='ocrx_word' id='word_1_134' title='bbox 400 883 472 925; x_wconf 90' lang='lat' dir='ltr'>quis</span> <span class='ocrx_word' id='word_1_135' title='bbox 501 884 609 913; x_wconf 85' lang='lat' dir='ltr'>antem</span> <span class='ocrx_word' id='word_1_136' title='bbox 639 883 669 914; x_wconf 93' lang='lat' dir='ltr'>in</span> <span class='ocrx_word' id='word_1_137' title='bbox 701 885 820 914; x_wconf 88' lang='lat' dir='ltr'>tantam</span> <span class='ocrx_word' id='word_1_138' title='bbox 850 884 1037 926; x_wconf 84' lang='lat' dir='ltr'>proruperit</span> <span class='ocrx_word' id='word_1_139' title='bbox 1064 884 1257 915; x_wconf 86' lang='lat' dir='ltr'>temeritatis</span> <span class='ocrx_word' id='word_1_140' title='bbox 1287 882 1470 924; x_wconf 68' lang='lat' dir='ltr'>audaciam,</span> <span class='ocrx_word' id='word_1_141' title='bbox 1504 886 1537 915; x_wconf 90' lang='grc'>111</span> <span class='ocrx_word' id='word_1_142' title='bbox 1565 887 1679 916; x_wconf 86' lang='lat' dir='ltr'>contra</span> <span class='ocrx_word' id='word_1_143' title='bbox 1709 894 1851 928; x_wconf 84' lang='lat' dir='ltr'>presens</span> <span class='ocrx_word' id='word_1_144' title='bbox 1880 894 1980 916; x_wconf 80' lang='lat' dir='ltr'>nian-</span> 
     </span>
     <span class='ocr_line' id='line_1_14' title="bbox 124 941 1980 989; baseline 0.002 -15"><span class='ocrx_word' id='word_1_145' title='bbox 124 941 235 975; x_wconf 84' lang='lat' dir='ltr'>datum</span> <span class='ocrx_word' id='word_1_146' title='bbox 264 945 410 975; x_wconf 88' lang='lat' dir='ltr'>nostrum</span> <span class='ocrx_word' id='word_1_147' title='bbox 439 941 669 987; x_wconf 86' lang='lat' dir='ltr'>quodcumque</span> <span class='ocrx_word' id='word_1_148' title='bbox 694 943 941 987; x_wconf 77' lang='lat' dir='ltr'>attemptaverit</span> <span class='ocrx_word' id='word_1_149' title='bbox 966 944 1113 987; x_wconf 82' lang='lat' dir='ltr'>presenti</span> <span class='ocrx_word' id='word_1_150' title='bbox 1139 942 1298 976; x_wconf 89' lang='lat' dir='ltr'>edicimus</span> <span class='ocrx_word' id='word_1_151' title='bbox 1325 943 1500 988; x_wconf 84' lang='lat' dir='ltr'>privilegio</span> <span class='ocrx_word' id='word_1_152' title='bbox 1526 943 1611 988; x_wconf 90' lang='lat' dir='ltr'>quod</span> <span class='ocrx_word' id='word_1_153' title='bbox 1639 946 1668 976; x_wconf 94' lang='grc'>111</span> <span class='ocrx_word' id='word_1_154' title='bbox 1693 946 1836 989; x_wconf 83' lang='lat' dir='ltr'>quinque</span> <span class='ocrx_word' id='word_1_155' title='bbox 1857 947 1980 978; x_wconf 87' lang='lat' dir='ltr'>marcis</span> 
     </span>
     <span class='ocr_line' id='line_1_15' title="bbox 125 1001 1980 1050; baseline 0.001 -14"><span class='ocrx_word' id='word_1_156' title='bbox 125 1004 214 1036; x_wconf 88' lang='lat' dir='ltr'>auri.</span> <span class='ocrx_word' id='word_1_157' title='bbox 232 1029 239 1035; x_wconf 96' lang='lat'>.</span> <span class='ocrx_word' id='word_1_158' title='bbox 259 1001 426 1046; x_wconf 73' lang='lat' dir='ltr'>.(Lucke)</span> <span class='ocrx_word' id='word_1_159' title='bbox 448 1001 581 1036; x_wconf 90' lang='lat' dir='ltr'>homine</span> <span class='ocrx_word' id='word_1_160' title='bbox 610 1007 722 1036; x_wconf 89' lang='lat' dir='ltr'>nostre</span> <span class='ocrx_word' id='word_1_161' title='bbox 752 1002 891 1036; x_wconf 90' lang='lat' dir='ltr'>Camere</span> <span class='ocrx_word' id='word_1_162' title='bbox 920 1005 1072 1047; x_wconf 86' lang='lat' dir='ltr'>puniatur</span> <span class='ocrx_word' id='word_1_163' title='bbox 1100 1007 1131 1036; x_wconf 89' lang='lat' dir='ltr'>et</span> <span class='ocrx_word' id='word_1_164' title='bbox 1160 1005 1295 1049; x_wconf 84' lang='lat' dir='ltr'>insuper</span> <span class='ocrx_word' id='word_1_165' title='bbox 1322 1002 1590 1048; x_wconf 81' lang='lat' dir='ltr'>indignacionem</span> <span class='ocrx_word' id='word_1_166' title='bbox 1619 1008 1766 1038; x_wconf 88' lang='lat' dir='ltr'>nostram</span> <span class='ocrx_word' id='word_1_167' title='bbox 1795 1006 1868 1050; x_wconf 87' lang='lat' dir='ltr'>ipso</span> <span class='ocrx_word' id='word_1_168' title='bbox 1893 1004 1980 1038; x_wconf 82' lang='lat' dir='ltr'>facto</span> 
     </span>
     <span class='ocr_line' id='line_1_16' title="bbox 124 1063 1982 1110; baseline 0.001 -14"><span class='ocrx_word' id='word_1_169' title='bbox 124 1066 257 1096; x_wconf 85' lang='lat' dir='ltr'>noverit</span> <span class='ocrx_word' id='word_1_170' title='bbox 284 1065 469 1097; x_wconf 84' lang='lat' dir='ltr'>incurrisse</span> <span class='ocrx_word' id='word_1_171' title='bbox 499 1067 529 1095; x_wconf 90' lang='lat' dir='ltr'>et</span> <span class='ocrx_word' id='word_1_172' title='bbox 559 1074 600 1096; x_wconf 87' lang='lat' dir='ltr'>nc</span> <span class='ocrx_word' id='word_1_173' title='bbox 630 1063 670 1096; x_wconf 90' lang='lat' dir='ltr'>de</span> <span class='ocrx_word' id='word_1_174' title='bbox 700 1063 857 1109; x_wconf 86' lang='lat' dir='ltr'>predictis</span> <span class='ocrx_word' id='word_1_175' title='bbox 886 1063 995 1109; x_wconf 85' lang='lat' dir='ltr'>aliqua</span> <span class='ocrx_word' id='word_1_176' title='bbox 1024 1063 1130 1108; x_wconf 84' lang='lat' dir='ltr'>possit</span> <span class='ocrx_word' id='word_1_177' title='bbox 1163 1066 1368 1109; x_wconf 87' lang='lat' dir='ltr'>inposterum</span> <span class='ocrx_word' id='word_1_178' title='bbox 1404 1063 1553 1097; x_wconf 83' lang='lat' dir='ltr'>dubietas</span> <span class='ocrx_word' id='word_1_179' title='bbox 1582 1067 1708 1098; x_wconf 75' lang='lat' dir='ltr'>exoriri</span> <span class='ocrx_word' id='word_1_180' title='bbox 1737 1075 1878 1110; x_wconf 87' lang='lat' dir='ltr'>presens</span> <span class='ocrx_word' id='word_1_181' title='bbox 1907 1068 1982 1110; x_wconf 91' lang='lat' dir='ltr'>pri-</span> 
     </span>
     <span class='ocr_line' id='line_1_17' title="bbox 124 1123 1980 1170; baseline 0.001 -13"><span class='ocrx_word' id='word_1_182' title='bbox 124 1123 285 1168; x_wconf 79' lang='lat' dir='ltr'>vilegium</span> <span class='ocrx_word' id='word_1_183' title='bbox 313 1123 384 1157; x_wconf 88' lang='lat' dir='ltr'>fieri</span> <span class='ocrx_word' id='word_1_184' title='bbox 413 1128 445 1157; x_wconf 89' lang='lat' dir='ltr'>et</span> <span class='ocrx_word' id='word_1_185' title='bbox 474 1124 590 1167; x_wconf 76' lang='lat' dir='ltr'>sigillis</span> <span class='ocrx_word' id='word_1_186' title='bbox 620 1126 743 1157; x_wconf 82' lang='lat' dir='ltr'>nostris</span> <span class='ocrx_word' id='word_1_187' title='bbox 773 1129 805 1157; x_wconf 87' lang='lat' dir='ltr'>ct</span> <span class='ocrx_word' id='word_1_188' title='bbox 833 1124 1026 1158; x_wconf 86' lang='lat' dir='ltr'>Reverendi</span> <span class='ocrx_word' id='word_1_189' title='bbox 1055 1126 1088 1158; x_wconf 87' lang='lat' dir='ltr'>in</span> <span class='ocrx_word' id='word_1_190' title='bbox 1117 1123 1246 1158; x_wconf 88' lang='lat' dir='ltr'>Christo</span> <span class='ocrx_word' id='word_1_191' title='bbox 1276 1127 1379 1170; x_wconf 87' lang='lat' dir='ltr'>patris</span> <span class='ocrx_word' id='word_1_192' title='bbox 1413 1124 1536 1158; x_wconf 89' lang='lat' dir='ltr'>domini</span> <span class='ocrx_word' id='word_1_193' title='bbox 1565 1124 1625 1158; x_wconf 90' lang='lat' dir='ltr'>Tb.</span> <span class='ocrx_word' id='word_1_194' title='bbox 1657 1124 1861 1159; x_wconf 84' lang='lat' dir='ltr'>venerabilis</span> <span class='ocrx_word' id='word_1_195' title='bbox 1892 1125 1980 1159; x_wconf 82' lang='lat'>010-</span> 
     </span>
     <span class='ocr_line' id='line_1_18' title="bbox 124 1183 1219 1230; baseline 0.001 -13"><span class='ocrx_word' id='word_1_196' title='bbox 124 1187 293 1218; x_wconf 90' lang='lat' dir='ltr'>mucensis</span> <span class='ocrx_word' id='word_1_197' title='bbox 321 1183 482 1230; x_wconf 89' lang='lat' dir='ltr'>Episcopi</span> <span class='ocrx_word' id='word_1_198' title='bbox 511 1184 601 1218; x_wconf 82' lang='lat' dir='ltr'>Civis</span> <span class='ocrx_word' id='word_1_199' title='bbox 630 1184 799 1230; x_wconf 89' lang='lat' dir='ltr'>predictus</span> <span class='ocrx_word' id='word_1_200' title='bbox 829 1183 979 1218; x_wconf 86' lang='lat' dir='ltr'>omnibus</span> <span class='ocrx_word' id='word_1_201' title='bbox 1008 1189 1041 1219; x_wconf 91' lang='grc'>01</span> <span class='ocrx_word' id='word_1_202' title='bbox 1068 1185 1219 1230; x_wconf 81' lang='lat' dir='ltr'>singulis.</span> 
     </span>
    </p>
   </div>
   <div class='ocr_carea' id='block_1_3' title="bbox 995 1375 1103 1410">
    <p class='ocr_par' dir='ltr' id='par_1_3' title="bbox 995 1375 1103 1410">
     <span class='ocr_line' id='line_1_19' title="bbox 995 1375 1103 1410; baseline 0 0"><span class='ocrx_word' id='word_1_203' title='bbox 995 1375 1103 1410; x_wconf 71' lang='lat'>397.</span> 
     </span>
    </p>
   </div>
   <div class='ocr_carea' id='block_1_4' title="bbox 125 1453 1980 1628">
    <p class='ocr_par' dir='ltr' id='par_1_4' title="bbox 125 1453 1980 1628">
     <span class='ocr_line' id='line_1_20' title="bbox 130 1453 1980 1507; baseline 0 -11"><span class='ocrx_word' id='word_1_204' title='bbox 130 1462 204 1496; x_wconf 82' lang='lat' dir='ltr'>Der</span> <span class='ocrx_word' id='word_1_205' title='bbox 232 1453 345 1507; x_wconf 70' lang='lat' dir='ltr'>Koiziq</span> <span class='ocrx_word' id='word_1_206' title='bbox 374 1473 437 1496; x_wconf 71' lang='lat' dir='ltr'>von</span> <span class='ocrx_word' id='word_1_207' title='bbox 468 1463 619 1496; x_wconf 54' lang='lat' dir='ltr'>linimen</span> <span class='ocrx_word' id='word_1_208' title='bbox 648 1462 790 1496; x_wconf 72' lang='grc'><strong>3011011111</strong></span> <span class='ocrx_word' id='word_1_209' title='bbox 819 1464 944 1495; x_wconf 63' lang='lat' dir='ltr'>semem</span> <span class='ocrx_word' id='word_1_210' title='bbox 980 1462 1182 1507; x_wconf 74' lang='lat' dir='ltr'>Capellane.</span> <span class='ocrx_word' id='word_1_211' title='bbox 1214 1463 1330 1496; x_wconf 79' lang='lat' dir='ltr'>Ratlee</span> <span class='ocrx_word' id='word_1_212' title='bbox 1358 1464 1425 1496; x_wconf 81' lang='grc'><strong>111111</strong></span> <span class='ocrx_word' id='word_1_213' title='bbox 1452 1462 1625 1496; x_wconf 70' lang='lat' dir='ltr'>Olnn&#39;uz-er</span> <span class='ocrx_word' id='word_1_214' title='bbox 1652 1463 1911 1497; x_wconf 72' lang='lat' dir='ltr'>Dmmleelmnte</span> <span class='ocrx_word' id='word_1_215' title='bbox 1937 1464 1980 1497; x_wconf 89' lang='lat' dir='ltr'>B.</span> 
     </span>
     <span class='ocr_line' id='line_1_21' title="bbox 125 1523 1977 1568; baseline 0 -11"><span class='ocrx_word' id='word_1_216' title='bbox 125 1524 187 1557; x_wconf 80' lang='lat' dir='ltr'>das</span> <span class='ocrx_word' id='word_1_217' title='bbox 215 1523 271 1557; x_wconf 80' lang='lat' dir='ltr'>bez·</span> <span class='ocrx_word' id='word_1_218' title='bbox 299 1523 502 1567; x_wconf 51' lang='lat' dir='ltr'>[olnam-2⁷2)</span> <span class='ocrx_word' id='word_1_219' title='bbox 533 1524 696 1568; x_wconf 58' lang='lat' dir='ltr'>(seleucim</span> <span class='ocrx_word' id='word_1_220' title='bbox 725 1523 823 1566; x_wconf 81' lang='lat' dir='ltr'>Dorf</span> <span class='ocrx_word' id='word_1_221' title='bbox 844 1524 909 1566; x_wconf 74' lang='lat' dir='ltr'>aas</span> <span class='ocrx_word' id='word_1_222' title='bbox 931 1535 968 1557; x_wconf 76' lang='lat' dir='ltr'>so</span> <span class='ocrx_word' id='word_1_223' title='bbox 1004 1523 1115 1567; x_wconf 65' lang='lat' dir='ltr'>[unqe.</span> <span class='ocrx_word' id='word_1_224' title='bbox 1145 1523 1196 1556; x_wconf 72' lang='lat' dir='ltr'>bis</span> <span class='ocrx_word' id='word_1_225' title='bbox 1229 1535 1268 1557; x_wconf 80' lang='grc'>01·</span> <span class='ocrx_word' id='word_1_226' title='bbox 1295 1524 1361 1557; x_wconf 64' lang='grc'><strong>111111</strong></span> <span class='ocrx_word' id='word_1_227' title='bbox 1391 1525 1465 1557; x_wconf 72' lang='lat' dir='ltr'>eine</span> <span class='ocrx_word' id='word_1_228' title='bbox 1494 1536 1736 1568; x_wconf 71' lang='lat' dir='ltr'>(inqemessene</span> <span class='ocrx_word' id='word_1_229' title='bbox 1764 1524 1915 1568; x_wconf 76' lang='lat' dir='ltr'>Pfrllmle</span> <span class='ocrx_word' id='word_1_230' title='bbox 1944 1526 1977 1557; x_wconf 74' lang='lat' dir='ltr'>in</span> 
     </span>
     <span class='ocr_line' id='line_1_22' title="bbox 498 1583 1600 1628; baseline 0 -11"><span class='ocrx_word' id='word_1_231' title='bbox 498 1584 647 1617; x_wconf 69' lang='grc'><strong>3011111011</strong></span> <span class='ocrx_word' id='word_1_232' title='bbox 678 1584 761 1618; x_wconf 75' lang='lat' dir='ltr'>oder</span> <span class='ocrx_word' id='word_1_233' title='bbox 788 1584 933 1617; x_wconf 67' lang='lat' dir='ltr'>Makron</span> <span class='ocrx_word' id='word_1_234' title='bbox 963 1583 1158 1628; x_wconf 65' lang='lat' dir='ltr'>verseleaffl.</span> <span class='ocrx_word' id='word_1_235' title='bbox 1191 1584 1229 1617; x_wconf 88' lang='lat'>0.</span> <span class='ocrx_word' id='word_1_236' title='bbox 1262 1584 1306 1617; x_wconf 90' lang='lat' dir='ltr'>D.</span> <span class='ocrx_word' id='word_1_237' title='bbox 1339 1584 1378 1618; x_wconf 87' lang='grc' dir='ltr'>Ο.</span> <span class='ocrx_word' id='word_1_238' title='bbox 1409 1585 1474 1618; x_wconf 83' lang='grc'><strong>111111</strong></span> <span class='ocrx_word' id='word_1_239' title='bbox 1500 1584 1600 1618; x_wconf 79' lang='grc' dir='ltr'><strong>.Ι11111·.</strong></span> 
     </span>
    </p>
   </div>
   <div class='ocr_carea' id='block_1_5' title="bbox 125 1652 1987 2384">
    <p class='ocr_par' dir='ltr' id='par_1_5' title="bbox 125 1652 1987 2384">
     <span class='ocr_line' id='line_1_23' title="bbox 304 1652 1981 1717; baseline -0.001 -11"><span class='ocrx_word' id='word_1_240' title='bbox 304 1652 351 1706; x_wconf 78' lang='lat' dir='ltr'>ln</span> <span class='ocrx_word' id='word_1_241' title='bbox 381 1671 594 1706; x_wconf 78' lang='lat' dir='ltr'>exhibicione</span> <span class='ocrx_word' id='word_1_242' title='bbox 624 1674 740 1717; x_wconf 87' lang='lat' dir='ltr'>premii</span> <span class='ocrx_word' id='word_1_243' title='bbox 769 1671 869 1715; x_wconf 75' lang='lat' dir='ltr'>digne</span> <span class='ocrx_word' id='word_1_244' title='bbox 899 1671 984 1704; x_wconf 87' lang='lat' dir='ltr'>sacta</span> <span class='ocrx_word' id='word_1_245' title='bbox 1014 1675 1077 1705; x_wconf 86' lang='lat' dir='ltr'>etc.</span> <span class='ocrx_word' id='word_1_246' title='bbox 1107 1670 1179 1704; x_wconf 92' lang='lat' dir='ltr'>Hac</span> <span class='ocrx_word' id='word_1_247' title='bbox 1208 1682 1291 1716; x_wconf 78' lang='lat' dir='ltr'>ergo</span> <span class='ocrx_word' id='word_1_248' title='bbox 1321 1674 1456 1705; x_wconf 85' lang='lat' dir='ltr'>racione</span> <span class='ocrx_word' id='word_1_249' title='bbox 1481 1674 1671 1705; x_wconf 89' lang='lat' dir='ltr'>commoniti</span> <span class='ocrx_word' id='word_1_250' title='bbox 1697 1671 1880 1705; x_wconf 88' lang='lat' dir='ltr'>honorabili</span> <span class='ocrx_word' id='word_1_251' title='bbox 1906 1674 1981 1705; x_wconf 87' lang='lat' dir='ltr'>viro</span> 
     </span>
     <span class='ocr_line' id='line_1_24' title="bbox 125 1731 1981 1780; baseline -0.001 -13"><span class='ocrx_word' id='word_1_252' title='bbox 125 1733 245 1768; x_wconf 87' lang='lat' dir='ltr'>dilecto</span> <span class='ocrx_word' id='word_1_253' title='bbox 275 1733 449 1780; x_wconf 86' lang='lat' dir='ltr'>capellano</span> <span class='ocrx_word' id='word_1_254' title='bbox 480 1737 511 1766; x_wconf 92' lang='lat' dir='ltr'>ct</span> <span class='ocrx_word' id='word_1_255' title='bbox 540 1733 730 1766; x_wconf 88' lang='lat' dir='ltr'>consiliario</span> <span class='ocrx_word' id='word_1_256' title='bbox 758 1736 873 1766; x_wconf 86' lang='lat' dir='ltr'>nostro</span> <span class='ocrx_word' id='word_1_257' title='bbox 909 1731 1041 1765; x_wconf 88' lang='lat' dir='ltr'>domino</span> <span class='ocrx_word' id='word_1_258' title='bbox 1070 1731 1107 1766; x_wconf 89' lang='lat' dir='ltr'>B.</span> <span class='ocrx_word' id='word_1_259' title='bbox 1138 1731 1270 1766; x_wconf 90' lang='lat' dir='ltr'>domino</span> <span class='ocrx_word' id='word_1_260' title='bbox 1305 1731 1336 1766; x_wconf 92' lang='lat' dir='ltr'>b.</span> <span class='ocrx_word' id='word_1_261' title='bbox 1373 1732 1556 1766; x_wconf 84' lang='lat' dir='ltr'>venerabili</span> <span class='ocrx_word' id='word_1_262' title='bbox 1584 1732 1723 1766; x_wconf 87' lang='lat' dir='ltr'>Decano</span> <span class='ocrx_word' id='word_1_263' title='bbox 1752 1732 1981 1767; x_wconf 73' lang='lat' dir='ltr'>Oloniucensi.</span> 
     </span>
     <span class='ocr_line' id='line_1_25' title="bbox 125 1792 1983 1840; baseline -0.002 -12"><span class='ocrx_word' id='word_1_264' title='bbox 125 1796 180 1840; x_wconf 92' lang='lat' dir='ltr'>qui</span> <span class='ocrx_word' id='word_1_265' title='bbox 209 1793 443 1840; x_wconf 88' lang='lat' dir='ltr'>multiplicibus</span> <span class='ocrx_word' id='word_1_266' title='bbox 474 1798 505 1827; x_wconf 88' lang='lat' dir='ltr'>et</span> <span class='ocrx_word' id='word_1_267' title='bbox 534 1795 639 1837; x_wconf 72' lang='lat' dir='ltr'>gratis</span> <span class='ocrx_word' id='word_1_268' title='bbox 669 1793 839 1839; x_wconf 86' lang='lat' dir='ltr'>obsequiis</span> <span class='ocrx_word' id='word_1_269' title='bbox 874 1803 937 1837; x_wconf 88' lang='lat' dir='ltr'>que</span> <span class='ocrx_word' id='word_1_270' title='bbox 969 1792 1058 1839; x_wconf 73' lang='lat' dir='ltr'>olym</span> <span class='ocrx_word' id='word_1_271' title='bbox 1092 1792 1224 1826; x_wconf 91' lang='lat' dir='ltr'>domino</span> <span class='ocrx_word' id='word_1_272' title='bbox 1260 1796 1342 1839; x_wconf 88' lang='lat' dir='ltr'>patri</span> <span class='ocrx_word' id='word_1_273' title='bbox 1376 1798 1492 1827; x_wconf 91' lang='lat' dir='ltr'>nostro</span> <span class='ocrx_word' id='word_1_274' title='bbox 1529 1793 1633 1827; x_wconf 74' lang='lat' dir='ltr'>l&#39;elicis</span> <span class='ocrx_word' id='word_1_275' title='bbox 1662 1796 1822 1826; x_wconf 88' lang='lat' dir='ltr'>memorie</span> <span class='ocrx_word' id='word_1_276' title='bbox 1851 1793 1983 1827; x_wconf 87' lang='lat' dir='ltr'>domine</span> 
     </span>
     <span class='ocr_line' id='line_1_26' title="bbox 125 1853 1982 1900; baseline -0.002 -11"><span class='ocrx_word' id='word_1_277' title='bbox 125 1854 186 1890; x_wconf 90' lang='lat' dir='ltr'>Th.</span> <span class='ocrx_word' id='word_1_278' title='bbox 217 1854 333 1889; x_wconf 89' lang='lat' dir='ltr'>Inclite</span> <span class='ocrx_word' id='word_1_279' title='bbox 360 1855 492 1899; x_wconf 65' lang='lat' dir='ltr'>Regino</span> <span class='ocrx_word' id='word_1_280' title='bbox 520 1853 673 1888; x_wconf 83' lang='lat' dir='ltr'>bohemie</span> <span class='ocrx_word' id='word_1_281' title='bbox 703 1859 735 1887; x_wconf 88' lang='grc'>01</span> <span class='ocrx_word' id='word_1_282' title='bbox 764 1856 877 1887; x_wconf 86' lang='lat' dir='ltr'>matris</span> <span class='ocrx_word' id='word_1_283' title='bbox 912 1857 1026 1887; x_wconf 89' lang='lat' dir='ltr'>nostre</span> <span class='ocrx_word' id='word_1_284' title='bbox 1061 1856 1274 1888; x_wconf 87' lang='lat' dir='ltr'>necessitatis</span> <span class='ocrx_word' id='word_1_285' title='bbox 1310 1853 1458 1888; x_wconf 82' lang='lat' dir='ltr'>exhibuit</span> <span class='ocrx_word' id='word_1_286' title='bbox 1491 1859 1641 1900; x_wconf 86' lang='lat' dir='ltr'>tempore</span> <span class='ocrx_word' id='word_1_287' title='bbox 1677 1858 1710 1887; x_wconf 84' lang='lat' dir='ltr'>et</span> <span class='ocrx_word' id='word_1_288' title='bbox 1744 1853 1839 1887; x_wconf 90' lang='lat' dir='ltr'>nobis</span> <span class='ocrx_word' id='word_1_289' title='bbox 1867 1858 1982 1899; x_wconf 85' lang='lat' dir='ltr'>presto</span> 
     </span>
     <span class='ocr_line' id='line_1_27' title="bbox 126 1914 1982 1963; baseline -0.001 -15"><span class='ocrx_word' id='word_1_290' title='bbox 126 1915 166 1949; x_wconf 87' lang='lat' dir='ltr'>ad</span> <span class='ocrx_word' id='word_1_291' title='bbox 194 1927 338 1963; x_wconf 87' lang='lat' dir='ltr'>presens</span> <span class='ocrx_word' id='word_1_292' title='bbox 368 1926 570 1961; x_wconf 85' lang='lat' dir='ltr'>suorumque</span> <span class='ocrx_word' id='word_1_293' title='bbox 599 1925 724 1949; x_wconf 90' lang='lat' dir='ltr'>morum</span> <span class='ocrx_word' id='word_1_294' title='bbox 755 1926 795 1948; x_wconf 90' lang='lat' dir='ltr'>ac</span> <span class='ocrx_word' id='word_1_295' title='bbox 824 1914 997 1960; x_wconf 85' lang='lat' dir='ltr'>discipline</span> <span class='ocrx_word' id='word_1_296' title='bbox 1026 1917 1141 1949; x_wconf 86' lang='lat' dir='ltr'>intuitu</span> <span class='ocrx_word' id='word_1_297' title='bbox 1170 1925 1237 1948; x_wconf 92' lang='lat' dir='ltr'>non</span> <span class='ocrx_word' id='word_1_298' title='bbox 1265 1918 1388 1948; x_wconf 91' lang='lat' dir='ltr'>tantum</span> <span class='ocrx_word' id='word_1_299' title='bbox 1419 1915 1568 1949; x_wconf 84' lang='lat' dir='ltr'>savorem</span> <span class='ocrx_word' id='word_1_300' title='bbox 1598 1919 1746 1948; x_wconf 88' lang='lat' dir='ltr'>nostrum</span> <span class='ocrx_word' id='word_1_301' title='bbox 1775 1917 1894 1949; x_wconf 87' lang='lat' dir='ltr'>meruit</span> <span class='ocrx_word' id='word_1_302' title='bbox 1923 1915 1982 1948; x_wconf 91' lang='lat' dir='ltr'>sed</span> 
     </span>
     <span class='ocr_line' id='line_1_28' title="bbox 126 1974 1982 2022; baseline 0 -14"><span class='ocrx_word' id='word_1_303' title='bbox 126 1975 318 2021; x_wconf 86' lang='lat' dir='ltr'>largicionis</span> <span class='ocrx_word' id='word_1_304' title='bbox 346 1980 496 2022; x_wconf 82' lang='lat' dir='ltr'>graciam</span> <span class='ocrx_word' id='word_1_305' title='bbox 527 1975 672 2010; x_wconf 88' lang='lat' dir='ltr'>liberalis</span> <span class='ocrx_word' id='word_1_306' title='bbox 702 1975 812 2009; x_wconf 84' lang='lat' dir='ltr'>villam</span> <span class='ocrx_word' id='word_1_307' title='bbox 841 1979 1007 2008; x_wconf 87' lang='lat' dir='ltr'>nostram.</span> <span class='ocrx_word' id='word_1_308' title='bbox 1026 1978 1138 2009; x_wconf 84' lang='lat' dir='ltr'>,sitam</span> <span class='ocrx_word' id='word_1_309' title='bbox 1168 1978 1277 2009; x_wconf 81' lang='lat' dir='ltr'>iuxta.</span> <span class='ocrx_word' id='word_1_310' title='bbox 1297 1986 1388 2008; x_wconf 89' lang='grc'><strong>,011111</strong></span> <span class='ocrx_word' id='word_1_311' title='bbox 1413 1975 1565 2009; x_wconf 87' lang='lat' dir='ltr'>omnibus</span> <span class='ocrx_word' id='word_1_312' title='bbox 1590 1974 1715 2008; x_wconf 89' lang='lat' dir='ltr'>iuribus</span> <span class='ocrx_word' id='word_1_313' title='bbox 1738 1979 1769 2008; x_wconf 92' lang='lat' dir='ltr'>et</span> <span class='ocrx_word' id='word_1_314' title='bbox 1789 1977 1982 2008; x_wconf 86' lang='lat' dir='ltr'>attinenciis</span> 
     </span>
     <span class='ocr_line' id='line_1_29' title="bbox 127 2030 1987 2082; baseline 0 -13"><span class='ocrx_word' id='word_1_315' title='bbox 127 2038 196 2070; x_wconf 92' lang='lat' dir='ltr'>suis</span> <span class='ocrx_word' id='word_1_316' title='bbox 224 2041 456 2072; x_wconf 87' lang='lat' dir='ltr'>concessimus</span> <span class='ocrx_word' id='word_1_317' title='bbox 486 2041 551 2070; x_wconf 89' lang='lat' dir='ltr'>tam</span> <span class='ocrx_word' id='word_1_318' title='bbox 581 2036 634 2070; x_wconf 93' lang='lat' dir='ltr'>diu</span> <span class='ocrx_word' id='word_1_319' title='bbox 664 2035 766 2069; x_wconf 86' lang='lat' dir='ltr'>libere</span> <span class='ocrx_word' id='word_1_320' title='bbox 796 2047 835 2069; x_wconf 88' lang='lat' dir='ltr'>ac</span> <span class='ocrx_word' id='word_1_321' title='bbox 864 2036 1002 2081; x_wconf 87' lang='lat' dir='ltr'>pacilicc</span> <span class='ocrx_word' id='word_1_322' title='bbox 1030 2035 1280 2082; x_wconf 76' lang='lat' dir='ltr'>possidendam,</span> <span class='ocrx_word' id='word_1_323' title='bbox 1310 2030 1418 2069; x_wconf 87' lang='lat' dir='ltr'>donec</span> <span class='ocrx_word' id='word_1_324' title='bbox 1449 2035 1509 2070; x_wconf 88' lang='lat' dir='ltr'>sibi</span> <span class='ocrx_word' id='word_1_325' title='bbox 1537 2035 1577 2068; x_wconf 88' lang='grc'>110</span> <span class='ocrx_word' id='word_1_326' title='bbox 1602 2035 1764 2069; x_wconf 87' lang='lat' dir='ltr'>beneticio</span> <span class='ocrx_word' id='word_1_327' title='bbox 1784 2035 1987 2081; x_wconf 92' lang='lat' dir='ltr'>providebi-</span> 
     </span>
     <span class='ocr_line' id='line_1_30' title="bbox 127 2095 1981 2144; baseline -0.001 -15"><span class='ocrx_word' id='word_1_328' title='bbox 127 2107 200 2130; x_wconf 93' lang='lat' dir='ltr'>mus</span> <span class='ocrx_word' id='word_1_329' title='bbox 229 2097 458 2144; x_wconf 84' lang='lat' dir='ltr'>quodcnmqne</span> <span class='ocrx_word' id='word_1_330' title='bbox 487 2100 517 2131; x_wconf 91' lang='lat' dir='ltr'>in</span> <span class='ocrx_word' id='word_1_331' title='bbox 548 2096 707 2130; x_wconf 80' lang='lat' dir='ltr'>Bobeniia</span> <span class='ocrx_word' id='word_1_332' title='bbox 744 2096 797 2130; x_wconf 79' lang='lat' dir='ltr'>vel</span> <span class='ocrx_word' id='word_1_333' title='bbox 830 2095 980 2129; x_wconf 79' lang='lat' dir='ltr'>Moravia</span> <span class='ocrx_word' id='word_1_334' title='bbox 1017 2096 1078 2130; x_wconf 89' lang='lat' dir='ltr'>sibi</span> <span class='ocrx_word' id='word_1_335' title='bbox 1108 2099 1170 2130; x_wconf 90' lang='grc'><strong>0111</strong></span> <span class='ocrx_word' id='word_1_336' title='bbox 1205 2096 1283 2129; x_wconf 85' lang='grc'><strong>111110</strong></span> <span class='ocrx_word' id='word_1_337' title='bbox 1319 2100 1417 2142; x_wconf 88' lang='lat' dir='ltr'>atquc</span> <span class='ocrx_word' id='word_1_338' title='bbox 1451 2096 1588 2129; x_wconf 75' lang='lat' dir='ltr'>decens.</span> <span class='ocrx_word' id='word_1_339' title='bbox 1625 2100 1741 2129; x_wconf 88' lang='lat' dir='ltr'>tenore</span> <span class='ocrx_word' id='word_1_340' title='bbox 1770 2099 1981 2141; x_wconf 86' lang='lat' dir='ltr'>presencium</span> 
     </span>
     <span class='ocr_line' id='line_1_31' title="bbox 126 2156 1980 2203; baseline -0.001 -13"><span class='ocrx_word' id='word_1_341' title='bbox 126 2159 293 2191; x_wconf 87' lang='lat' dir='ltr'>universis</span> <span class='ocrx_word' id='word_1_342' title='bbox 330 2163 361 2192; x_wconf 89' lang='lat' dir='ltr'>et</span> <span class='ocrx_word' id='word_1_343' title='bbox 397 2158 536 2203; x_wconf 59' lang='lat' dir='ltr'>singulis</span> <span class='ocrx_word' id='word_1_344' title='bbox 577 2157 726 2191; x_wconf 81' lang='lat' dir='ltr'>fidelibus</span> <span class='ocrx_word' id='word_1_345' title='bbox 767 2159 887 2191; x_wconf 81' lang='lat' dir='ltr'>nostris</span> <span class='ocrx_word' id='word_1_346' title='bbox 925 2159 1164 2203; x_wconf 83' lang='lat' dir='ltr'>cuiuscumque</span> <span class='ocrx_word' id='word_1_347' title='bbox 1204 2156 1409 2190; x_wconf 82' lang='lat' dir='ltr'>condicionis</span> <span class='ocrx_word' id='word_1_348' title='bbox 1447 2157 1567 2190; x_wconf 79' lang='lat' dir='ltr'>l&#39;ncrint</span> <span class='ocrx_word' id='word_1_349' title='bbox 1605 2159 1736 2201; x_wconf 84' lang='lat' dir='ltr'>precise</span> <span class='ocrx_word' id='word_1_350' title='bbox 1773 2156 1980 2190; x_wconf 86' lang='lat' dir='ltr'>mandantes.</span> 
     </span>
     <span class='ocr_line' id='line_1_32' title="bbox 127 2216 1982 2262; baseline 0 -12"><span class='ocrx_word' id='word_1_351' title='bbox 127 2221 290 2262; x_wconf 88' lang='lat' dir='ltr'>quatenus</span> <span class='ocrx_word' id='word_1_352' title='bbox 310 2218 426 2253; x_wconf 89' lang='lat' dir='ltr'>dictum</span> <span class='ocrx_word' id='word_1_353' title='bbox 458 2219 624 2253; x_wconf 88' lang='lat' dir='ltr'>dominum</span> <span class='ocrx_word' id='word_1_354' title='bbox 654 2218 815 2251; x_wconf 82' lang='lat' dir='ltr'>dccaiuun</span> <span class='ocrx_word' id='word_1_355' title='bbox 846 2221 876 2251; x_wconf 95' lang='grc'>111</span> <span class='ocrx_word' id='word_1_356' title='bbox 907 2217 992 2251; x_wconf 76' lang='lat' dir='ltr'>(licta</span> <span class='ocrx_word' id='word_1_357' title='bbox 1021 2218 1098 2251; x_wconf 77' lang='lat' dir='ltr'>villa</span> <span class='ocrx_word' id='word_1_358' title='bbox 1128 2222 1161 2251; x_wconf 89' lang='lat' dir='ltr'>ct</span> <span class='ocrx_word' id='word_1_359' title='bbox 1188 2217 1314 2251; x_wconf 88' lang='lat' dir='ltr'>iuribus</span> <span class='ocrx_word' id='word_1_360' title='bbox 1343 2222 1375 2251; x_wconf 86' lang='grc'>01</span> <span class='ocrx_word' id='word_1_361' title='bbox 1404 2219 1589 2251; x_wconf 86' lang='lat' dir='ltr'>attinenciis</span> <span class='ocrx_word' id='word_1_362' title='bbox 1618 2216 1766 2250; x_wconf 86' lang='lat' dir='ltr'>ciusdem</span> <span class='ocrx_word' id='word_1_363' title='bbox 1796 2217 1982 2251; x_wconf 74' lang='lat' dir='ltr'>nullatenus</span> 
     </span>
     <span class='ocr_line' id='line_1_33' title="bbox 126 2277 1982 2326; baseline -0.001 -15"><span class='ocrx_word' id='word_1_364' title='bbox 126 2277 305 2324; x_wconf 85' lang='lat' dir='ltr'>impediant</span> <span class='ocrx_word' id='word_1_365' title='bbox 341 2279 398 2312; x_wconf 88' lang='lat' dir='ltr'>sed</span> <span class='ocrx_word' id='word_1_366' title='bbox 435 2280 574 2326; x_wconf 87' lang='lat' dir='ltr'>pacilicc</span> <span class='ocrx_word' id='word_1_367' title='bbox 610 2282 715 2325; x_wconf 89' lang='lat' dir='ltr'>ipsum</span> <span class='ocrx_word' id='word_1_368' title='bbox 750 2281 799 2312; x_wconf 87' lang='lat' dir='ltr'>cis</span> <span class='ocrx_word' id='word_1_369' title='bbox 836 2281 880 2311; x_wconf 89' lang='lat' dir='ltr'>uti</span> <span class='ocrx_word' id='word_1_370' title='bbox 917 2280 1103 2324; x_wconf 83' lang='lat' dir='ltr'>permittant</span> <span class='ocrx_word' id='word_1_371' title='bbox 1139 2280 1225 2312; x_wconf 89' lang='lat' dir='ltr'>sicut</span> <span class='ocrx_word' id='word_1_372' title='bbox 1260 2277 1526 2322; x_wconf 76' lang='lat' dir='ltr'>indignacionem</span> <span class='ocrx_word' id='word_1_373' title='bbox 1563 2282 1709 2312; x_wconf 86' lang='lat' dir='ltr'>nostram</span> <span class='ocrx_word' id='word_1_374' title='bbox 1745 2281 1982 2322; x_wconf 84' lang='lat' dir='ltr'>gravissimam</span> 
     </span>
     <span class='ocr_line' id='line_1_34' title="bbox 129 2341 480 2384; baseline 0.009 -12"><span class='ocrx_word' id='word_1_375' title='bbox 129 2341 314 2384; x_wconf 89' lang='lat' dir='ltr'>cupiverint</span> <span class='ocrx_word' id='word_1_376' title='bbox 344 2342 480 2375; x_wconf 87' lang='lat' dir='ltr'>evitare.</span> 
     </span>
    </p>
   </div>
  </div>
 </body>
</html>
