2184 2828
1079 142 1150 176 586

1063 302 1168 337 Sto.

203 395 244 427 Is.
276 394 364 427 Ii'arl
392 393 451 427 Jl'.
491 391 653 435 lte.s²t(1'l1'yl
687 391 757 424 (lem
792 390 946 423 Brut-liet·
976 390 1115 423 li'losler
1155 389 1215 422 clas
1254 401 1327 422 com
1365 389 1496 433 Ii'oleiye
1531 391 1666 424 Johmm
1710 392 1750 424 im
1784 391 1892 424 ,lala-(¹
1930 389 2028 424 1336

201 455 375 499 lwzt'lylicle
404 454 461 487 (les
483 453 643 485 Zmu'mel·
663 452 937 495 Sladlyeri'cleles
966 451 1158 483 rerlselwne
1187 450 1414 494 Pm'rileffl'nm.
1445 450 1503 484 Dt.
1526 451 1684 495 Znofsmeq
1725 451 1814 485 t'llI.
1838 452 1915 484 [dus
1934 451 2031 484 Jmn‘c'

954 511 1007 550 (θ’.
1038 510 1138 551 dani)
1172 509 1280 543 1348.

341 589 513 641 karolus
541 607 591 640 dei
621 609 734 651 gracia
764 606 987 640 Romanorum
1018 605 1092 638 Rex
1121 615 1253 649 semper
1281 609 1452 649 augustus,
1482 610 1514 639 et
1535 605 1668 639 Boemie
1688 606 1774 639 Rex.
1805 605 1844 638 Et
1873 609 1900 639 si
1920 605 2027 650 Regie

199 669 365 706 (lin-nitatis
401 672 640 713 circumspecta
674 667 863 711 benignitas
899 669 1076 699 vainei-sos
1113 665 1226 698 fideles
1261 676 1338 699 suos
1375 677 1417 699 ex
1452 669 1561 699 innata
1600 667 1779 699 clemencia
1818 669 2028 711 prosequitur

199 730 354 762 l'auorose
383 728 422 762 ad
452 729 576 762 illorum
607 732 714 760 tamen
737 728 891 760 vtilitales
920 731 951 758 et
979 725 1117 759 comoda
1147 726 1293 770 ampliori
1322 726 1427 759 studio
1457 729 1603 771 aspirare
1631 729 1814 767 consueuit,
1844 729 1897 771 qui
1917 730 2027 772 spreta

197 789 299 823 seculi
328 792 484 827 vanitate,
515 788 574 822 sub
604 788 711 821 habitu
741 787 884 830 regulari
914 791 945 819 et,
973 786 1081 819 debite
1110 786 1293 830 Religionis
1320 786 1446 822 honore
1475 789 1618 820 nituntur
1650 787 1808 819 altissimo
1838 789 1867 819 in
1898 786 2028 831 simpli-

197 854 294 883 citate
324 852 440 883 mentis
471 854 503 882 et¹
531 851 679 893 corporis
709 850 827 891 iugiter
855 846 1017 882 famulari.
1049 846 1138 879 Sanc
1167 849 1241 890 quia
1270 846 1515 890 Religiosornm
1538 874 1573 880 ..
1604 847 1746 880 Abbatis
1776 851 1805 879 et
1835 846 2027 880 Conuentus

195 910 389 953 Monasterij
419 909 578 943 Lucensis
615 919 718 953 prope
748 908 928 952 Snoymam
963 906 1094 940 Ordinis
1123 907 1442 941 Premonstratensis
1475 907 1668 941 deuotorum
1703 912 1887 941 nostrorum
1924 917 2028 952 nuper

197 971 376 1004 Serenitati
404 974 516 1004 nostre
545 968 652 1002 oblata
673 969 874 1013 supplicacio
904 967 1105 1009 continebat,
1136 966 1305 1007 Quatenus
1326 967 1449 1001 eisdem
1470 968 1581 1001 literas
1601 968 1690 1001 clare
1710 971 1869 1001 memorie
1888 967 2025 1001 Illustris

194 1031 357 1065 Joliannis
392 1031 468 1063 olim
507 1029 643 1063 Boemie
681 1029 784 1073 Regis
814 1027 980 1062 Genitoris
1009 1030 1110 1061 nostri
1144 1030 1324 1070 carissimi,
1360 1027 1543 1073 approbare
1571 1028 1736 1061 ratilicare
1771 1032 1802 1061 et
1829 1027 2026 1061 confirmare

195 1092 234 1125 sle
263 1092 361 1125 solite
389 1090 601 1134 benignitatis
630 1090 812 1122 clemencia
842 1088 1066 1133 dignaremur„
1097 1088 1240 1128 Quarum
1271 1092 1365 1121 tenor
1393 1091 1538 1133 sequitur
1567 1091 1598 1121 in
1628 1087 1688 1121 hec
1710 1087 1822 1121 verba.
1853 1087 2026 1122 Johannes

194 1152 245 1185 dci
279 1154 392 1196 gracia
422 1156 485 1184 etc.
520 1161 625 1195 usque
658 1149 777 1183 Datum
812 1148 982 1182 Poliorliez
1017 1149 1117 1182 Anno
1154 1148 1273 1181 domini
1308 1147 1481 1181 Millesimo
1518 1147 1785 1189 Trecentesimo„
1820 1147 2027 1191 TrecesimQ

194 1213 311 1247 Sexto,
343 1211 488 1245 Sabbata
517 1216 590 1256 post
619 1210 761 1243 Octauas
792 1210 907 1243 Pasce.
938 1210 991 1249 (S.
1022 1209 1051 1242 d.
1078 1208 1115 1242 B.
1142 1208 1176 1241 S.
1201 1208 1301 1243 5311.
1330 1207 1432 1253 1130
1469 1207 1537 1241 Nos
1566 1211 1665 1252 igitur
1693 1208 1732 1241 ad
1761 1208 2027 1253 predictorum..

196 1273 339 1306 Abbatis
369 1277 399 1305 et
430 1273 622 1305 conuentus
653 1271 908 1316 supplicacionis
938 1273 1130 1303 instanciam
1152 1271 1323 1314 presertim
1348 1280 1420 1302 cum
1440 1280 1558 1314 preces
1578 1272 1720 1314 ipsorum
1750 1271 1833 1302 iuste
1862 1272 1936 1311 sint7
1966 1280 2029 1302 nec

194 1334 328 1367 (lenient
357 1345 374 1366 a
404 1335 532 1366 tramite
561 1334 719 1369 racionis„
748 1336 781 1364 vt
812 1330 906 1364 nobis
937 1335 967 1363 et
988 1329 1159 1363 animabus
1189 1332 1434 1375 progenitorum
1454 1334 1639 1362 nostrorum
1661 1329 1810 1374 proficiat
1830 1329 1868 1362 ad
1889 1329 2026 1363 salutem

195 1399 225 1428 et
255 1397 398 1427 omnium
427 1393 588 1426 bonorum
617 1402 753 1437 operum
783 1402 846 1436 que
875 1403 934 1436 per
962 1391 1082 1424 fratres
1112 1390 1190 1424 inibi
1220 1394 1310 1423 recte
1339 1390 1528 1423 deuoeionis
1559 1392 1670 1434 spiritu
1693 1389 1823 1422 domino
1844 1393 2029 1423 seruientes

195 1457 388 1488 continuato
415 1456 560 1487 caritatis
580 1453 700 1486 ardore
721 1452 932 1496 frequencius
953 1456 1155 1485 exercentur
1174 1453 1351 1496 participes
1372 1449 1441 1483 fieri
1462 1460 1657 1491 mereamur,
1688 1450 1894 1495 supradictas
1914 1451 2028 1484 literas

195 1517 226 1548 in
266 1514 416 1547 omnibus
452 1517 520 1547 suis
559 1512 729 1546 tenoribus
759 1513 912 1546 clausulis
942 1517 973 1545 et
1003 1513 1183 1555 senteneijs
1212 1511 1252 1544 ile
1280 1510 1384 1544 verbo
1413 1510 1451 1544 ad
1482 1509 1616 1544 Verbum
1650 1515 1745 1556 prout
1774 1513 1926 1556 superius
1956 1515 2030 1544 sunt

195 1586 375 1621 expresse.
415 1574 455 1607 de
484 1578 574 1607 certa
604 1579 714 1607 nostra
747 1576 909 1606 sciencia.
940 1572 1160 1611 hnmanmus„
1191 1571 1407 1617 aprobamus,
1436 1571 1650 1613 ratificamus,
1685 1582 1723 1604 ac
1760 1582 1819 1616 per
1853 1574 1961 1605 onmia
1989 1571 2030 1604 de

196 1635 305 1679 Regie
334 1638 506 1680 potestatis
527 1634 728 1680 plenitudine
755 1634 997 1668 conlirmamus.
1027 1632 1223 1666 mandantes
1246 1634 1411 1665 vniuersis
1434 1630 1621 1676 Capitaneis
1652 1630 1813 1675 CamerijS
1840 1631 2030 1665 Subcame-

196 1698 309 1740 rariJS.
339 1694 530 1735 Jmticilms‚
559 1695 777 1738 Justiciarijs„
808 1692 988 1738 czudarijs,
1018 1692 1328 1739 Poprabczconibus
1364 1691 1522 1726 Officiatis
1558 1696 1588 1724 et
1616 1691 1858 1725 viceofliciatis.
1890 1695 1942 1737 qui
1971 1702 2030 1737 pro

198 1761 349 1801 tempore
378 1755 500 1789 fuerint
528 1754 677 1788 fidelibus
707 1757 827 1788 nostris
858 1754 995 1789 dilectis*
1025 1765 1067 1787 ne
1095 1753 1261 1800 predictos
1292 1780 1327 1786 ..
1357 1751 1520 1786 Abbatem
1551 1756 1582 1785 et
1610 1751 1814 1785 Conuentum
1834 1751 2028 1795 Monasterij

198 1817 359 1851 Lucensis
388 1816 548 1850 aduersus
569 1818 732 1861 presentis
753 1820 865 1849 nostre
886 1815 1132 1857 Innouacionis‚
1163 1812 1425 1859 app1·obacioniS‚
1453 1811 1686 1846 ratificacionis
1707 1823 1745 1845 ac
1765 1812 2031 1846 confirmacionis

196 1881 345 1922 graciam
382 1881 572 1922 presumant
606 1879 636 1909 in
666 1876 775 1920 aliquo
804 1878 933 1921 penitus
963 1875 1145 1917 molestari,
1174 1873 1243 1907 Imo
1271 1876 1384 1907 verius
1412 1872 1577 1913 studeant„
1608 1875 1698 1918 ipsos
1727 1875 1815 1906 circa
1845 1872 2031 1906 huiusmodi

197 1943 310 1972 nostre
346 1940 461 1982 gracie
498 1936 654 1970 indultum
684 1936 826 1969 adhibita
857 1935 1038 1969 sedulitatis
1073 1946 1151 1968 eura
1188 1933 1412 1968 fauorabiliter
1447 1943 1664 1970 conseruare„
1701 1932 1767 1966 Sub
1802 1944 1887 1978 pena
1916 1937 2030 1967 nostre

197 1998 458 2043 indignacionisq
494 2008 589 2043 qnam
623 1999 676 2041 qui
711 2008 810 2030 secus
844 2001 1037 2041 attemptare
1072 1998 1311 2041 presumpserit
1346 2005 1383 2028 se
1418 1997 1599 2037 cognoscat
1633 1997 1780 2037 grauiter
1809 1996 2029 2037 incursurum,

197 2059 414 2092 Presencinm
445 2057 505 2092 sub
534 2062 648 2091 nostre
676 2060 858 2090 maiestatis
888 2057 1003 2101 Sigillo
1033 2059 1219 2090 testimonio
1247 2056 1422 2088 literarum.
1452 2053 1569 2086 Datum
1599 2053 1748 2099 Znoyme
1777 2054 1876 2087 Anno
1910 2054 2031 2088 domini

197 2119 373 2153 Millesimo
395 2118 647 2152 Trecentesimo
668 2117 931 2162 Quadragesimo
952 2116 1091 2159 Octauo,
1121 2116 1310 2151 Indiccione
1337 2117 1438 2160 prima
1458 2141 1463 2147 .
1481 2112 1586 2147 Vllls'.
1616 2113 1692 2147 Idus
1720 2114 1807 2158 Jnnij
1837 2114 2030 2159 Regnorum

196 2184 382 2214 nostrorum
412 2179 510 2213 Anno
539 2178 697 2212 secundo.

504 2257 588 2293 (Nacti
619 2257 677 2282 dem
710 2258 782 2290 (n-ig.
815 2257 861 2282 aul‘
886 2257 1007 2290 Pergam.
1040 2257 1085 2281 mit
1116 2257 1200 2281 einem
1232 2263 1345 2289 grossen
1370 2253 1432 2279 selu·
1460 2256 1507 2286 gut
1537 2253 1692 2279 erlialtenen
1717 2253 1824 2287 Sigille.
1856 2255 1887 2279 im
1912 2253 2027 2279 Areliive

604 2309 747 2334 desselben
772 2309 908 2334 Klosters.
933 2310 966 2334 im
991 2316 1023 2333 m.
1050 2311 1081 2333 st.
1107 2307 1317 2333 Landesarchive
1344 2305 1389 2331 Lit.
1415 2304 1448 2331 A.
1474 2313 1498 2331 n.
1525 2304 1551 2329 S.
1585 2321 1614 2323 —
1643 2305 1819 2338 Abgedruckt
1846 2305 1888 2331 hei
1919 2304 2028 2330 Dobner

605 2361 764 2386 Monument.
798 2361 825 2386 B.
852 2361 896 2386 lv.
923 2361 948 2385 S.
976 2359 1036 2384 320
1068 2368 1091 2385 n.
1118 2360 1168 2386 CC.
1199 2360 1243 2385 mit
1272 2358 1329 2383 dem
1353 2357 1446 2382 Datum
1479 2356 1536 2381 Vll.
1570 2357 1629 2382 ldus
1659 2356 1729 2383 ,1111111
1757 2357 1836 2383 1348
1869 2357 1935 2383 nach
1967 2357 2026 2382 dem

606 2412 679 2446 Orig.
705 2413 752 2438 des
776 2413 878 2446 konigl.
904 2412 1058 2443 Archives.)
