2184 2828
930 160 939 161 -
966 105 1039 140 577

235 224 314 258 Cum
343 223 496 257 dilectum
527 222 625 256 filium
655 222 849 267 Magistrum
880 223 1045 257 Alioctum
1064 222 1155 256 Lucii
1177 221 1379 256 Canonicum
1400 222 1559 257 Narinen.
1590 223 1808 258 Decretorum
1830 223 1927 257 Doc-

81 290 201 327 torema
237 284 452 330 Capelianum
481 287 646 326 nostrum,
681 289 714 317 et
746 294 920 317 causarum
954 283 1074 317 Palacii
1110 283 1326 322 Auditorem.
1362 285 1543 329 apostolice
1579 284 1667 318 sedis
1705 287 1851 318 nuntium
1887 284 1927 319 ad

82 345 290 380 Carissimum
320 347 352 377 in
375 343 507 377 Christo
527 342 626 377 filium
647 349 794 378 nostrum
815 344 970 378 Karolum
992 344 1118 388 Regem
1139 343 1365 377 Romanorum
1388 343 1549 378 Illustrem
1569 355 1628 391 pro
1648 347 1749 378 certis
1770 348 1926 389 negotiis.

81 417 144 452 que
172 409 242 451 ipse
271 404 327 438 tibi
357 409 505 450 exponet
533 409 722 447 orestenns,
752 409 785 439 et
813 416 876 450 que
905 405 1048 438 insident
1077 404 1249 438 admodum
1281 404 1372 438 cordi
1402 404 1508 447 nobis,
1539 405 1791 451 presencialiter
1820 405 1927 439 desti-

78 477 212 508 nemus,
250 465 430 499 Personam
467 470 552 499 tuam
582 470 704 499 attente
738 476 915 510 rogamus„
950 468 1101 511 quatinus
1136 467 1238 510 ipsius
1268 464 1379 498 Nuntii
1417 465 1558 499 adhibita
1595 477 1655 512 pro
1691 470 1786 511 parte
1815 471 1926 499 nostra

77 525 234 560 relatibus
264 537 365 572 super
394 525 455 559 hoc
484 526 692 571 exponendis
721 525 907 559 huiusmodi
936 526 1033 572 plena
1062 524 1137 567 fide,
1167 524 1230 558 sibi
1258 527 1409 559 invotiva
1440 530 1472 559 et
1500 527 1611 560 celera
1642 536 1755 560 eorum
1786 537 1927 571 promo-

78 590 166 620 tione
195 586 281 632 apud
310 586 461 620 eumdem
490 586 619 630 Regem
649 590 785 620 assistas
815 597 873 632 pro
903 591 1016 620 nostra
1046 590 1078 619 et
1105 586 1190 619 dicte
1210 585 1299 619 sedis
1320 589 1523 621 reverentia.
1553 586 1724 621 favoribus
1746 591 1777 620 et
1797 587 1927 620 auxiliis

77 651 258 692 oportunis.
302 647 348 681 Ita
378 646 463 692 quod
494 658 554 692 per
582 649 866 692 interpositionem
896 651 995 683 tuam„
1024 651 1170 681 nostrum
1198 649 1231 680 in
1259 646 1321 681 hiis
1350 648 1467 681 votive
1496 658 1740 693 consequamur
1769 651 1925 693 optatum.

76 707 197 742 Datum
226 708 409 750 Avinione„
439 707 535 741 XIIII
566 707 732 741 Kalendas
760 707 847 741 Junii
876 708 977 741 Anno
1008 707 1166 753 Septimo.

385 786 470 819 (Nat-li
495 787 554 811 dem
580 787 654 819 (lrig.
681 786 796 819 Regeste
821 786 923 812 Palist's
948 784 1074 812 Clemens
1098 786 1142 811 xl.
1174 785 1315 819 Jalirgang
1338 785 1396 811 Vll.
1423 785 1464 811 ΒΓ.
1487 785 1523 811 12
1550 786 1575 811 S.
1601 785 1633 811 21
1665 788 1696 812 im
1720 787 1926 813 Vaticaniscnen

490 838 608 864 Areliive
633 846 663 863 zu
689 838 763 865 Rom.
813 838 907 864 Vidini.
934 838 1072 864 Aliscln-ift
1095 839 1128 863 im
1154 838 1235 863 mahr.
1262 838 1349 863 stand.
1374 838 1612 869 Landesareliive.)

953 958 1057 993 795.

77 1037 186 1071 Pabst
224 1037 378 1071 Clemens
420 1036 474 1071 VI.
512 1038 680 1070 resen-ir!
712 1038 770 1080 far
805 1036 866 1069 [lete
905 1036 1066 1069 Klere'lfer
1103 1036 1163 1069 der
1191 1036 1327 1080 Pra96r
1366 1035 1531 1078 Βίόσεεθ,
1561 1036 1702 1073 Albert.
1739 1036 1833 1070 Solen
1870 1037 1927 1070 des

78 1099 236 1143 Henm‘nq
275 1109 338 1132 con
374 1097 512 1131 Ze‘ltmt.
552 1099 628 1130 eine
662 1108 723 1129 ron
762 1097 833 1130 (lem
873 1096 1091 1130 Trebitselzer
1126 1097 1269 1130 Kloster
1304 1109 1345 1130 z—ec
1386 1097 1605 1131 z·e1·lee'l1ende
1646 1097 1809 1141 Pfrande.
1866 1097 1926 1131 Dt.

488 1158 673 1193 Acheloum
704 1157 802 1192 Xll'.
834 1158 1011 1191 Kalendas
1039 1158 1135 1191 Jtmz'z'
1163 1157 1244 1200 [19.
1275 1158 1369 1200 Ma&
1404 1156 1514 1191 1348.

234 1234 410 1288 Clemens
444 1253 633 1299 Episcopus
668 1253 796 1287 Servus
826 1253 1008 1286 Servorum
1045 1252 1106 1286 Dei
1136 1252 1264 1287 Dilecto
1294 1252 1359 1287 filio
1389 1253 1530 1287 Alberto
1566 1253 1729 1298 qnondam
1758 1252 1926 1298 Henningi

78 1314 118 1348 de
146 1314 288 1348 Zittavia
319 1314 450 1348 Clerico
480 1313 624 1359 Pragen.
655 1313 810 1348 Dioeesis
841 1313 989 1347 Salutem
1019 1318 1051 1347 et
1078 1313 1308 1359 Apostolieam
1339 1313 1642 1348 Benedictionem..
1662 1341 1669 1347 .

231 1374 393 1410 Volentes
429 1374 501 1409 tibi.
520 1402 527 1408 .
547 1402 553 1408 .
571 1377 710 1419 gratiam
748 1374 860 1407 facere
890 1374 1088 1419 specialem,
1123 1374 1320 1408 beneficium
1357 1375 1624 1409 ecclesiasticum
1661 1386 1735 1408 cum
1764 1386 1843 1408 cura
1872 1375 1926 1408 vel

77 1439 150 1470 sine
179 1447 258 1470 cura
287 1440 482 1470 consuetum
512 1436 642 1470 clericis
671 1435 876 1469 secularibus
906 1438 1081 1479 assignari,
1111 1438 1203 1469 cuius
1225 1435 1351 1469 fructus
1372 1435 1518 1469 redditus
1539 1440 1571 1469 et
1592 1440 1777 1482 proventus
1806 1438 1926 1469 sicum

77 1507 155 1530 eura
185 1499 303 1541 viginti
332 1500 492 1542 quinque,
527 1499 554 1530 si
584 1507 666 1530 vero
695 1499 767 1529 sine
796 1507 874 1529 cura
906 1495 1002 1529 suerit
1030 1495 1144 1529 decem
1180 1500 1212 1529 et
1240 1500 1314 1529 octo
1343 1495 1555 1530 Mareliarnm
1585 1499 1713 1540 argenti
1744 1496 1926 1530 secundum

77 1560 280 1591 taxationem
310 1557 437 1591 decime
466 1557 614 1591 valorem
645 1567 788 1590 annuum
819 1567 884 1589 non
915 1556 1092 1595 excedant.
1123 1556 1161 1589 ad
1191 1556 1384 1591 dilectorum
1414 1556 1572 1590 filiorum.
1592 1556 1750 1590 .Abhans
1779 1561 1812 1590 et
1833 1556 1927 1590 Con-

76 1622 196 1651 ventus
215 1617 408 1652 Monasterii
429 1617 607 1651 Treheten.
630 1617 754 1651 ordinis
775 1619 880 1650 sancti
899 1616 1071 1650 Benedicti
1088 1615 1282 1651 Olomncen.
1305 1617 1449 1651 diocesis
1469 1618 1678 1651 collationem
1700 1620 1925 1663 provisionem

76 1681 357 1724 presentationem
387 1690 446 1712 seu
475 1681 626 1724 quamvis
656 1679 752 1711 aliam
782 1678 1033 1723 dispositionem
1063 1680 1280 1711 communiter
1307 1678 1362 1711 vel
1398 1678 1528 1711 div1sim
1557 1681 1747 1724 pertinens,
1784 1681 1810 1711 si
1840 1677 1926 1722 quod

76 1744 175 1773 vacat
204 1739 243 1773 ad
273 1750 414 1785 presens
448 1740 502 1773 vel
539 1750 612 1772 cum
642 1742 819 1772 vacaverit
839 1766 844 1771 .
864 1766 870 1772 .
890 1738 1147 1772 ‚conferendum
1178 1738 1251 1772 tibi.
1270 1766 1277 1772 .
1296 1750 1541 1773 .reservamus‚
1561 1766 1567 1773 .
1587 1739 1724 1773 ,Datum
1755 1738 1926 1772 Avinione

77 1799 173 1834 XIIII
201 1800 370 1834 Kalendas
400 1800 488 1833 Junii
518 1800 619 1833 Anno
649 1799 809 1845 Septimo.

383 1879 469 1911 (Nacli
494 1878 553 1904 dem
571 1878 646 1907 Oria.
666 1878 783 1909 lit—geste
809 1878 912 1903 Palist's
937 1877 1060 1903 Clemens
1079 1877 1122 1903 Vl.
1142 1877 1166 1903 J.
1186 1877 1242 1903 Vll.
1261 1878 1288 1903 B.
1309 1878 1340 1903 V.
1359 1878 1405 1904 Th.
1425 1878 1443 1904 l.
1464 1879 1504 1904 ΒΓ.
1525 1878 1562 1904 22
1582 1879 1608 1903 S.
1629 1879 1644 1903 9
1664 1878 1696 1903 im
1715 1877 1923 1903 Vaticanisclien

489 1931 605 1957 Archive
630 1939 660 1956 zu
686 1931 760 1956 llom.
809 1930 903 1958 x'nlim,
930 1930 1069 1956 Abscliril't
1094 1931 1125 1955 im
1152 1931 1233 1955 mulir.
1260 1930 1346 1956 stand.
1373 1930 1613 1961 Lamlesarchive.)

953 2049 1056 2084 wo.

81 2126 219 2171 Hera-oq
246 2127 379 2162 doliana
410 2140 471 2163 con
502 2129 680 2163 Isarulleen
711 2129 873 2172 bes-ltiliy!
908 2128 961 2160 die
990 2128 1060 2161 dem
1091 2128 1227 2161 Sam-er
1256 2128 1398 2162 lsloster
1433 2140 1503 2162 rom
1535 2128 1668 2171 li'o'm'gse
1695 2126 1831 2159 ‚lahaim
1862 2126 1927 2159 und

80 2186 305 2231 illarltqrasen
333 2189 423 2223 Karl
449 2190 610 2223 erlhee‘lle
642 2190 828 2234 Befme'mqs
858 2200 919 2221 con
955 2190 1016 2221 der
1045 2188 1203 2233 Zaleluuss
1232 2189 1292 2222 det·
1322 2189 1534 2223 Lamlsteum·
1564 2188 1629 2220 μιαί
1658 2199 1718 2220 rou
1749 2187 1809 2219 der
1838 2186 1924 2220 Lea·-

372 2254 470 2295 slemy
498 2251 762 2284 rer-scleiedeuer
791 2250 944 2283 Diensle.
1002 2248 1060 2282 Dt.
1093 2249 1219 2293 I'ragse.
1251 2249 1369 2283 XXII.
1400 2250 1489 2294 Maji
1519 2248 1626 2282 1348.

236 2322 323 2375 Nos
351 2342 521 2379 Johannes
550 2345 601 2379 dei
632 2349 744 2382 (gracia
768 2344 937 2378 karinthie
965 2343 1052 2377 Dux.
1083 2344 1228 2388 Tyr-olis.
1259 2349 1290 2378 et
1320 2344 1453 2378 Gorieie
1483 2345 1614 2377 Comes.
1646 2342 1763 2376 Notum
1785 2342 1925 2376 facimus

82 2404 262 2443 vninersis‚
293 2402 378 2447 quod
408 2414 465 2448 pro
495 2410 587 2450 parte
616 2406 810 2439 denotoruin
842 2404 1002 2449 nobisque
1032 2407 1164 2444 sincere
1194 2404 1403 2439 dilectorum.
1424 2433 1429 2439 .
1450 2432 1456 2438 .
1475 2403 1634 2438 ‚Abbatis
1669 2408 1702 2436 et
1731 2402 1924 2437 Conuentus

79 2461 272 2495 Monasterii
303 2462 405 2495 Saars
435 2463 566 2499 Ordinis
587 2467 832 2511 Cysterciensis
862 2464 955 2498 nobis
984 2465 1201 2509 supplicatum
1232 2468 1354 2508 extitit,
1384 2470 1419 2499 vt
1448 2465 1487 2498 ad
1518 2464 1803 2509 infrascriptarum
1834 2464 1925 2497 litte-

80 2533 188 2555 rarum
219 2527 352 2556 tenores
382 2527 413 2556 et
442 2528 668 2560 continencias
698 2537 897 2560 consensum
929 2530 1074 2558 nostrum
1105 2525 1183 2558 dare
1213 2525 1435 2569 dignaremur.
1467 2525 1501 2558 ln
1531 2527 1634 2570 prima
1655 2524 1786 2570 quidem
1816 2524 1924 2557 littera

80 2581 254 2626 scribitur,
289 2583 374 2628 quod
409 2583 548 2618 illustris
578 2585 737 2622 Dominus
766 2586 938 2620 Joliannes
968 2585 1130 2632 qnondam
1160 2585 1236 2620 Rex
1266 2585 1441 2629 Boliemie,
1473 2585 1610 2619 Genitor
1643 2589 1757 2619 noster
1786 2584 1924 2618 dilectus

1718 2644 1757 2673 73
