2184 2828
1021 97 1091 132 139

135 219 259 250 circam
280 220 368 250 circa
389 218 494 262 ipsum
514 214 751 249 Monasterium
779 219 906 249 situatis
927 219 1062 259 exemit,
1083 219 1199 248 tenore
1219 219 1429 261 presencium
1450 215 1653 251 libertamus.
1676 222 1707 251 et
1727 229 1805 253 esse
1825 220 1978 254 volumus

135 279 165 310 in
202 281 395 323 perpetuum
434 275 556 310 liberos
590 280 621 309 et
659 281 847 322 exemptos.
885 276 1041 310 Preterea
1078 278 1251 322 cupientes
1293 275 1399 310 dictos
1437 277 1587 312 abbatem
1624 283 1656 312 et
1691 278 1908 324 Conuentum.
1943 285 1979 315 vt

134 337 239 371 Deum
275 336 337 370 celi
372 339 509 382 eiusque
543 335 745 370 Genitricem
780 337 973 381 gloriosam.
1008 348 1067 383 pro
1102 336 1385 370 predecessorum
1420 343 1607 373 nostrorum
1644 343 1824 374 animarum
1860 342 1978 386 salute,

133 408 196 431 nec
229 407 295 430 non
330 397 452 431 domini
486 401 519 431 et
553 395 722 430 Genitoris
755 400 858 431 nostri
895 397 1025 444 prefati.
1058 408 1097 432 ac
1131 401 1245 431 nostra
1280 401 1500 444 prosperitate
1537 400 1671 434 valeant
1707 405 1737 434 et
1776 400 1917 435 debeant
1946 405 1978 436 in

133 462 230 491 antea
258 457 416 491 deuocius
446 468 601 500 exorare,
632 458 767 504 speciali
797 462 910 503 gracia
939 461 1127 505 preuenire‚
1157 457 1375 492 donacionem
1401 469 1460 493 seu
1479 459 1701 505 legacionem,
1721 471 1818 506 quam
1838 461 1979 497 honesta

131 522 293 561 matrona,
323 518 454 552 domina
483 517 674 563 Margareta
707 519 870 563 quondam
906 519 1045 564 Steglini
1078 519 1193 553 relicta
1229 518 1270 552 de
1306 519 1380 553 villa
1415 531 1474 554 sua
1509 520 1755 556 Rescbkowicz
1791 534 1865 557 cum
1897 523 1979 557 Jure

132 583 325 626 patronatus
353 578 510 613 Ecclesie
538 578 658 613 ibidem
688 583 719 612 et
749 580 819 613 aliis
850 583 919 613 suis
943 579 1066 614 iuribus
1086 578 1277 613 vtilitatibus
1298 584 1329 613 et
1350 582 1565 626 pertinencijs
1585 585 1765 617 vniuersis.
1786 586 1818 617 in
1839 583 1979 630 quibus-

133 650 274 686 cumque
301 639 402 674 rebus
432 643 629 683 consistant.
659 640 712 674 uel
741 641 1047 687 quomodocumque
1073 644 1238 674 vocentur
1265 644 1411 676 nomine.
1441 646 1474 675 et
1502 642 1618 688 quibus
1649 643 1764 678 eadem
1788 643 1979 690 Margareta

133 700 244 734 w'llam
270 703 377 747 ipsam
406 704 509 735 tenuit
537 705 569 734 et
602 700 765 746 possedit.
801 700 927 735 eisdem
961 701 1082 736 Abbati
1117 705 1149 735 et
1183 700 1368 735 Conuentui
1406 713 1444 736 ac
1481 702 1687 737 Monasterio
1715 707 1747 738 in
1777 705 1859 740 Sars
1887 705 1978 743 fecit.

131 765 237 795 ratam
264 760 424 795 hahemus
453 765 485 795 et
512 765 653 806 gratam.
682 764 787 808 ipsam
817 761 1027 808 aprobamus.
1048 766 1081 796 et
1098 766 1216 796 tenore
1236 765 1403 808 presentis
1424 766 1527 797 nostri
1547 764 1710 809 priuilegij
1733 766 1979 809 confirmamus.

132 822 298 865 volentes,
328 821 414 868 quod
442 821 519 856 dicti
547 821 663 856 Abbas
693 827 725 856 et
754 821 946 857 Conuentus
974 822 1167 867 Monasterij
1197 827 1363 869 prenotati
1393 825 1595 870 peramplius
1634 825 1674 859 de
1702 831 1816 860 nostra
1844 828 1979 862 valeant

131 885 247 928 gracia
274 883 422 928 gloriari,
451 886 618 917 vniuersis
648 887 680 916 et
709 883 847 927 singulis
877 883 1013 917 Boemie
1041 888 1073 917 et
1100 883 1249 918 Morauie
1277 883 1398 918 Incolis
1429 884 1489 918 sub
1518 889 1743 932 precepcione
1772 891 1979 922 strictissima

131 942 329 986 inhibemus,
358 944 526 987 volentes.
556 948 716 990 quatenus
745 943 851 977 dictos
882 944 1045 978 Abbatem
1074 949 1105 978 et
1134 943 1340 978 Conuentum
1370 946 1476 979 nullus
1505 949 1535 979 in
1559 951 1655 981 antea
1677 947 1715 981 ad
1736 947 1979 994 hospitalitates

132 1015 192 1038 seu
226 1015 397 1051 expensas
432 1007 463 1038 in
498 1007 570 1050 ipso
603 1003 807 1038 Monasterio
842 1005 894 1038 uel
934 1004 1029 1039 honis
1068 1004 1249 1048 faciendas.
1285 1005 1404 1039 debeat
1443 1007 1496 1040 uel
1533 1011 1639 1053 possit
1675 1009 1888 1055 compellere.
1927 1011 1981 1044 uel

131 1069 252 1109 artare,
291 1067 447 1111 quinymo
484 1068 566 1111 ipsis
603 1064 845 1111 hospitalitates
876 1076 934 1099 seu
964 1076 1132 1112 expensas
1161 1066 1346 1100 huiusmodi
1375 1067 1617 1112 denegantibus
1646 1075 1815 1114 presumat
1844 1070 1978 1114 inferre,

131 1125 190 1159 sub
219 1124 355 1160 obtentu
383 1130 498 1160 nostre
526 1128 652 1170 gracie,
682 1126 866 1159 molestiam
896 1126 948 1160 uel
976 1137 1170 1171 gravamen.
1218 1125 1385 1168 Quocirca
1413 1131 1582 1162 vniuersis
1611 1134 1642 1162 et
1672 1131 1810 1175 singulis
1840 1131 1978 1165 subditis

129 1190 161 1220 et
190 1185 386 1220 officialibus
415 1190 537 1220 nostris
567 1197 627 1232 per
654 1186 849 1231 Morauiam.
887 1190 1114 1233 cuiuscunque
1149 1192 1254 1222 status
1292 1188 1343 1222 uel
1373 1192 1578 1223 auctoritatis
1614 1193 1772 1225 existant.
1802 1196 1865 1226 tam
1896 1204 1979 1238 pre-

130 1235 292 1291 sentibus,
321 1258 417 1293 quam
447 1247 564 1281 futuris
598 1247 737 1281 Seriose
772 1250 972 1293 precipimus
1008 1252 1039 1281 et
1072 1248 1276 1282 mandamus.
1313 1249 1467 1284 volentes
1503 1254 1647 1285 omnino.
1678 1256 1839 1297 quatenus
1869 1257 1977 1287 omnia

130 1312 163 1342 et
191 1308 322 1353 singula
350 1311 502 1354 superius
531 1312 700 1342 contenta.
730 1319 790 1354 per
822 1319 884 1341 nos
918 1308 1043 1342 eisdem
1080 1308 1187 1343 abbati
1223 1314 1254 1343 et
1291 1308 1475 1344 Conuentui
1514 1322 1573 1345 seu
1602 1311 1804 1347 Monasterio
1833 1316 1864 1347 in
1895 1313 1976 1348 Sars

128 1371 315 1414 graciosius
345 1379 511 1402 concessa
540 1373 571 1402 et
600 1369 722 1403 indulta
750 1372 830 1415 ipsis
859 1368 1001 1402 debeant
1036 1372 1235 1404 inconcusse
1272 1374 1442 1417 perpetuis
1479 1372 1681 1418 temporibus
1719 1373 1913 1417 obseruare,
1945 1379 1979 1408 et

129 1432 178 1463 eis
213 1433 329 1464 contra
363 1440 415 1473 ea,
451 1430 506 1464 vel
542 1441 656 1463 eorum
691 1430 812 1475 aliquot
848 1429 944 1463 ullam
980 1429 1115 1473 inferre,
1149 1431 1201 1465 uel
1241 1430 1355 1465 facere
1389 1433 1586 1466 violenciam
1628 1434 1679 1467 uel
1717 1446 1910 1478 granamen.
1940 1435 1976 1469 In

128 1501 265 1536 quorum
299 1493 521 1525 testimonium
557 1495 734 1537 presentes
772 1490 896 1524 litteras
934 1490 1003 1524 sieri
1044 1495 1076 1524 et
1113 1490 1228 1536 Sigillo
1270 1497 1385 1526 nostro
1427 1492 1565 1527 fecimus
1609 1495 1814 1529 communiri.
1858 1495 1975 1530 Datum

127 1551 273 1594 Brunne,
303 1552 402 1585 Anno
430 1551 563 1585 Domini
591 1551 768 1585 Millesimo
798 1551 1048 1585 Trecentesimo
1078 1550 1260 1586 Tricesimo
1282 1552 1423 1587 Octavo.
1444 1553 1526 1588 feria
1547 1559 1661 1600 quarta
1682 1560 1759 1589 ante
1779 1555 1976 1590 dominicam

128 1611 246 1646 Letare
274 1611 459 1646 Jerusalem
489 1614 651 1658 proxima.

435 1683 502 1715 (Das
533 1682 606 1716 Orig.
639 1682 685 1708 auf
711 1682 878 1717 Pergament.
908 1682 1003 1708 dessen
1035 1682 1109 1716 Sigill
1138 1683 1294 1717 abgerissen
1325 1685 1368 1710 ist.
1400 1686 1432 1711 irn
1464 1686 1580 1711 Archive
1609 1686 1751 1712 desselben
1783 1687 1915 1714 Klosters.
1942 1689 1973 1713 im

538 1743 570 1760 m.
604 1738 635 1760 st.
664 1735 876 1761 Landesarchive
905 1735 950 1760 Lit.
981 1735 1012 1759 A.
1047 1743 1071 1760 n.
1105 1733 1152 1761 39.
1184 1735 1361 1770 Abgedruckt
1390 1736 1432 1762 bei
1464 1738 1607 1764 Steinbarh
1639 1738 1667 1763 ll.
1703 1740 1728 1763 S.
1763 1739 1810 1765 65.
1842 1748 1865 1765 n.
1899 1739 1974 1766 XLV.

538 1787 654 1813 Bohmer
677 1787 727 1813 Ad.
755 1787 785 1813 ll.
811 1787 837 1812 S.
865 1786 933 1813 342.
960 1795 983 1812 n.
1011 1786 1074 1819 26.)

1001 1889 1103 1924 191.

126 1959 315 2005 Markyraf
336 1959 426 1993 Kar-I
449 1963 618 2004 qestatlet
646 1961 706 1994 der
734 1960 838 1994 stadt
866 1960 994 2004 Znaym
1022 1959 1076 1992 die
1111 1959 1304 2005 Auslo'suny
1338 1962 1396 1994 (les
1431 1973 1476 1995 an
1510 1962 1694 1996 Bernhard
1720 1975 1783 1996 eon
1815 1964 1973 2010 Cimbra-9

124 2021 367 2065 verpfcz‘ndelen
395 2019 523 2064 Dorfes
552 2020 726 2054 Schattau
753 2022 820 2055 und
852 2021 994 2064 best-eie!
1031 2019 1187 2053 dasselbe
1219 2032 1284 2054 ron
1320 2022 1380 2055 der
1408 2022 1554 2066 Abqabe
1582 2024 1642 2056 der
1671 2023 1787 2057 Berua
1816 2025 1882 2057 mid
1908 2036 1972 2059 von

125 2081 186 2114 der
211 2080 435 2115 lut-indiction
464 2081 524 2115 der
551 2081 583 2115 lc.
612 2081 780 2115 Beamten
807 2082 873 2115 und
901 2081 1058 2114 Prort'nz.
1090 2080 1244 2114 Richter.
1275 2081 1334 2115 Dt.
1364 2082 1513 2125 Brumae.
1541 2085 1607 2127 ser.
1647 2084 1698 2117 ΙἸ.
1728 2088 1808 2117 (mle
1846 2085 1971 2120 Letare

864 2143 943 2183 (20.
973 2141 1092 2183 Mara)
1124 2140 1234 2175 1338.

281 2199 452 2262 Carolus.
490 2219 621 2254 Domini
658 2220 761 2265 Regis
790 2220 947 2254 Bohemie
976 2222 1226 2265 primogenitus,
1254 2218 1402 2255 Marchio
1435 2221 1597 2256 Morauie.
1653 2222 1705 2255 Ad
1742 2225 1970 2258 uniuersorum

125 2282 272 2313 notitiam
307 2279 456 2314 uolumus
491 2284 606 2314 tenore
649 2284 853 2327 presentium
889 2280 1057 2313 deuenire.
1114 2278 1209 2320 Quod
1247 2291 1307 2314 nos
1342 2282 1512 2316 incomoda
1552 2294 1589 2316 ac
1625 2294 1813 2328 pressuras,
1852 2284 1970 2329 quibus

124 2339 233 2374 dilecti
262 2339 357 2374 nobis
387 2339 485 2375 Ciues
513 2340 662 2375 Ciuitatis
699 2346 812 2376 nostre
846 2341 1080 2386 Znoymensis.
1116 2344 1297 2374 occasione
1332 2343 1483 2388 colloquii
1519 2354 1578 2389 per
1612 2342 1764 2378 dilectum
1793 2344 1968 2380 Dominum

124 2405 157 2434 et
184 2403 369 2445 genitorem
398 2406 558 2436 nostrum.
588 2413 662 2435 cum
690 2401 837 2436 Ducibus
867 2403 1004 2436 Austrie
1033 2403 1064 2434 in
1094 2401 1209 2434 cadem
1230 2400 1370 2436 Ciuitate
1398 2403 1524 2449 pridem
1553 2402 1650 2437 habiti
1674 2415 1733 2450 per
1761 2409 1968 2452 repentinam

124 2460 215 2506 Ignis
243 2464 451 2506 uoraginem,
481 2467 576 2507 prout
604 2462 665 2496 hec
695 2463 843 2497 eiusdem
873 2462 1001 2495 Domini
1031 2464 1191 2506 genitoris
1221 2465 1324 2496 nostri
1353 2464 1455 2497 literis
1485 2463 1682 2509 patentibus,
1705 2477 1786 2511 quas
1816 2466 1966 2510 uidimus,

124 2521 400 2556 demonstrarunt.
430 2522 490 2555 lesi
520 2527 595 2556 sunt
622 2526 770 2568 grauiter
798 2529 829 2557 et
858 2522 986 2556 offensi.
1017 2522 1161 2567 benigno
1191 2528 1368 2568 pensantes
1388 2524 1517 2560 affectu.
1539 2527 1653 2570 eisque
1673 2525 1733 2560 sub
1754 2538 1794 2560 eo
1817 2527 1967 2562 uolentes

125 2586 236 2616 nostre
270 2582 494 2616 munificentie
533 2583 677 2617 remedia
719 2585 909 2630 impendere
944 2588 1143 2628 opportuna:
1179 2587 1259 2629 ipsis
1296 2585 1404 2617 villam
1440 2589 1584 2618 nostram
1621 2585 1792 2621 Schattaw
1835 2588 1966 2630 dictam,

1807 2646 1862 2677 lb*
