2184 2828
981 931 1087 966 377.

105 1005 340 1051 Verpfdndunq
368 1008 429 1041 der
461 1007 573 1042 Urbem·
600 1010 632 1041 in
662 1009 725 1042 den
753 1008 1091 1053 Silberberfflverlcen
1119 1009 1291 1043 Balaneas
1310 1010 1378 1043 und
1395 1010 1561 1044 Mcilerens
1581 1012 1649 1055 auf
1660 1012 1715 1045 ein
1734 1011 1825 1045 Jaln·
1848 1023 1958 1057 yeyen.

443 1068 644 1112 Bel-aldana
675 1080 736 1102 ron
767 1069 869 1102 2000
899 1069 1000 1103 Mart·
1028 1069 1174 1103 Silbers.
1205 1081 1235 1103 ο.
1267 1069 1311 1104 D.
1345 1069 1383 1104 0.
1413 1071 1480 1104 mul
1506 1070 1606 1105 Jalm:

256 1125 345 1180 Nos
366 1144 406 1179 Ο.
428 1150 491 1179 etc.
520 1150 630 1180 notum
652 1146 792 1181 facimus
818 1151 882 1181 etc.
918 1147 1004 1193 quod
1021 1175 1028 1181 .
1046 1175 1053 1181 .
1072 1152 1132 1182 et.
1150 1175 1158 1182 .
1173 1148 1231 1182 de.
1250 1147 1423 1182 .urboram
1450 1152 1581 1193 argenti
1603 1149 1788 1184 fodinarum
1808 1154 1871 1184 tam
1900 1162 1959 1196 per

99 1205 286 1240 bohemiam
320 1216 416 1251 quain
450 1209 634 1240 moraviam
670 1207 856 1242 locavimus
890 1219 908 1241 a
946 1208 1030 1242 festo
1066 1207 1154 1242 beati
1186 1208 1273 1242 Petri
1301 1212 1455 1255 proximo
1484 1214 1625 1244 venturo
1655 1221 1762 1256 usque
1789 1222 1849 1256 per
1881 1214 1956 1245 anni

99 1253 259 1300 circulum
287 1267 474 1302 revolutum
504 1278 563 1313 pro
593 1267 719 1302 duobus
748 1268 877 1303 milibus
906 1280 1091 1303 marcarum
1120 1272 1251 1314 argenti
1279 1268 1377 1304 nobis
1397 1270 1437 1304 ab
1458 1270 1602 1304 eisdem.
1621 1275 1688 1305 .et.
1707 1272 1956 1317 ‚persolvendis

99 1329 133 1360 in
162 1330 309 1361 terminis
338 1327 524 1362 subnotatis
553 1328 678 1362 dabunt
706 1332 793 1363 enim
822 1332 855 1363 in
884 1329 971 1363 festo
999 1329 1087 1364 beati
1114 1329 1289 1364 Michaelis
1308 1333 1414 1376 primo
1434 1336 1577 1366 venturo
1597 1335 1797 1377 quingentas
1818 1332 1950 1366 Marcas

98 1386 137 1421 In
165 1387 251 1422 festo
280 1391 461 1422 nativitatis
491 1388 656 1423 dominice
685 1394 840 1424 secuturo
868 1393 1068 1436 quingentas
1096 1390 1230 1425 Marcas
1259 1391 1438 1425 inmediate
1457 1392 1714 1438 quadragesime
1733 1392 1958 1438 subsequente

99 1450 297 1494 quingentas
326 1459 457 1483 marcas
486 1454 519 1483 et
548 1452 579 1482 in
608 1449 696 1484 sesto
725 1454 938 1496 pentecostes
967 1456 1046 1485 tunc
1075 1451 1188 1485 ultimo
1216 1451 1420 1486 succedente
1444 1455 1643 1497 quingentas
1668 1464 1798 1487 marcas
1819 1464 1956 1488 camere

99 1513 215 1543 nostre
245 1509 389 1544 solvent.

981 1615 1088 1651 378.

112 1689 351 1737 Verpsc'z‘ndunq
379 1693 440 1726 der
475 1692 599 1726 Manze
626 1694 660 1725 iu
689 1693 835 1726 Malu-en
865 1704 909 1726 an
936 1693 995 1735 E„
1024 1694 1267 1728 Mam-meister
1291 1696 1326 1728 in
1363 1695 1514 1729 Bolemen
1545 1698 1612 1739 anf
1638 1696 1691 1729 die
1720 1695 1842 1730 Dauer
1869 1698 1962 1730 eines

97 1750 227 1785 Jaleres
244 1763 354 1797 qeqen
374 1752 531 1797 Zalelanq
550 1754 645 1787 eines
666 1753 789 1787 Zinses
807 1765 870 1787 von
900 1754 1003 1787 5000
1036 1754 1201 1788 Talenten
1230 1767 1275 1789 an
1293 1756 1347 1790 die
1366 1755 1398 1790 lc.
1419 1756 1593 1790 Kammer.
1618 1758 1655 1790 0.
1677 1756 1722 1791 D.
1747 1757 1785 1791 0.
1808 1769 1838 1791 u.
1859 1757 1960 1791 Jaler.

255 1810 344 1864 Nos
381 1829 422 1865 Ο.
458 1835 522 1864 etc.
559 1835 671 1865 notum
706 1831 845 1865 facimus
881 1836 944 1865 etc.
974 1831 1061 1876 quod
1098 1832 1219 1866 dilecto
1248 1832 1354 1867 Fideli
1381 1838 1494 1868 nostro
1522 1833 1562 1867 E.
1593 1833 1755 1876 Magistro
1792 1835 1958 1880 quondam

100 1894 234 1924 monete
268 1901 328 1936 per
360 1890 552 1925 Bohemiam
590 1896 756 1926 monetam
784 1891 937 1926 Mei-avie
971 1903 1045 1926 cum
1078 1892 1203 1926 iuribus
1231 1897 1265 1927 et
1302 1893 1431 1927 iudiciis
1464 1894 1705 1940 pertinentibus
1740 1895 1779 1929 ad
1816 1895 1960 1929 eandem

101 1949 287 1985 locavimus
317 1962 469 1998 semper.
487 1979 495 1985 .
513 1980 520 1985 .
634 1955 846 1998 presencium
876 1964 980 1999 nsque
1009 1953 1050 1987 ad
1078 1953 1197 1988 festum
1227 1953 1314 1988 beati
1342 1957 1426 2000 petri
1454 1958 1559 2000 primo
1588 1955 1729 1989 futurum
1767 1961 1799 1990 et
1827 1968 1845 1990 a
1874 1956 1962 1991 festo

100 2008 189 2043 beati
216 2010 303 2045 Petri
332 2023 436 2058 usque
464 2023 524 2058 per
552 2015 648 2046 unius
677 2016 754 2046 anni
783 2014 942 2047 circulum
971 2013 1156 2047 revolutum
1186 2025 1245 2060 pro
1274 2018 1418 2060 quinque
1447 2015 1577 2049 milibus
1606 2017 1807 2050 talentorum
1842 2021 1957 2051 nostre

101 2081 235 2104 camere
266 2074 298 2106 in
327 2072 525 2119 subscriptis
555 2078 696 2119 qnatuor
725 2077 802 2107 anni
832 2074 1034 2120 temporibus
1062 2074 1280 2109 exsolvendis
1316 2074 1414 2109 Dabit
1449 2079 1535 2110 enim
1565 2079 1597 2109 in
1626 2076 1711 2111 sesto
1740 2081 1957 2123 pentecostes

101 2132 256 2176 proximo
284 2137 426 2167 venturo
461 2133 602 2167 ducenta
638 2139 670 2167 et
706 2137 887 2179 quingenta
916 2135 1050 2177 talenta,
1080 2134 1116 2168 In
1146 2134 1232 2169 sesto
1262 2138 1442 2171 nativitatis
1471 2136 1635 2171 dominice
1665 2137 1866 2172 succedente
1895 2143 1959 2172 etc.

103 2189 193 2224 dabit
220 2193 356 2238 insuper
383 2196 416 2227 in
445 2196 555 2228 carnis
585 2196 694 2240 privio
723 2194 853 2228 afuturo
882 2194 998 2229 decem
1027 2195 1184 2230 husiones
1218 2195 1254 2229 In
1285 2196 1369 2231 sesto
1391 2202 1499 2231 autem
1521 2197 1644 2242 pasche
1665 2203 1824 2233 secuturo
1844 2198 1959 2233 decem

103 2261 188 2285 vasa
217 2253 286 2285 vini
314 2256 346 2286 et
373 2253 436 2288 duo
466 2257 606 2288 stamina
636 2254 676 2288 (le
706 2253 861 2288 Skarloto
897 2255 1002 2289 rubeo
1037 2260 1068 2289 et
1107 2260 1182 2289 octo
1210 2255 1405 2291 baldekinos
1430 2263 1464 2291 et
1483 2257 1614 2291 domine
1635 2258 1765 2303 Regine
1785 2259 1961 2294 karissime

102 2313 238 2355 coniugi
267 2316 381 2346 nostre
409 2324 508 2348 unum
537 2319 666 2350 stamen
696 2315 736 2348 de
766 2315 922 2349 Skarloto
956 2320 988 2350 et
1020 2316 1102 2350 duos
1139 2316 1347 2352 baldekinos.
1384 2318 1602 2353 condiciones
1638 2323 1745 2353 autem
1779 2320 1960 2354 locaeionis

104 2373 208 2417 ipsius
237 2376 313 2405 sunt
341 2373 434 2408 tales.
464 2375 623 2409 videlicet
651 2375 735 2420 quod
767 2376 851 2409 idem
880 2375 919 2410 E.
951 2377 1105 2411 emendet
1134 2377 1163 2411 el
1193 2378 1372 2412 emendare
1406 2383 1560 2412 teneatur
1598 2384 1738 2424 argento
1775 2381 1884 2415 taliter
1902 2408 1909 2414 .
1929 2385 1962 2414 ut

103 2431 190 2465 facta
224 2436 479 2478 comparacione
512 2438 606 2470 istius
641 2439 769 2479 argenti
806 2436 891 2481 quod
928 2437 1024 2470 modo
1062 2440 1162 2471 cin-rit
1186 2465 1192 2471 .
1217 2438 1256 2471 ad
1295 2439 1371 2473 illud
1409 2443 1582 2483 argentum
1620 2440 1706 2485 quod
1734 2446 1846 2475 curret
1874 2452 1962 2475 anno

106 2495 269 2538 sequenti,
299 2503 432 2527 marcas
461 2494 545 2530 illius
575 2500 702 2541 argenti
732 2496 818 2542 quod
848 2501 925 2530 tunc
954 2502 1065 2532 curret
1094 2498 1148 2532 vel
1169 2509 1305 2533 currere
1326 2499 1457 2534 debebit
1476 2502 1517 2534 sit
1537 2499 1653 2534 melior
1672 2511 1769 2547 quam
1790 2504 1926 2535 materia
1948 2529 1954 2534 .

106 2563 171 2598 que
199 2564 286 2587 nunc
315 2556 416 2588 currit
445 2565 510 2589 uno
538 2556 605 2591 lot.
623 2557 670 2591 Ita
700 2556 784 2603 quod
814 2561 986 2602 argentum
1017 2558 1115 2592 futuri
1144 2561 1221 2593 anni
1250 2562 1282 2593 in
1311 2570 1350 2594 ea
1380 2563 1560 2606 quantitate
1588 2559 1742 2596 bonitatis
1763 2573 1822 2607 per
1850 2561 1964 2608 depu-
