2184 2828
1007 67 1079 101 973

259 185 317 220 Ut
352 190 461 220 autem
498 186 646 232 predicta
682 185 824 220 babeant
862 185 962 219 robur
999 189 1159 230 perpetue
1203 184 1364 219 firmitatis
1404 190 1594 231 presentem
1637 187 1777 220 litteram
1823 186 1972 233 predicto

122 249 328 282 monasterio
359 246 515 280 tradimus
543 247 724 291 sigillorum
756 251 941 280 nostrorum
972 248 1150 279 munimine
1179 249 1424 280 communitam.

273 307 394 341 Testes
424 312 487 341 etc.
518 307 639 341 Actum
671 312 733 341 etc.

570 421 741 465 Incipiunt
767 422 1044 465 protestat-iones
1072 430 1174 464 supet·
1202 420 1347 453 (liversis
1377 420 1524 454 casibus.

272 489 312 523 H.
343 489 405 523 Dei
440 492 552 534 gracia
584 494 647 523 etc.
681 489 944 536 Vnumquodque
973 494 1034 523 etc.
1066 493 1241 524 venientes
1271 490 1310 522 ad
1341 495 1487 524 nostram
1518 494 1726 536 presenciam
1756 494 1848 526 ciues
1878 492 1963 526 de..

117 554 362 597 proposuerunt
392 561 505 584 coram
534 550 630 585 nobis
662 556 724 585 tam
755 562 798 584 ex
833 555 926 596 parte
962 551 1076 584 iudicis
1105 554 1284 584 iuratorum
1315 555 1346 584 et
1376 554 1600 586 vniuersitatis
1630 552 1759 587 ciuibus
1787 549 1839 587 11‘1.
1858 564 1972 599 .quam

61 643 71 659 2
117 622 162 645 ex
195 616 288 657 parte
325 611 604 645 commendatoris
641 611 820 657 de..quod
855 622 898 646 ex
933 623 972 645 eo
1013 614 1085 656 quia
1122 613 1152 645 in
1184 623 1248 644 vna
1285 611 1400 645 eadem
1432 612 1512 646 feria
1542 613 1773 648 celebrabatur
1802 614 1909 649 forum
1939 617 1972 648 in

119 672 234 706 eadem
263 674 399 705 ciuitate
429 676 460 705 et
488 675 538 705 in.
558 673 736 706 .invtilitas
767 671 928 705 dictorum
971 672 1117 705 locorum
1153 671 1425 706 inhabitatoribus
1455 674 1660 719 emergebat7
1691 686 1765 709 eum
1795 675 1972 722 vtrobique

117 735 224 766 minus
259 732 357 778 plena
392 732 568 766 vendenda
613 737 643 766 et
679 733 818 766 emenda
856 736 1048 766 necessaria
1085 732 1289 766 deferentur.
1327 732 1537 780 Quapropter
1565 739 1738 781 pecierunt
1767 748 1785 770 a
1814 736 1910 771 nobis
1938 741 1973 771 ut

117 803 232 827 eorum
269 792 473 836 Vtilitatibus‚
509 797 543 827 ut
577 798 730 827 tenemur
765 793 918 838 benignis
954 793 1162 827 intendentes
1201 793 1270 826 dies
1301 793 1455 828 forenses
1484 796 1746 831 transferrentur
1774 800 1806 831 in
1835 800 1972 832 terciam

116 852 235 888 feriam
264 858 298 888 et
325 853 471 898 qualibet
499 856 602 888 tercia
632 854 716 888 seria
745 854 974 888 celebraretur
1002 854 1107 888 forum
1139 858 1187 887 in.
1207 857 1307 888 .sicut
1343 855 1485 901 qnalibet
1521 856 1602 891 feria
1633 858 1780 892 secunda
1810 858 1972 893 celebrari

116 919 341 949 consueuerat
369 914 540 948 admittere
569 914 704 948 debere.

271 974 340 1010 Nos
369 980 477 1009 autem
508 976 724 1022 peticionibus
759 979 904 1021 ipsorum
940 976 1154 1010 fauorabilem
1185 981 1372 1022 prestantes
1410 989 1584 1013 assensum
1619 980 1818 1016 admittimus
1853 987 1972 1017 tenore

116 1039 281 1084 presentis
314 1037 478 1083 priuilegii
521 1036 656 1070 firmiter
691 1041 876 1071 statuentes
911 1037 996 1083 quod
1035 1037 1078 1071 ibi
1117 1037 1223 1071 forum
1260 1038 1430 1072 seria.IlI²¹
1467 1040 1695 1075 celebraretur
1743 1043 1902 1090 deinceps
1941 1049 1973 1078 et

116 1097 239 1132 debeat
281 1097 443 1131 celebrari
487 1098 548 1131 sub
590 1109 629 1132 ea
665 1098 770 1132 forma
809 1103 840 1132 et
875 1098 999 1132 iuribus
1035 1098 1151 1144 quibus
1194 1099 1342 1133 secunda
1385 1099 1467 1134 feria
1498 1100 1603 1136 forum
1639 1109 1834 1137 consuetum
1866 1104 1972 1139 fuerat

115 1157 279 1193 hactenus
307 1158 522 1192 celebratum.

272 1218 469 1254 Mandantes
517 1222 685 1254 vniuersis
732 1224 763 1253 et
806 1220 944 1264 singulis
998 1220 1054 1254 so-
1090 1221 1104 1259 t
1210 1220 1225 1266 ]
1264 1232 1298 1254 ra
1334 1221 1548 1266 frequentare
1596 1225 1858 1260 solemnitatibus
1906 1232 1971 1262 tam

115 1279 329 1326 presentibus
358 1292 452 1327 quam
483 1280 600 1314 futuris
630 1280 719 1325 Ergo
751 1281 790 1315 de
820 1285 933 1315 cetero
964 1281 1110 1315 secunda
1140 1281 1222 1315 feria
1244 1285 1293 1315 in.
1314 1282 1370 1316 .ad
1392 1283 1579 1317 faciendum
1600 1285 1705 1319 sorum
1728 1298 1793 1320 non
1822 1290 1971 1332 veniant7

114 1341 174 1376 sed
202 1340 285 1376 feria
313 1344 415 1375 tercia
445 1341 485 1374 ad
515 1341 690 1375 emendum
722 1341 796 1375 illuc
825 1346 857 1375 et
886 1341 1096 1376 vendendum
1127 1342 1269 1376 debeant
1299 1344 1477 1389 proficisci.

912 1455 999 1489 Rata·
1025 1455 1172 1489 laabin-io.

267 1523 350 1559 Nos.
392 1524 444 1559 W.
481 1529 543 1558 etc.
584 1529 698 1557 tenore
734 1527 946 1569 presencium
976 1526 1168 1571 profitemur
1196 1526 1281 1572 quod
1312 1527 1390 1560 licet
1418 1538 1520 1574 opera
1551 1531 1682 1575 pietatis
1712 1541 1777 1564 non
1808 1534 1970 1566 immerito

112 1584 336 1631 abprobemus
364 1586 416 1620 illa
446 1590 554 1619 tamen
585 1588 740 1631 precipue
770 1596 833 1631 que
862 1597 1006 1631 persone
1035 1586 1130 1620 nobis
1160 1590 1331 1621 carissime
1362 1593 1546 1623 statuerunt
1575 1593 1663 1624 circa
1694 1591 1776 1625 tales
1805 1603 1969 1637 personas

111 1656 249 1691 quarum
279 1646 332 1681 hic
360 1647 545 1692 deposcunt
574 1657 664 1679 mera
695 1649 870 1680 sinceritas
900 1651 998 1692 alque
1035 1647 1114 1680 litles
1143 1650 1173 1681 in
1205 1659 1264 1682 sua
1294 1648 1500 1683 durabilitate
1530 1654 1710 1696 persistere
1753 1656 1903 1698 cupiinus
1939 1658 1971 1687 et

110 1710 240 1752 uigore.
275 1707 355 1742 Cum
391 1711 499 1752 itaque
534 1707 619 1740 dicta
655 1707 855 1751 illaryare'la
902 1707 1064 1753 quondam
1100 1709 1210 1742 inclita
1247 1713 1363 1751 regina
1400 1712 1574 1754 Boleemz'Q
1614 1712 1700 1746 bone
1730 1717 1890 1748 memorie
1919 1715 1971 1748 4¹¹¹

109 1768 205 1802 uillas
234 1768 276 1802 de
303 1768 408 1803 libera
437 1769 611 1802 contulerit
639 1769 876 1802 uoluntatc.P.
908 1773 939 1802 et
970 1769 1006 1802 C.
1038 1769 1079 1803 ob
1110 1781 1223 1804 eorum
1254 1771 1420 1806 fidelitatis
1449 1776 1566 1806 merita
1588 1778 1617 1807 et
1640 1777 1782 1808 seruicia
1803 1779 1969 1809 retroacta

110 1839 172 1864 nos
219 1829 369 1863 eamdem
416 1829 676 1863 collocacionem
725 1834 827 1863 ratam
875 1834 907 1863 et
953 1834 1080 1875 gratam
1129 1830 1253 1865 babere
1290 1833 1441 1867 nolentes
1486 1837 1601 1879 ipsam.
1640 1838 1837 1869 auctoritate
1875 1839 1968 1881 regia

110 1889 358 1925 confirmamus.

264 1950 302 1986 In
331 1954 425 1986 cuius
454 1950 721 1985 confirmacionis
751 1956 867 1986 nostre
897 1954 1119 1987 testimonium
1150 1958 1327 1999 presentes
1358 1956 1551 1989 mandamus
1581 1957 1719 2001 sigillari
1740 1957 1868 1991 litteras
1895 1969 1969 1991 cum

111 2015 335 2046 annotacione
364 2015 495 2046 testium
525 2015 578 2058 qui
609 2016 685 2046 sunt
714 2017 778 2046 etc.

817 2126 947 2160 Littera
975 2129 1266 2162 assecuraciom's.

266 2193 428 2230 Nouerint
468 2199 628 2235 vuinersi,
667 2198 898 2241 cognicionem
946 2200 1150 2243 presentium
1184 2200 1318 2244 potituri
1354 2191 1440 2245 quod
1479 2199 1612 2233 nost.
1651 2200 1701 2234 dei
1744 2204 1858 2245 gracia
1902 2207 1964 2236 etc.

108 2253 337 2289 venerabilem
371 2259 402 2290 in
436 2256 565 2290 Christo
604 2257 769 2291 dominum
805 2262 933 2303 patrem
972 2258 1363 2305 Paulum.‚episcopum
1400 2263 1539 2293 amicum
1580 2265 1728 2295 nostrum
1758 2265 1965 2296 carissimum

109 2315 149 2349 ad
178 2319 325 2349 nostram
354 2318 590 2362 procedentem
621 2321 830 2364 presenciam
862 2329 935 2351 cum
965 2321 1121 2353 comitiua
1151 2330 1211 2353 sua
1241 2320 1331 2353 totali
1360 2321 1538 2354 reddentes
1569 2332 1708 2355 securos
1743 2325 1775 2356 in
1812 2326 1966 2369 personis

108 2380 142 2410 et
168 2375 270 2410 rebus
298 2378 445 2422 ipsorum
474 2379 625 2413 omnibus
655 2391 671 2412 a
701 2379 796 2413 nobis
826 2383 857 2413 et
886 2383 1007 2414 nostris
1037 2379 1188 2414 omnibus
1226 2381 1383 2415 veniendi
1423 2382 1462 2415 ad
1493 2393 1552 2415 nos
1582 2387 1617 2416 et
1651 2394 1775 2417 moran]
1814 2384 1965 2418 trahendi

107 2447 168 2482 pro
197 2447 258 2471 suo
286 2436 379 2470 libito
408 2441 496 2472 circa
525 2451 586 2474 nos
617 2445 649 2474 et
678 2439 837 2474 redeundi
867 2451 884 2474 a
914 2444 1044 2487 propria
1083 2441 1215 2487 quando
1251 2442 1413 2488 expedire
1449 2442 1615 2476 uidebitur
1652 2448 1684 2477 et
1720 2444 1781 2478 sibi
1823 2445 1965 2491 placebit

108 2497 212 2531 saluis
241 2508 300 2531 sua
331 2503 363 2531 et
392 2509 524 2533 suorum
553 2505 707 2547 personis
745 2513 784 2534 ac
814 2500 924 2541 rebus,
955 2501 1014 2536 sub
1043 2503 1159 2537 eadem
1190 2507 1451 2537 assecuracionc
1481 2508 1511 2537 et
1541 2504 1706 2538 conductu
1737 2509 1851 2539 nostro
1888 2506 1965 2552 ple-

106 2568 183 2592 nam
212 2558 429 2593 concedimus
458 2559 659 2605 facultatem,
690 2565 901 2608 presencium
932 2566 1122 2597 testimonio
1151 2564 1356 2607 litterarumz,
1388 2569 1539 2611 petentes
1569 2564 1753 2600 affectuose
1782 2566 1963 2612 predictum

1765 2626 1818 2654 123
