2184 2828
1004 85 1077 119 917

115 205 249 248 dicitur,
284 208 455 238 transeunt
492 215 614 238 versus
650 204 758 238 villam
794 203 977 247 Grussene,
1016 207 1049 237 et
1087 202 1206 237 abinde
1244 205 1275 236 in
1305 201 1482 237 Ostravam
1518 203 1669 246 ssuvium³
1707 206 1760 248 qui
1788 214 1895 249 usque
1923 203 1964 238 ad

116 268 273 300 terminos
311 269 420 298 terrae
452 264 620 309 Ungariae
658 264 873 311 protenditur.
911 264 1145 298 discurrentes.
1189 262 1231 296 Et
1266 263 1342 297 licet
1377 263 1565 308 hujusmodi
1600 269 1759 298 metarum
1799 264 1964 299 distinctio

117 325 292 370 cujuslibet
321 325 538 360 dissensionis
569 325 742 371 scrupulos
773 325 976 359 sufficienter
1004 327 1091 359 inter
1118 335 1180 358 nos
1208 328 1241 357 et
1270 324 1389 358 dictum
1419 324 1586 359 dominum
1616 324 1732 359 ducem
1767 329 1878 371 sopire
1906 328 1965 360 vi—

115 386 241 429 deatur‚
271 390 380 420 tamen
409 386 449 419 ad
477 386 799 433 superabundantem
829 386 991 420 cautelam
1021 390 1054 419 et
1080 396 1191 419 rerum
1219 389 1389 429 gestarum
1420 385 1595 420 clariorem
1627 387 1716 428 (sie)
1741 391 1837 431 atque
1865 389 1964 420 etiam

113 451 149 480 ut
176 446 376 480 concordiae
403 449 491 489 unio.
521 459 583 493 qna
612 458 684 480 cum
714 443 886 492 praedicto
914 449 1063 492 principe
1099 456 1211 480 sumus
1246 447 1390 479 invicem
1420 449 1559 488 couniti,
1595 445 1767 480 stabilibus
1801 449 1966 480 amicitIae

112 507 300 552 ligamentis
329 506 369 540 ad
397 510 566 553 utriusque
595 512 742 541 nostrum
762 512 918 553 posteros
939 506 1171 549 transferatur,
1191 505 1301 549 vium,
1323 517 1404 552 quas
1425 511 1533 540 metae
1553 509 1722 540 continent
1743 507 1965 552 supradictae,

112 570 254 614 propriis
281 566 454 602 vocabulis
484 568 636 602 duximus
666 567 911 614 exprimendas.
944 566 1017 608 Que
1045 571 1120 601 sunt
1148 566 1209 601 hae
1232 571 1296 600 etc.
1317 571 1350 600 et
1370 568 1455 601 aliae
1475 567 1586 613 plures
1605 568 1716 611 villaer
1739 579 1820 614 quas
1841 568 1964 602 distin-

112 633 217 674 guunt
244 629 361 662 limites
377 628 566 675 supradicti.
587 628 693 663 Metas
723 628 875 674 equidem
905 628 1112 674 supradictas
1141 626 1354 661 inviolabiter
1372 627 1571 662 intendimus
1593 639 1745 672 servare,
1764 630 1857 673 juxta
1878 628 1964 674 quod

112 692 203 736 ipsas
231 689 400 734 distinguit
421 693 453 722 et
476 688 648 735 specificat
676 692 783 724 series
811 691 1104 735 praescriptorum.
1133 687 1170 722 In
1199 690 1293 732 cujus
1321 691 1370 722 rei
1399 692 1621 723 testimonium
1650 693 1715 723 etc.

421 759 548 794 (l'alaclq'¹
574 760 639 785 uber
662 760 871 786 Formelbncher
896 759 914 786 l.
938 759 1090 793 Lieferung⁴
1115 759 1142 785 S.
1169 758 1239 787 300.
1265 768 1290 786 n.
1316 758 1381 793 89.)

989 905 1096 940 371.

114 983 239 1027 Beselzl
264 994 307 1018 an
335 983 399 1017 den
430 983 693 1017 Gemeinderath
722 994 784 1017 con
815 983 915 1026 Satz-7
944 984 1024 1017 dass
1051 985 1102 1016 sie
1131 985 1229 1017 einen
1257 994 1319 1017 con
1349 983 1412 1017 den
1442 983 1614 1029 Scleo'pfen
1645 996 1717 1018 zum
1739 984 1873 1029 Koniye
1892 983 1964 1018 ab-

839 1045 974 1078 semion.
1005 1055 1035 1078 ο.
1065 1043 1110 1078 D.
1141 1056 1171 1077 u.
1201 1043 1235 1077 J.

265 1101 391 1157 Vobis
425 1125 574 1169 paternis
607 1126 639 1156 et
671 1124 792 1156 nostris
828 1121 992 1165 fidelibus,
1026 1121 1130 1167 judici
1167 1127 1201 1156 et
1230 1123 1352 1166 juratis
1390 1125 1422 1156 in
1458 1122 1563 1165 Sacz„
1602 1126 1800 1157 auctoritate
1827 1124 1964 1158 illustris

111 1181 152 1216 D.
173 1181 286 1216 Karoli
306 1181 479 1217 Moraviae
505 1182 707 1216 marchionis
732 1182 845 1216 fratris
865 1185 970 1217 nostri
999 1185 1159 1217 carissimi
1189 1187 1289 1229 atque
1318 1188 1434 1218 nostra
1462 1186 1685 1230 praecipimus
1714 1188 1747 1218 et
1772 1184 1966 1219 mandamus

110 1242 246 1277 firmiter
281 1247 313 1277 et
347 1246 501 1289 praecise
538 1246 671 1277 omnino
704 1243 880 1286 volentes,
917 1248 1080 1289 quatenus
1119 1243 1303 1278 secundnm
1337 1243 1422 1290 quod
1452 1256 1470 1278 a
1508 1243 1640 1278 domino
1668 1248 1820 1289 genitore
1848 1248 1962 1279 nostro

111 1303 241 1338 habetis
277 1305 310 1337 in
344 1303 524 1347 mandatis5
560 1315 659 1338 unum
696 1314 739 1337 ex
778 1302 924 1338 scabinis
957 1308 990 1337 et
1024 1314 1090 1337 non
1119 1303 1216 1337 alium
1251 1304 1290 1338 ad
1323 1308 1430 1351 ipsum
1458 1307 1645 1349 genitorem
1676 1309 1823 1339 nostruin
1853 1308 1962 1340 statim

109 1366 193 1398 visis
221 1363 452 1410 praesentibus
482 1368 705 1398 transmittere
725 1364 912 1398 nullatenus
933 1364 1124 1407 olmnttatis,
1146 1367 1233 1398 sicut
1252 1364 1514 1410 indignationem
1535 1368 1639 1411 ipsius
1661 1365 1781 1400 domini
1803 1369 1964 1411 genitoris

111 1427 215 1458 nostri
243 1429 341 1470 atque
369 1429 515 1459 nostram
544 1428 780 1470 gravissimam
807 1425 917 1459 velnis
947 1428 1088 1459 evitare.

418 1495 549 1529 (Palacky
574 1496 642 1522 uber
665 1495 875 1522 Forinelbuclier
898 1495 918 1521 I.
943 1495 1086 1529 Lieserung
1111 1496 1138 1522 S.
1165 1494 1236 1522 256.
1261 1496 1318 1523 Fol.
1343 1496 1377 1522 St
1408 1502 1446 1529 a.)

991 1641 1097 1676 372.

266 1699 348 1753 Ein
376 1719 462 1754 Herr
489 1719 635 1754 Wznata
663 1719 798 1754 ersucht
827 1719 885 1754 das
915 1719 992 1754 Stift
1024 1719 1205 1765 Welegrad
1233 1723 1265 1754 in
1294 1719 1432 1754 Mahren
1461 1732 1515 1754 um
1545 1721 1597 1754 die
1628 1720 1819 1755 Aufnahme
1850 1723 1963 1756 seines

112 1781 406 1826 „protonotarius“
443 1780 594 1824 Johann,
633 1779 745 1815 wofiir
778 1791 815 1814 er
843 1780 915 1814 sich
944 1779 1095 1824 crffietet,
1134 1780 1186 1815 bei
1219 1780 1292 1815 dem
1323 1780 1454 1826 Konige
1482 1781 1547 1816 und
1579 1781 1764 1816 besonders
1803 1781 1854 1816 bei
1890 1782 1964 1817 dem

109 1839 326 1886 Markgrafen
356 1841 405 1875 ihr
434 1841 553 1875 Bestes
583 1853 622 1875 zu
651 1840 843 1875 bel'tirdern.
875 1840 914 1875 Ο.
945 1841 985 1875 D.
1016 1853 1047 1875 u.
1077 1841 1107 1875 J.

419 1912 548 1944 [Patacky
573 1912 639 1937 uber
663 1911 873 1938 Formelbutlier
897 1912 913 1938 1,
938 1911 1090 1945 Licserung.
1117 1913 1143 1940 S,
1169 1912 1240 1940 259.
1266 1912 1322 1939 fot.
1349 1912 1387 1938 25)
1414 1913 1454 1945 li.)

980 2057 1087 2092 373.

110 2133 424 2170 Ersuchsckreiben
453 2148 497 2170 an
525 2136 578 2170 die
608 2136 781 2170 Rectoren
809 2136 870 2169 der
900 2134 1028 2169 Schule
1055 2147 1129 2169 z-um
1157 2135 1188 2170 h.
1218 2136 1386 2171 Benedici
1419 2139 1452 2171 2¹12
1483 2137 1587 2182 Ρνηῃς
1619 2148 1732 2182 vreqen
1762 2137 1962 2183 Forderunq

109 2194 177 2228 und
199 2193 463 2242 Unlerstu'tzuny
483 2197 544 2230 der
566 2196 737 2230 Olmiilzer
752 2196 998 2241 Baryerso'lme
1017 2196 1184 2231 Heinrich
1204 2209 1234 2231 τι.
1257 2197 1423 2232 Νἱοοίαιιε
1443 2200 1476 2232 in
1492 2199 1587 2232 ihren
1609 2197 1752 2232 Studien
1769 2209 1799 2232 o.
1818 2197 1861 2232 D.
1879 2211 1911 2232 u.
1928 2199 1962 2233 J.

263 2251 540 2309 Honorabilibus
583 2278 675 2317 virisff
713 2274 852 2308 dominis
887 2274 1072 2309 rectoribus
1106 2275 1219 2309 scolae
1258 2275 1293 2309 S.
1328 2275 1500 2311 Benedicti
1536 2279 1567 2310 in
1607 2276 1733 2322 Praga,
1763 2277 1903 2311 salutem
1933 2281 1964 2312 et

109 2334 285 2366 amicitiam
314 2335 490 2368 sinceram.
521 2335 605 2369 Sunt
633 2335 762 2381 quidam
791 2335 951 2378 scolares,
981 2335 1051 2370 scil.
1073 2335 1248 2370 Heinricus
1277 2341 1311 2370 et
1339 2336 1498 2372 Nicolaus
1529 2336 1569 2370 de
1599 2336 1760 2372 Olmuncz
1787 2336 1841 2372 filii
1871 2349 1961 2372 con-

109 2394 229 2426 civium
264 2396 463 2437 nostrorum,
498 2399 551 2442 qni
589 2408 627 2430 se
661 2396 701 2430 ad
733 2399 900 2430 civitatem
943 2400 1088 2430 vestram
1123 2408 1224 2431 causa
1264 2397 1361 2431 studii
1406 2403 1438 2432 et
1483 2397 1677 2444 disciplinae
1711 2399 1961 2432 transtulerunt.

110 2451 221 2494 Quare
240 2457 377 2500 propter
396 2465 543 2491 amorem
571 2462 716 2492 vestram
745 2456 899 2491 duximus
928 2457 1177 2504 supplicandam
1209 2459 1314 2502 (sic),
1343 2464 1506 2505 quatenus
1533 2461 1636 2493 nostri
1661 2461 1813 2505 perpetui
1833 2461 1964 2493 servitii

106 2515 235 2557 intuitu‚
265 2516 292 2548 si
320 2524 402 2560 opus
431 2516 628 2551 studentium
658 2517 742 2564 apud
772 2528 834 2551 vos
864 2517 968 2559 lieret5
999 2521 1088 2564 ipsos
1119 2521 1149 2552 in
1181 2529 1242 2552 suo
1270 2519 1378 2554 studio
1413 2522 1495 2554 tneri
1521 2518 1702 2563 dignemini
1738 2518 1960 2553 defendendo.

427 2577 553 2611 (Patacky
578 2579 643 2605 iiber
666 2579 876 2606 Formelbncber
899 2578 918 2606 1.
943 2578 1085 2614 Lieserung
1109 2580 1135 2606 S.
1163 2580 1233 2606 257.
1259 2581 1316 2609 Fot.
1341 2582 1380 2608 82
1406 2582 1447 2613 b.)

1802 2633 1857 2659 llti
