<?xml version="1.0" encoding="UTF-8"?>
<!DOCTYPE html PUBLIC "-//W3C//DTD XHTML 1.0 Transitional//EN"
    "http://www.w3.org/TR/xhtml1/DTD/xhtml1-transitional.dtd">
<html xmlns="http://www.w3.org/1999/xhtml" xml:lang="en" lang="en">
 <head>
  <title>
</title>
<meta http-equiv="Content-Type" content="text/html;charset=utf-8" />
  <meta name='ocr-system' content='tesseract 3.04.00' />
  <meta name='ocr-capabilities' content='ocr_page ocr_carea ocr_par ocr_line ocrx_word'/>
</head>
<body>
  <div class='ocr_page' id='page_1' title='image "./codexdiplomaticu07morauoft/codexdiplomaticu07morauoft_1101.png"; bbox 0 0 2184 2828; ppageno 0'>
   <div class='ocr_carea' id='block_1_1' title="bbox 106 83 1952 1520">
    <p class='ocr_par' dir='ltr' id='par_1_1' title="bbox 996 83 1068 116">
     <span class='ocr_line' id='line_1_1' title="bbox 996 83 1068 116; baseline -0.014 0"><span class='ocrx_word' id='word_1_1' title='bbox 996 83 1068 116; x_wconf 73' lang='lat'>965</span> 
     </span>
    </p>

    <p class='ocr_par' dir='ltr' id='par_1_2' title="bbox 107 199 1952 1034">
     <span class='ocr_line' id='line_1_2' title="bbox 112 199 1951 247; baseline -0.002 -12"><span class='ocrx_word' id='word_1_2' title='bbox 112 200 455 242; x_wconf 52' lang='lat' dir='ltr'>concordareqforsan</span> <span class='ocrx_word' id='word_1_3' title='bbox 487 212 551 235; x_wconf 91' lang='lat' dir='ltr'>non</span> <span class='ocrx_word' id='word_1_4' title='bbox 586 204 727 247; x_wconf 77' lang='lat' dir='ltr'>poterint</span> <span class='ocrx_word' id='word_1_5' title='bbox 757 203 786 233; x_wconf 93' lang='lat' dir='ltr'>in</span> <span class='ocrx_word' id='word_1_6' title='bbox 817 200 1048 233; x_wconf 82' lang='lat' dir='ltr'>dissencienda</span> <span class='ocrx_word' id='word_1_7' title='bbox 1078 205 1109 233; x_wconf 90' lang='lat' dir='ltr'>et</span> <span class='ocrx_word' id='word_1_8' title='bbox 1137 199 1324 233; x_wconf 83' lang='lat' dir='ltr'>diffinienda</span> <span class='ocrx_word' id='word_1_9' title='bbox 1353 203 1587 244; x_wconf 82' lang='lat' dir='ltr'>cuiuscumque</span> <span class='ocrx_word' id='word_1_10' title='bbox 1617 199 1833 233; x_wconf 84' lang='lat' dir='ltr'>dissensionis</span> <span class='ocrx_word' id='word_1_11' title='bbox 1874 211 1951 233; x_wconf 76' lang='lat' dir='ltr'>ma·-</span> 
     </span>
     <span class='ocr_line' id='line_1_3' title="bbox 112 260 1950 308; baseline -0.001 -13"><span class='ocrx_word' id='word_1_12' title='bbox 112 265 205 303; x_wconf 73' lang='lat' dir='ltr'>teria,</span> <span class='ocrx_word' id='word_1_13' title='bbox 244 262 380 306; x_wconf 83' lang='lat' dir='ltr'>elegere</span> <span class='ocrx_word' id='word_1_14' title='bbox 416 261 614 295; x_wconf 88' lang='lat' dir='ltr'>tenebuntur</span> <span class='ocrx_word' id='word_1_15' title='bbox 655 271 831 308; x_wconf 83' lang='lat' dir='ltr'>personam</span> <span class='ocrx_word' id='word_1_16' title='bbox 868 264 1039 306; x_wconf 75' lang='lat' dir='ltr'>septimam</span> <span class='ocrx_word' id='word_1_17' title='bbox 1082 271 1145 307; x_wconf 91' lang='lat' dir='ltr'>que</span> <span class='ocrx_word' id='word_1_18' title='bbox 1186 271 1252 294; x_wconf 88' lang='lat' dir='ltr'>vna</span> <span class='ocrx_word' id='word_1_19' title='bbox 1285 271 1358 294; x_wconf 89' lang='lat' dir='ltr'>cum</span> <span class='ocrx_word' id='word_1_20' title='bbox 1395 263 1443 294; x_wconf 93' lang='lat' dir='ltr'>eis</span> <span class='ocrx_word' id='word_1_21' title='bbox 1472 260 1714 294; x_wconf 72' lang='lat' dir='ltr'>dissensionem</span> <span class='ocrx_word' id='word_1_22' title='bbox 1745 272 1950 307; x_wconf 72' lang='lat' dir='ltr'>quecumque</span> 
     </span>
     <span class='ocr_line' id='line_1_4' title="bbox 110 320 1950 366; baseline -0.001 -10"><span class='ocrx_word' id='word_1_23' title='bbox 110 332 239 356; x_wconf 88' lang='lat' dir='ltr'>emersa</span> <span class='ocrx_word' id='word_1_24' title='bbox 270 321 365 355; x_wconf 85' lang='lat' dir='ltr'>fuerit</span> <span class='ocrx_word' id='word_1_25' title='bbox 394 321 530 356; x_wconf 87' lang='lat' dir='ltr'>diffiniat</span> <span class='ocrx_word' id='word_1_26' title='bbox 559 327 590 356; x_wconf 89' lang='lat' dir='ltr'>et</span> <span class='ocrx_word' id='word_1_27' title='bbox 619 321 759 357; x_wconf 83' lang='lat' dir='ltr'>decidat.</span> <span class='ocrx_word' id='word_1_28' title='bbox 790 332 904 355; x_wconf 80' lang='lat' dir='ltr'>amore</span> <span class='ocrx_word' id='word_1_29' title='bbox 932 322 983 355; x_wconf 90' lang='lat' dir='ltr'>uel</span> <span class='ocrx_word' id='word_1_30' title='bbox 1013 324 1139 355; x_wconf 84' lang='lat' dir='ltr'>iusticia</span> <span class='ocrx_word' id='word_1_31' title='bbox 1167 320 1345 364; x_wconf 54' lang='lat' dir='ltr'>mediante„</span> <span class='ocrx_word' id='word_1_32' title='bbox 1375 320 1613 354; x_wconf 88' lang='lat' dir='ltr'>consuetudine</span> <span class='ocrx_word' id='word_1_33' title='bbox 1641 324 1746 366; x_wconf 87' lang='lat' dir='ltr'>patrie</span> <span class='ocrx_word' id='word_1_34' title='bbox 1775 332 1832 355; x_wconf 86' lang='lat' dir='ltr'>seu</span> <span class='ocrx_word' id='word_1_35' title='bbox 1858 326 1950 355; x_wconf 79' lang='lat' dir='ltr'>terre</span> 
     </span>
     <span class='ocr_line' id='line_1_5' title="bbox 112 381 1950 428; baseline -0.001 -12"><span class='ocrx_word' id='word_1_36' title='bbox 112 382 274 425; x_wconf 55' lang='lat' dir='ltr'>Bawanie</span> <span class='ocrx_word' id='word_1_37' title='bbox 310 382 522 428; x_wconf 88' lang='lat' dir='ltr'>comprobata</span> <span class='ocrx_word' id='word_1_38' title='bbox 558 387 590 416; x_wconf 87' lang='lat' dir='ltr'>et</span> <span class='ocrx_word' id='word_1_39' title='bbox 623 394 682 428; x_wconf 87' lang='lat' dir='ltr'>per</span> <span class='ocrx_word' id='word_1_40' title='bbox 716 385 823 415; x_wconf 87' lang='lat' dir='ltr'>omnia</span> <span class='ocrx_word' id='word_1_41' title='bbox 861 382 1090 415; x_wconf 85' lang='lat' dir='ltr'>conseruanda</span> <span class='ocrx_word' id='word_1_42' title='bbox 1126 381 1161 415; x_wconf 91' lang='lat' dir='ltr'>Si</span> <span class='ocrx_word' id='word_1_43' title='bbox 1190 381 1318 427; x_wconf 91' lang='lat' dir='ltr'>quidem</span> <span class='ocrx_word' id='word_1_44' title='bbox 1349 382 1387 415; x_wconf 88' lang='lat' dir='ltr'>ad</span> <span class='ocrx_word' id='word_1_45' title='bbox 1418 381 1479 415; x_wconf 85' lang='lat' dir='ltr'>bec</span> <span class='ocrx_word' id='word_1_46' title='bbox 1508 381 1622 415; x_wconf 88' lang='lat' dir='ltr'>eodem</span> <span class='ocrx_word' id='word_1_47' title='bbox 1653 393 1795 427; x_wconf 83' lang='lat' dir='ltr'>persone</span> <span class='ocrx_word' id='word_1_48' title='bbox 1825 387 1950 428; x_wconf 87' lang='lat' dir='ltr'>septem</span> 
     </span>
     <span class='ocr_line' id='line_1_6' title="bbox 110 441 1950 488; baseline 0 -13"><span class='ocrx_word' id='word_1_49' title='bbox 110 453 247 476; x_wconf 88' lang='lat' dir='ltr'>numero</span> <span class='ocrx_word' id='word_1_50' title='bbox 287 452 353 476; x_wconf 93' lang='lat' dir='ltr'>non</span> <span class='ocrx_word' id='word_1_51' title='bbox 386 447 523 488; x_wconf 83' lang='lat' dir='ltr'>possent</span> <span class='ocrx_word' id='word_1_52' title='bbox 565 443 616 476; x_wconf 90' lang='lat' dir='ltr'>uel</span> <span class='ocrx_word' id='word_1_53' title='bbox 654 443 774 476; x_wconf 87' lang='lat' dir='ltr'>uellent</span> <span class='ocrx_word' id='word_1_54' title='bbox 807 441 944 475; x_wconf 74' lang='lat' dir='ltr'>forsitan</span> <span class='ocrx_word' id='word_1_55' title='bbox 981 442 1186 476; x_wconf 87' lang='lat' dir='ltr'>concordare</span> <span class='ocrx_word' id='word_1_56' title='bbox 1227 453 1285 476; x_wconf 90' lang='lat' dir='ltr'>seu</span> <span class='ocrx_word' id='word_1_57' title='bbox 1321 442 1550 476; x_wconf 79' lang='lat' dir='ltr'>discordantes</span> <span class='ocrx_word' id='word_1_58' title='bbox 1589 442 1626 475; x_wconf 90' lang='lat' dir='ltr'>ad</span> <span class='ocrx_word' id='word_1_59' title='bbox 1663 445 1749 475; x_wconf 87' lang='lat' dir='ltr'>uiam</span> <span class='ocrx_word' id='word_1_60' title='bbox 1787 442 1950 476; x_wconf 81' lang='lat' dir='ltr'>reducere</span> 
     </span>
     <span class='ocr_line' id='line_1_7' title="bbox 109 502 1950 549; baseline 0.001 -14"><span class='ocrx_word' id='word_1_61' title='bbox 109 505 243 536; x_wconf 89' lang='lat' dir='ltr'>vnionis</span> <span class='ocrx_word' id='word_1_62' title='bbox 272 514 332 549; x_wconf 90' lang='lat' dir='ltr'>per</span> <span class='ocrx_word' id='word_1_63' title='bbox 358 503 487 536; x_wconf 88' lang='lat' dir='ltr'>modum</span> <span class='ocrx_word' id='word_1_64' title='bbox 518 508 550 537; x_wconf 90' lang='lat' dir='ltr'>et</span> <span class='ocrx_word' id='word_1_65' title='bbox 580 503 716 537; x_wconf 87' lang='lat' dir='ltr'>sormam</span> <span class='ocrx_word' id='word_1_66' title='bbox 747 506 968 536; x_wconf 80' lang='lat' dir='ltr'>amicali-icem</span> <span class='ocrx_word' id='word_1_67' title='bbox 990 514 1034 536; x_wconf 81' lang='lat' dir='ltr'>ex</span> <span class='ocrx_word' id='word_1_68' title='bbox 1063 503 1078 548; x_wconf 80' lang='lat'><em>[</em></span> <span class='ocrx_word' id='word_1_69' title='bbox 1182 502 1198 548; x_wconf 73' lang='lat' dir='ltr'>J</span> <span class='ocrx_word' id='word_1_70' title='bbox 1228 507 1303 536; x_wconf 90' lang='lat' dir='ltr'>tunc</span> <span class='ocrx_word' id='word_1_71' title='bbox 1323 514 1383 536; x_wconf 72' lang='lat' dir='ltr'>nos</span> <span class='ocrx_word' id='word_1_72' title='bbox 1403 504 1551 536; x_wconf 73' lang='lat' dir='ltr'>dominos</span> <span class='ocrx_word' id='word_1_73' title='bbox 1571 505 1749 547; x_wconf 74' lang='lat' dir='ltr'>episcopos</span> <span class='ocrx_word' id='word_1_74' title='bbox 1771 508 1950 549; x_wconf 80' lang='lat' dir='ltr'>sequentes</span> 
     </span>
     <span class='ocr_line' id='line_1_8' title="bbox 109 562 1950 610; baseline -0.001 -13"><span class='ocrx_word' id='word_1_75' title='bbox 109 566 207 597; x_wconf 89' lang='lat' dir='ltr'>animi</span> <span class='ocrx_word' id='word_1_76' title='bbox 236 566 285 597; x_wconf 87' lang='lat' dir='ltr'>sui</span> <span class='ocrx_word' id='word_1_77' title='bbox 314 568 433 597; x_wconf 90' lang='lat' dir='ltr'>motum</span> <span class='ocrx_word' id='word_1_78' title='bbox 464 567 495 597; x_wconf 89' lang='lat' dir='ltr'>in</span> <span class='ocrx_word' id='word_1_79' title='bbox 526 575 585 597; x_wconf 88' lang='lat' dir='ltr'>sua</span> <span class='ocrx_word' id='word_1_80' title='bbox 621 564 830 597; x_wconf 77' lang='lat' dir='ltr'>dissensione</span> <span class='ocrx_word' id='word_1_81' title='bbox 871 568 902 597; x_wconf 87' lang='lat' dir='ltr'>et</span> <span class='ocrx_word' id='word_1_82' title='bbox 941 567 1119 610; x_wconf 76' lang='lat' dir='ltr'>pertinacia</span> <span class='ocrx_word' id='word_1_83' title='bbox 1150 574 1214 597; x_wconf 92' lang='lat' dir='ltr'>non</span> <span class='ocrx_word' id='word_1_84' title='bbox 1243 562 1427 597; x_wconf 88' lang='lat' dir='ltr'>fouebimus</span> <span class='ocrx_word' id='word_1_85' title='bbox 1457 568 1571 597; x_wconf 88' lang='lat' dir='ltr'>eontra</span> <span class='ocrx_word' id='word_1_86' title='bbox 1601 564 1726 607; x_wconf 37' lang='lat' dir='ltr'>ducem?</span> <span class='ocrx_word' id='word_1_87' title='bbox 1757 563 1813 597; x_wconf 89' lang='lat' dir='ltr'>sed</span> <span class='ocrx_word' id='word_1_88' title='bbox 1843 563 1950 597; x_wconf 86' lang='lat' dir='ltr'>eidem</span> 
     </span>
     <span class='ocr_line' id='line_1_9' title="bbox 109 624 1950 670; baseline 0 -13"><span class='ocrx_word' id='word_1_89' title='bbox 109 627 222 670; x_wconf 86' lang='lat' dir='ltr'>pocius</span> <span class='ocrx_word' id='word_1_90' title='bbox 252 624 440 658; x_wconf 80' lang='lat' dir='ltr'>astabimus.</span> <span class='ocrx_word' id='word_1_91' title='bbox 471 627 574 670; x_wconf 86' lang='lat' dir='ltr'>ipsum</span> <span class='ocrx_word' id='word_1_92' title='bbox 610 627 640 657; x_wconf 93' lang='lat' dir='ltr'>in</span> <span class='ocrx_word' id='word_1_93' title='bbox 672 636 730 658; x_wconf 90' lang='lat' dir='ltr'>sua</span> <span class='ocrx_word' id='word_1_94' title='bbox 760 627 886 658; x_wconf 82' lang='lat' dir='ltr'>iusticia</span> <span class='ocrx_word' id='word_1_95' title='bbox 926 624 1109 658; x_wconf 85' lang='lat' dir='ltr'>fouebimus</span> <span class='ocrx_word' id='word_1_96' title='bbox 1138 628 1249 658; x_wconf 86' lang='lat' dir='ltr'>contra</span> <span class='ocrx_word' id='word_1_97' title='bbox 1279 624 1362 658; x_wconf 87' lang='lat' dir='ltr'>illos.</span> <span class='ocrx_word' id='word_1_98' title='bbox 1393 624 1426 658; x_wconf 86' lang='lat' dir='ltr'>Si</span> <span class='ocrx_word' id='word_1_99' title='bbox 1458 636 1538 658; x_wconf 69' lang='lat' dir='ltr'>vero</span> <span class='ocrx_word' id='word_1_100' title='bbox 1568 625 1717 659; x_wconf 73' lang='lat' dir='ltr'>‹lotm&#39;nus</span> <span class='ocrx_word' id='word_1_101' title='bbox 1736 625 1806 658; x_wconf 57' lang='lat' dir='ltr'>deta?</span> <span class='ocrx_word' id='word_1_102' title='bbox 1834 625 1950 658; x_wconf 87' lang='lat' dir='ltr'>uolens</span> 
     </span>
     <span class='ocr_line' id='line_1_10' title="bbox 109 680 1950 731; baseline 0 -13"><span class='ocrx_word' id='word_1_103' title='bbox 109 689 286 731; x_wconf 82' lang='lat' dir='ltr'>acceptare</span> <span class='ocrx_word' id='word_1_104' title='bbox 314 695 459 718; x_wconf 90' lang='lat' dir='ltr'>amorem</span> <span class='ocrx_word' id='word_1_105' title='bbox 490 686 540 719; x_wconf 87' lang='lat' dir='ltr'>uel</span> <span class='ocrx_word' id='word_1_106' title='bbox 573 688 733 719; x_wconf 86' lang='lat' dir='ltr'>iusticiam</span> <span class='ocrx_word' id='word_1_107' title='bbox 764 697 780 718; x_wconf 86' lang='lat' dir='ltr'>a</span> <span class='ocrx_word' id='word_1_108' title='bbox 811 680 950 718; x_wconf 64' lang='lat' dir='ltr'>(lerninis</span> <span class='ocrx_word' id='word_1_109' title='bbox 979 687 1147 730; x_wconf 72' lang='lat' dir='ltr'>episeopis</span> <span class='ocrx_word' id='word_1_110' title='bbox 1176 685 1346 731; x_wconf 89' lang='lat' dir='ltr'>sequendo</span> <span class='ocrx_word' id='word_1_111' title='bbox 1376 688 1407 718; x_wconf 91' lang='lat' dir='ltr'>in</span> <span class='ocrx_word' id='word_1_112' title='bbox 1437 685 1499 719; x_wconf 89' lang='lat' dir='ltr'>hoc</span> <span class='ocrx_word' id='word_1_113' title='bbox 1528 691 1635 720; x_wconf 87' lang='lat' dir='ltr'>autem</span> <span class='ocrx_word' id='word_1_114' title='bbox 1666 689 1763 719; x_wconf 85' lang='lat' dir='ltr'>animi</span> <span class='ocrx_word' id='word_1_115' title='bbox 1794 688 1844 719; x_wconf 92' lang='lat' dir='ltr'>sui</span> <span class='ocrx_word' id='word_1_116' title='bbox 1874 696 1950 718; x_wconf 90' lang='lat' dir='ltr'>mo-</span> 
     </span>
     <span class='ocr_line' id='line_1_11' title="bbox 109 736 1950 792; baseline 0 -14"><span class='ocrx_word' id='word_1_117' title='bbox 109 749 173 778; x_wconf 91' lang='lat' dir='ltr'>tum</span> <span class='ocrx_word' id='word_1_118' title='bbox 204 736 265 779; x_wconf 84' lang='lat' dir='ltr'>hoc</span> <span class='ocrx_word' id='word_1_119' title='bbox 292 749 454 790; x_wconf 86' lang='lat' dir='ltr'>congerie</span> <span class='ocrx_word' id='word_1_120' title='bbox 483 746 668 779; x_wconf 72' lang='lat' dir='ltr'>fouebimus</span> <span class='ocrx_word' id='word_1_121' title='bbox 697 751 729 779; x_wconf 85' lang='lat' dir='ltr'>et</span> <span class='ocrx_word' id='word_1_122' title='bbox 766 746 879 779; x_wconf 85' lang='lat' dir='ltr'>l&#39;ouere</span> <span class='ocrx_word' id='word_1_123' title='bbox 921 745 1104 779; x_wconf 86' lang='lat' dir='ltr'>tenebimur</span> <span class='ocrx_word' id='word_1_124' title='bbox 1146 746 1296 779; x_wconf 89' lang='lat' dir='ltr'>dominos</span> <span class='ocrx_word' id='word_1_125' title='bbox 1325 748 1499 792; x_wconf 84' lang='lat' dir='ltr'>episcopos</span> <span class='ocrx_word' id='word_1_126' title='bbox 1529 758 1545 780; x_wconf 90' lang='lat' dir='ltr'>a</span> <span class='ocrx_word' id='word_1_127' title='bbox 1575 747 1716 780; x_wconf 86' lang='lat' dir='ltr'>uiolenta</span> <span class='ocrx_word' id='word_1_128' title='bbox 1746 749 1950 792; x_wconf 86' lang='lat' dir='ltr'>potestancia</span> 
     </span>
     <span class='ocr_line' id='line_1_12' title="bbox 111 805 1952 851; baseline 0.001 -12"><span class='ocrx_word' id='word_1_129' title='bbox 111 808 137 839; x_wconf 85' lang='lat' dir='ltr'>si</span> <span class='ocrx_word' id='word_1_130' title='bbox 166 816 228 851; x_wconf 89' lang='lat' dir='ltr'>qua</span> <span class='ocrx_word' id='word_1_131' title='bbox 257 805 319 839; x_wconf 89' lang='lat' dir='ltr'>illis</span> <span class='ocrx_word' id='word_1_132' title='bbox 348 806 516 840; x_wconf 82' lang='lat' dir='ltr'>inferetur.</span> <span class='ocrx_word' id='word_1_133' title='bbox 548 806 701 847; x_wconf 83' lang='lat' dir='ltr'>Quolibet</span> <span class='ocrx_word' id='word_1_134' title='bbox 731 809 761 839; x_wconf 93' lang='lat' dir='ltr'>in</span> <span class='ocrx_word' id='word_1_135' title='bbox 792 806 853 839; x_wconf 87' lang='lat' dir='ltr'>boc</span> <span class='ocrx_word' id='word_1_136' title='bbox 883 818 961 840; x_wconf 88' lang='lat' dir='ltr'>casu</span> <span class='ocrx_word' id='word_1_137' title='bbox 992 809 1018 840; x_wconf 86' lang='lat' dir='ltr'>si</span> <span class='ocrx_word' id='word_1_138' title='bbox 1048 806 1132 851; x_wconf 88' lang='lat' dir='ltr'>quod</span> <span class='ocrx_word' id='word_1_139' title='bbox 1161 806 1286 840; x_wconf 73' lang='lat' dir='ltr'>domini</span> <span class='ocrx_word' id='word_1_140' title='bbox 1304 808 1541 850; x_wconf 74' lang='lat' dir='ltr'>episcopiseu</span> <span class='ocrx_word' id='word_1_141' title='bbox 1571 811 1666 840; x_wconf 83' lang='lat' dir='ltr'>eliam</span> <span class='ocrx_word' id='word_1_142' title='bbox 1688 808 1757 840; x_wconf 65' lang='lat' dir='ltr'>[lua-</span> <span class='ocrx_word' id='word_1_143' title='bbox 1774 808 1952 851; x_wconf 73' lang='lat' dir='ltr'>predictus</span> 
     </span>
     <span class='ocr_line' id='line_1_13' title="bbox 108 866 1951 913; baseline 0.001 -14"><span class='ocrx_word' id='word_1_144' title='bbox 108 868 138 899; x_wconf 90' lang='lat' dir='ltr'>in</span> <span class='ocrx_word' id='word_1_145' title='bbox 167 866 328 910; x_wconf 81' lang='lat' dir='ltr'>eligendis</span> <span class='ocrx_word' id='word_1_146' title='bbox 357 866 497 900; x_wconf 87' lang='lat' dir='ltr'>arbitriis</span> <span class='ocrx_word' id='word_1_147' title='bbox 527 878 586 912; x_wconf 89' lang='lat' dir='ltr'>pro</span> <span class='ocrx_word' id='word_1_148' title='bbox 614 866 877 900; x_wconf 86' lang='lat' dir='ltr'>dissensionibus</span> <span class='ocrx_word' id='word_1_149' title='bbox 907 867 1075 913; x_wconf 89' lang='lat' dir='ltr'>sopiendis</span> <span class='ocrx_word' id='word_1_150' title='bbox 1112 869 1240 900; x_wconf 88' lang='lat' dir='ltr'>remissi</span> <span class='ocrx_word' id='word_1_151' title='bbox 1269 866 1387 909; x_wconf 65' lang='lat' dir='ltr'>forent‚</span> <span class='ocrx_word' id='word_1_152' title='bbox 1417 868 1469 900; x_wconf 91' lang='lat' dir='ltr'>uel</span> <span class='ocrx_word' id='word_1_153' title='bbox 1499 870 1596 901; x_wconf 86' lang='lat' dir='ltr'>etiam</span> <span class='ocrx_word' id='word_1_154' title='bbox 1639 868 1848 911; x_wconf 71' lang='lat' dir='ltr'>negligentes</span> <span class='ocrx_word' id='word_1_155' title='bbox 1892 878 1951 912; x_wconf 86' lang='lat' dir='ltr'>per</span> 
     </span>
     <span class='ocr_line' id='line_1_14' title="bbox 108 926 1946 973; baseline 0.001 -13"><span class='ocrx_word' id='word_1_156' title='bbox 108 926 237 960; x_wconf 89' lang='lat' dir='ltr'>modum</span> <span class='ocrx_word' id='word_1_157' title='bbox 266 927 404 973; x_wconf 86' lang='lat' dir='ltr'>aliquem</span> <span class='ocrx_word' id='word_1_158' title='bbox 434 927 639 972; x_wconf 79' lang='lat' dir='ltr'>subterfugia</span> <span class='ocrx_word' id='word_1_159' title='bbox 669 930 886 973; x_wconf 75' lang='lat' dir='ltr'>queritantes.</span> <span class='ocrx_word' id='word_1_160' title='bbox 923 939 983 961; x_wconf 89' lang='lat' dir='ltr'>nos</span> <span class='ocrx_word' id='word_1_161' title='bbox 1025 927 1208 961; x_wconf 81' lang='lat' dir='ltr'>tenebimur</span> <span class='ocrx_word' id='word_1_162' title='bbox 1243 931 1326 973; x_wconf 89' lang='lat' dir='ltr'>parti</span> <span class='ocrx_word' id='word_1_163' title='bbox 1356 930 1493 962; x_wconf 86' lang='lat' dir='ltr'>remisse</span> <span class='ocrx_word' id='word_1_164' title='bbox 1523 939 1580 962; x_wconf 91' lang='lat' dir='ltr'>seu</span> <span class='ocrx_word' id='word_1_165' title='bbox 1611 929 1798 973; x_wconf 78' lang='lat' dir='ltr'>negligenti</span> <span class='ocrx_word' id='word_1_166' title='bbox 1826 931 1857 962; x_wconf 89' lang='lat' dir='ltr'>in</span> <span class='ocrx_word' id='word_1_167' title='bbox 1887 940 1946 962; x_wconf 89' lang='lat' dir='ltr'>sua</span> 
     </span>
     <span class='ocr_line' id='line_1_15' title="bbox 107 988 1390 1034; baseline 0.002 -14"><span class='ocrx_word' id='word_1_168' title='bbox 107 988 270 1021; x_wconf 88' lang='lat' dir='ltr'>uiolencia</span> <span class='ocrx_word' id='word_1_169' title='bbox 299 991 465 1021; x_wconf 85' lang='lat' dir='ltr'>contraire</span> <span class='ocrx_word' id='word_1_170' title='bbox 493 993 617 1034; x_wconf 88' lang='lat' dir='ltr'>partem</span> <span class='ocrx_word' id='word_1_171' title='bbox 648 988 784 1022; x_wconf 85' lang='lat' dir='ltr'>alteram</span> <span class='ocrx_word' id='word_1_172' title='bbox 814 991 846 1021; x_wconf 94' lang='lat' dir='ltr'>in</span> <span class='ocrx_word' id='word_1_173' title='bbox 875 988 983 1022; x_wconf 86' lang='lat' dir='ltr'>debita</span> <span class='ocrx_word' id='word_1_174' title='bbox 1013 991 1139 1022; x_wconf 85' lang='lat' dir='ltr'>iusticia</span> <span class='ocrx_word' id='word_1_175' title='bbox 1169 988 1390 1022; x_wconf 87' lang='lat' dir='ltr'>confouendo.</span> 
     </span>
    </p>

    <p class='ocr_par' dir='ltr' id='par_1_3' title="bbox 107 1048 1951 1264">
     <span class='ocr_line' id='line_1_16' title="bbox 260 1048 1944 1095; baseline 0.001 -13"><span class='ocrx_word' id='word_1_176' title='bbox 260 1048 313 1082; x_wconf 91' lang='lat' dir='ltr'>Ad</span> <span class='ocrx_word' id='word_1_177' title='bbox 341 1051 500 1082; x_wconf 86' lang='lat' dir='ltr'>maiorem</span> <span class='ocrx_word' id='word_1_178' title='bbox 529 1051 633 1083; x_wconf 89' lang='lat' dir='ltr'>eciam</span> <span class='ocrx_word' id='word_1_179' title='bbox 664 1048 758 1082; x_wconf 88' lang='lat' dir='ltr'>huius</span> <span class='ocrx_word' id='word_1_180' title='bbox 788 1049 873 1082; x_wconf 89' lang='lat' dir='ltr'>modi</span> <span class='ocrx_word' id='word_1_181' title='bbox 904 1051 1054 1083; x_wconf 87' lang='lat' dir='ltr'>amicicie</span> <span class='ocrx_word' id='word_1_182' title='bbox 1083 1049 1265 1083; x_wconf 84' lang='lat' dir='ltr'>firmitatem</span> <span class='ocrx_word' id='word_1_183' title='bbox 1302 1052 1511 1095; x_wconf 90' lang='lat' dir='ltr'>promisimus</span> <span class='ocrx_word' id='word_1_184' title='bbox 1541 1054 1571 1083; x_wconf 86' lang='lat' dir='ltr'>et</span> <span class='ocrx_word' id='word_1_185' title='bbox 1608 1053 1823 1095; x_wconf 89' lang='lat' dir='ltr'>promittimus</span> <span class='ocrx_word' id='word_1_186' title='bbox 1859 1050 1944 1095; x_wconf 88' lang='lat' dir='ltr'>quod</span> 
     </span>
     <span class='ocr_line' id='line_1_17' title="bbox 108 1105 1951 1155; baseline 0.001 -13"><span class='ocrx_word' id='word_1_187' title='bbox 108 1108 226 1142; x_wconf 88' lang='lat' dir='ltr'>nullam</span> <span class='ocrx_word' id='word_1_188' title='bbox 257 1109 518 1143; x_wconf 89' lang='lat' dir='ltr'>interdictionem</span> <span class='ocrx_word' id='word_1_189' title='bbox 548 1121 607 1143; x_wconf 88' lang='lat' dir='ltr'>seu</span> <span class='ocrx_word' id='word_1_190' title='bbox 636 1109 790 1143; x_wconf 90' lang='lat' dir='ltr'>iudicium</span> <span class='ocrx_word' id='word_1_191' title='bbox 820 1112 850 1143; x_wconf 92' lang='lat' dir='ltr'>in</span> <span class='ocrx_word' id='word_1_192' title='bbox 872 1105 1106 1155; x_wconf 67' lang='lat' dir='ltr'>principalibus</span> <span class='ocrx_word' id='word_1_193' title='bbox 1129 1113 1199 1144; x_wconf 90' lang='lat' dir='ltr'>siue</span> <span class='ocrx_word' id='word_1_194' title='bbox 1219 1113 1314 1144; x_wconf 89' lang='lat' dir='ltr'>terris</span> <span class='ocrx_word' id='word_1_195' title='bbox 1335 1110 1408 1144; x_wconf 87' lang='lat' dir='ltr'>dieti</span> <span class='ocrx_word' id='word_1_196' title='bbox 1429 1110 1548 1144; x_wconf 90' lang='lat' dir='ltr'>domini</span> <span class='ocrx_word' id='word_1_197' title='bbox 1570 1110 1779 1144; x_wconf 71' lang='lat' dir='ltr'>ducis&#39;nobis</span> <span class='ocrx_word' id='word_1_198' title='bbox 1800 1110 1951 1144; x_wconf 87' lang='lat' dir='ltr'>ammodo</span> 
     </span>
     <span class='ocr_line' id='line_1_18' title="bbox 107 1169 1950 1217; baseline 0.001 -14"><span class='ocrx_word' id='word_1_199' title='bbox 107 1180 314 1204; x_wconf 89' lang='lat' dir='ltr'>assumemus</span> <span class='ocrx_word' id='word_1_200' title='bbox 341 1169 402 1204; x_wconf 91' lang='lat' dir='ltr'>hiis</span> <span class='ocrx_word' id='word_1_201' title='bbox 431 1174 582 1216; x_wconf 81' lang='lat' dir='ltr'>exceptis</span> <span class='ocrx_word' id='word_1_202' title='bbox 611 1170 706 1204; x_wconf 87' lang='lat' dir='ltr'>bonis</span> <span class='ocrx_word' id='word_1_203' title='bbox 734 1173 957 1216; x_wconf 86' lang='lat' dir='ltr'>possessionis</span> <span class='ocrx_word' id='word_1_204' title='bbox 986 1175 1018 1204; x_wconf 89' lang='lat' dir='ltr'>et</span> <span class='ocrx_word' id='word_1_205' title='bbox 1046 1170 1173 1204; x_wconf 89' lang='lat' dir='ltr'>iudiciis</span> <span class='ocrx_word' id='word_1_206' title='bbox 1202 1182 1265 1216; x_wconf 89' lang='lat' dir='ltr'>que</span> <span class='ocrx_word' id='word_1_207' title='bbox 1294 1173 1324 1204; x_wconf 87' lang='lat' dir='ltr'>in</span> <span class='ocrx_word' id='word_1_208' title='bbox 1354 1174 1502 1216; x_wconf 87' lang='lat' dir='ltr'>presenti</span> <span class='ocrx_word' id='word_1_209' title='bbox 1531 1171 1703 1217; x_wconf 85' lang='lat' dir='ltr'>possidere</span> <span class='ocrx_word' id='word_1_210' title='bbox 1732 1171 1950 1204; x_wconf 86' lang='lat' dir='ltr'>dinoscuntur</span> 
     </span>
     <span class='ocr_line' id='line_1_19' title="bbox 109 1234 294 1264; baseline 0 0"><span class='ocrx_word' id='word_1_211' title='bbox 109 1234 142 1264; x_wconf 88' lang='lat' dir='ltr'>et</span> <span class='ocrx_word' id='word_1_212' title='bbox 169 1234 294 1264; x_wconf 87' lang='lat' dir='ltr'>tenere.</span> 
     </span>
    </p>

    <p class='ocr_par' dir='ltr' id='par_1_4' title="bbox 106 1291 1948 1520">
     <span class='ocr_line' id='line_1_20' title="bbox 261 1291 1947 1326; baseline 0 -1"><span class='ocrx_word' id='word_1_213' title='bbox 261 1291 415 1325; x_wconf 88' lang='lat' dir='ltr'>Preterea</span> <span class='ocrx_word' id='word_1_214' title='bbox 445 1296 477 1325; x_wconf 86' lang='lat' dir='ltr'>ut</span> <span class='ocrx_word' id='word_1_215' title='bbox 507 1296 602 1325; x_wconf 80' lang='lat' dir='ltr'>vetus</span> <span class='ocrx_word' id='word_1_216' title='bbox 631 1291 826 1325; x_wconf 88' lang='lat' dir='ltr'>fermentum</span> <span class='ocrx_word' id='word_1_217' title='bbox 857 1295 889 1325; x_wconf 89' lang='lat' dir='ltr'>et</span> <span class='ocrx_word' id='word_1_218' title='bbox 916 1291 1096 1326; x_wconf 86' lang='lat' dir='ltr'>fomentum</span> <span class='ocrx_word' id='word_1_219' title='bbox 1126 1291 1362 1325; x_wconf 87' lang='lat' dir='ltr'>discordiarum</span> <span class='ocrx_word' id='word_1_220' title='bbox 1393 1295 1478 1325; x_wconf 90' lang='lat' dir='ltr'>inter</span> <span class='ocrx_word' id='word_1_221' title='bbox 1502 1303 1563 1326; x_wconf 91' lang='lat' dir='ltr'>nos</span> <span class='ocrx_word' id='word_1_222' title='bbox 1583 1292 1743 1326; x_wconf 88' lang='lat' dir='ltr'>hactenus</span> <span class='ocrx_word' id='word_1_223' title='bbox 1765 1291 1947 1326; x_wconf 87' lang='lat' dir='ltr'>habitarum</span> 
     </span>
     <span class='ocr_line' id='line_1_21' title="bbox 112 1355 1944 1398; baseline 0.001 -13"><span class='ocrx_word' id='word_1_224' title='bbox 112 1356 292 1386; x_wconf 87' lang='lat' dir='ltr'>euacuetur</span> <span class='ocrx_word' id='word_1_225' title='bbox 320 1355 450 1398; x_wconf 89' lang='lat' dir='ltr'>penitus</span> <span class='ocrx_word' id='word_1_226' title='bbox 480 1364 538 1385; x_wconf 86' lang='lat' dir='ltr'>seu</span> <span class='ocrx_word' id='word_1_227' title='bbox 568 1355 672 1386; x_wconf 87' lang='lat' dir='ltr'>eciam</span> <span class='ocrx_word' id='word_1_228' title='bbox 702 1357 907 1398; x_wconf 83' lang='lat' dir='ltr'>expurgetur</span> <span class='ocrx_word' id='word_1_229' title='bbox 935 1355 1168 1386; x_wconf 86' lang='lat' dir='ltr'>renunciamus</span> <span class='ocrx_word' id='word_1_230' title='bbox 1198 1357 1230 1386; x_wconf 93' lang='lat' dir='ltr'>et</span> <span class='ocrx_word' id='word_1_231' title='bbox 1258 1356 1524 1386; x_wconf 80' lang='lat' dir='ltr'>renunciauinnis</span> <span class='ocrx_word' id='word_1_232' title='bbox 1553 1356 1640 1386; x_wconf 91' lang='lat' dir='ltr'>omni</span> <span class='ocrx_word' id='word_1_233' title='bbox 1676 1356 1734 1386; x_wconf 86' lang='lat' dir='ltr'>iuri</span> <span class='ocrx_word' id='word_1_234' title='bbox 1764 1357 1795 1386; x_wconf 89' lang='lat' dir='ltr'>et</span> <span class='ocrx_word' id='word_1_235' title='bbox 1824 1356 1944 1386; x_wconf 83' lang='lat' dir='ltr'>actioni</span> 
     </span>
     <span class='ocr_line' id='line_1_22' title="bbox 109 1411 1948 1459; baseline 0.001 -13"><span class='ocrx_word' id='word_1_236' title='bbox 109 1411 202 1447; x_wconf 92' lang='lat' dir='ltr'>nobis</span> <span class='ocrx_word' id='word_1_237' title='bbox 248 1417 279 1447; x_wconf 87' lang='lat' dir='ltr'>et</span> <span class='ocrx_word' id='word_1_238' title='bbox 324 1412 501 1447; x_wconf 87' lang='lat' dir='ltr'>heredibus</span> <span class='ocrx_word' id='word_1_239' title='bbox 548 1416 669 1447; x_wconf 87' lang='lat' dir='ltr'>nostris</span> <span class='ocrx_word' id='word_1_240' title='bbox 705 1412 969 1459; x_wconf 87' lang='lat' dir='ltr'>competentibus</span> <span class='ocrx_word' id='word_1_241' title='bbox 1004 1416 1035 1447; x_wconf 92' lang='lat' dir='ltr'>in</span> <span class='ocrx_word' id='word_1_242' title='bbox 1071 1413 1276 1447; x_wconf 88' lang='lat' dir='ltr'>comitatibus</span> <span class='ocrx_word' id='word_1_243' title='bbox 1318 1414 1644 1458; x_wconf 68' lang='lat' dir='ltr'>Poqenllmrendorp</span> <span class='ocrx_word' id='word_1_244' title='bbox 1686 1418 1716 1447; x_wconf 88' lang='lat' dir='ltr'>et</span> <span class='ocrx_word' id='word_1_245' title='bbox 1757 1416 1788 1447; x_wconf 90' lang='lat' dir='ltr'>in</span> <span class='ocrx_word' id='word_1_246' title='bbox 1830 1417 1948 1447; x_wconf 80' lang='lat' dir='ltr'>castris</span> 
     </span>
     <span class='ocr_line' id='line_1_23' title="bbox 106 1473 1948 1520; baseline -0.001 -12"><span class='ocrx_word' id='word_1_247' title='bbox 106 1473 294 1518; x_wconf 75' lang='lat' dir='ltr'>Stridinyz&#39;u</span> <span class='ocrx_word' id='word_1_248' title='bbox 314 1474 584 1519; x_wconf 65' lang='lat' dir='ltr'>Hemhorenstey</span> <span class='ocrx_word' id='word_1_249' title='bbox 613 1479 645 1507; x_wconf 90' lang='lat' dir='ltr'>et</span> <span class='ocrx_word' id='word_1_250' title='bbox 673 1473 824 1508; x_wconf 89' lang='lat' dir='ltr'>omnibus</span> <span class='ocrx_word' id='word_1_251' title='bbox 861 1475 931 1507; x_wconf 88' lang='lat' dir='ltr'>aliis</span> <span class='ocrx_word' id='word_1_252' title='bbox 960 1477 1094 1509; x_wconf 74' lang='lat' dir='ltr'>castris,</span> <span class='ocrx_word' id='word_1_253' title='bbox 1125 1473 1218 1507; x_wconf 88' lang='lat' dir='ltr'>bonis</span> <span class='ocrx_word' id='word_1_254' title='bbox 1248 1479 1279 1507; x_wconf 90' lang='lat' dir='ltr'>et</span> <span class='ocrx_word' id='word_1_255' title='bbox 1317 1474 1586 1519; x_wconf 84' lang='lat' dir='ltr'>possessionibus</span> <span class='ocrx_word' id='word_1_256' title='bbox 1629 1474 1668 1508; x_wconf 90' lang='lat' dir='ltr'>ab</span> <span class='ocrx_word' id='word_1_257' title='bbox 1701 1477 1774 1520; x_wconf 91' lang='lat' dir='ltr'>ipso</span> <span class='ocrx_word' id='word_1_258' title='bbox 1817 1473 1948 1507; x_wconf 88' lang='lat' dir='ltr'>domino</span> 
     </span>
    </p>
   </div>
   <div class='ocr_carea' id='block_1_2' title="bbox 109 1534 1461 1581">
    <p class='ocr_par' dir='ltr' id='par_1_5' title="bbox 109 1534 1461 1581">
     <span class='ocr_line' id='line_1_24' title="bbox 109 1534 1461 1581; baseline 0 -13"><span class='ocrx_word' id='word_1_259' title='bbox 109 1534 193 1568; x_wconf 78' lang='lat' dir='ltr'>duce</span> <span class='ocrx_word' id='word_1_260' title='bbox 211 1534 373 1568; x_wconf 74' lang='lat' dir='ltr'>Bawarie</span> <span class='ocrx_word' id='word_1_261' title='bbox 402 1546 487 1568; x_wconf 88' lang='lat' dir='ltr'>nunc</span> <span class='ocrx_word' id='word_1_262' title='bbox 518 1538 696 1581; x_wconf 89' lang='lat' dir='ltr'>possessis.</span> <span class='ocrx_word' id='word_1_263' title='bbox 1452 1534 1461 1548; x_wconf 75' lang='lat'><strong><em>⁵</em></strong></span> 
     </span>
    </p>
   </div>
   <div class='ocr_carea' id='block_1_3' title="bbox 102 1594 1947 2551">
    <p class='ocr_par' dir='ltr' id='par_1_6' title="bbox 104 1594 1947 1811">
     <span class='ocr_line' id='line_1_25' title="bbox 260 1594 1947 1642; baseline -0.001 -13"><span class='ocrx_word' id='word_1_264' title='bbox 260 1595 339 1629; x_wconf 83' lang='lat' dir='ltr'>Item</span> <span class='ocrx_word' id='word_1_265' title='bbox 381 1606 512 1642; x_wconf 90' lang='lat' dir='ltr'>quoque</span> <span class='ocrx_word' id='word_1_266' title='bbox 545 1595 615 1629; x_wconf 68' lang='lat' dir='ltr'>duoe</span> <span class='ocrx_word' id='word_1_267' title='bbox 654 1598 877 1629; x_wconf 86' lang='lat' dir='ltr'>renunctiauit</span> <span class='ocrx_word' id='word_1_268' title='bbox 918 1600 949 1629; x_wconf 88' lang='lat' dir='ltr'>et</span> <span class='ocrx_word' id='word_1_269' title='bbox 986 1598 1171 1629; x_wconf 88' lang='lat' dir='ltr'>renunctiat</span> <span class='ocrx_word' id='word_1_270' title='bbox 1206 1597 1293 1628; x_wconf 90' lang='lat' dir='ltr'>omni</span> <span class='ocrx_word' id='word_1_271' title='bbox 1322 1598 1383 1629; x_wconf 88' lang='lat' dir='ltr'>iuri</span> <span class='ocrx_word' id='word_1_272' title='bbox 1411 1600 1442 1629; x_wconf 89' lang='lat' dir='ltr'>et</span> <span class='ocrx_word' id='word_1_273' title='bbox 1472 1597 1592 1628; x_wconf 86' lang='lat' dir='ltr'>actioni</span> <span class='ocrx_word' id='word_1_274' title='bbox 1621 1594 1681 1628; x_wconf 92' lang='lat' dir='ltr'>sibi</span> <span class='ocrx_word' id='word_1_275' title='bbox 1710 1599 1743 1629; x_wconf 90' lang='lat' dir='ltr'>et</span> <span class='ocrx_word' id='word_1_276' title='bbox 1772 1595 1947 1628; x_wconf 86' lang='lat' dir='ltr'>heredibus</span> 
     </span>
     <span class='ocr_line' id='line_1_26' title="bbox 106 1655 1946 1702; baseline 0 -13"><span class='ocrx_word' id='word_1_277' title='bbox 106 1658 175 1689; x_wconf 89' lang='lat' dir='ltr'>suis</span> <span class='ocrx_word' id='word_1_278' title='bbox 203 1656 464 1702; x_wconf 82' lang='lat' dir='ltr'>competentibus</span> <span class='ocrx_word' id='word_1_279' title='bbox 493 1659 523 1689; x_wconf 92' lang='lat' dir='ltr'>in</span> <span class='ocrx_word' id='word_1_280' title='bbox 553 1659 671 1690; x_wconf 86' lang='lat' dir='ltr'>castris</span> <span class='ocrx_word' id='word_1_281' title='bbox 701 1655 972 1702; x_wconf 89' lang='lat' dir='ltr'>possessionibus</span> <span class='ocrx_word' id='word_1_282' title='bbox 1001 1660 1097 1702; x_wconf 85' lang='lat' dir='ltr'>atque</span> <span class='ocrx_word' id='word_1_283' title='bbox 1127 1655 1219 1689; x_wconf 87' lang='lat' dir='ltr'>bonis</span> <span class='ocrx_word' id='word_1_284' title='bbox 1248 1656 1343 1690; x_wconf 89' lang='lat' dir='ltr'>dictis</span> <span class='ocrx_word' id='word_1_285' title='bbox 1370 1656 1605 1690; x_wconf 76' lang='lat' dir='ltr'>Stutenleoueu</span> <span class='ocrx_word' id='word_1_286' title='bbox 1634 1660 1695 1689; x_wconf 89' lang='lat' dir='ltr'>etc.</span> <span class='ocrx_word' id='word_1_287' title='bbox 1727 1660 1758 1689; x_wconf 89' lang='lat' dir='ltr'>et</span> <span class='ocrx_word' id='word_1_288' title='bbox 1778 1656 1848 1689; x_wconf 91' lang='lat' dir='ltr'>aliis</span> <span class='ocrx_word' id='word_1_289' title='bbox 1869 1667 1946 1689; x_wconf 86' lang='lat' dir='ltr'>om-</span> 
     </span>
     <span class='ocr_line' id='line_1_27' title="bbox 105 1716 1942 1762; baseline 0 -13"><span class='ocrx_word' id='word_1_290' title='bbox 105 1716 200 1750; x_wconf 86' lang='lat' dir='ltr'>nibus</span> <span class='ocrx_word' id='word_1_291' title='bbox 228 1716 351 1751; x_wconf 89' lang='lat' dir='ltr'>iuribus</span> <span class='ocrx_word' id='word_1_292' title='bbox 381 1716 443 1751; x_wconf 89' lang='lat' dir='ltr'>sibi</span> <span class='ocrx_word' id='word_1_293' title='bbox 472 1716 714 1762; x_wconf 82' lang='lat' dir='ltr'>heredibusque</span> <span class='ocrx_word' id='word_1_294' title='bbox 742 1720 810 1750; x_wconf 90' lang='lat' dir='ltr'>suis</span> <span class='ocrx_word' id='word_1_295' title='bbox 839 1716 1089 1762; x_wconf 85' lang='lat' dir='ltr'>conpetentibus</span> <span class='ocrx_word' id='word_1_296' title='bbox 1119 1719 1148 1750; x_wconf 93' lang='lat' dir='ltr'>in</span> <span class='ocrx_word' id='word_1_297' title='bbox 1180 1728 1284 1762; x_wconf 90' lang='lat' dir='ltr'>regno</span> <span class='ocrx_word' id='word_1_298' title='bbox 1321 1716 1484 1750; x_wconf 79' lang='lat' dir='ltr'>Bohemie</span> <span class='ocrx_word' id='word_1_299' title='bbox 1523 1716 1694 1750; x_wconf 84' lang='lat' dir='ltr'>ducatibus</span> <span class='ocrx_word' id='word_1_300' title='bbox 1736 1721 1767 1750; x_wconf 88' lang='lat' dir='ltr'>et</span> <span class='ocrx_word' id='word_1_301' title='bbox 1802 1717 1942 1749; x_wconf 57' lang='lat' dir='ltr'>Ans-trie</span> 
     </span>
     <span class='ocr_line' id='line_1_28' title="bbox 104 1776 1349 1811; baseline 0.001 -1"><span class='ocrx_word' id='word_1_302' title='bbox 104 1781 136 1810; x_wconf 86' lang='lat' dir='ltr'>et</span> <span class='ocrx_word' id='word_1_303' title='bbox 155 1776 264 1811; x_wconf 60' lang='lat' dir='ltr'>Stiria&gt;</span> <span class='ocrx_word' id='word_1_304' title='bbox 283 1782 316 1811; x_wconf 90' lang='lat' dir='ltr'>et</span> <span class='ocrx_word' id='word_1_305' title='bbox 335 1777 510 1811; x_wconf 76' lang='lat' dir='ltr'>Kare‘neie.</span> <span class='ocrx_word' id='word_1_306' title='bbox 532 1777 774 1810; x_wconf 60' lang='lat' dir='ltr'>,ilar-elaionatn</span> <span class='ocrx_word' id='word_1_307' title='bbox 795 1777 963 1810; x_wconf 71' lang='lat' dir='ltr'>Morauie.</span> <span class='ocrx_word' id='word_1_308' title='bbox 985 1778 1156 1810; x_wconf 69' lang='lat' dir='ltr'>dominatu</span> <span class='ocrx_word' id='word_1_309' title='bbox 1179 1777 1349 1811; x_wconf 77' lang='lat' dir='ltr'>carniole.</span> 
     </span>
    </p>

    <p class='ocr_par' dir='ltr' id='par_1_7' title="bbox 105 1837 1946 2127">
     <span class='ocr_line' id='line_1_29' title="bbox 256 1837 1940 1884; baseline -0.001 -13"><span class='ocrx_word' id='word_1_310' title='bbox 256 1838 478 1884; x_wconf 68' lang='lat' dir='ltr'>Marclev&#39;oque</span> <span class='ocrx_word' id='word_1_311' title='bbox 501 1838 565 1882; x_wconf 66' lang='lat' dir='ltr'>Es]e</span> <span class='ocrx_word' id='word_1_312' title='bbox 594 1841 720 1872; x_wconf 77' lang='lat' dir='ltr'>exteris</span> <span class='ocrx_word' id='word_1_313' title='bbox 764 1838 933 1871; x_wconf 77' lang='lat' dir='ltr'>dumtaxat</span> <span class='ocrx_word' id='word_1_314' title='bbox 974 1837 1240 1883; x_wconf 88' lang='lat' dir='ltr'>possessionibus</span> <span class='ocrx_word' id='word_1_315' title='bbox 1275 1841 1304 1871; x_wconf 92' lang='lat' dir='ltr'>in</span> <span class='ocrx_word' id='word_1_316' title='bbox 1347 1838 1492 1873; x_wconf 75' lang='lat' dir='ltr'>Wathor</span> <span class='ocrx_word' id='word_1_317' title='bbox 1521 1841 1550 1871; x_wconf 91' lang='lat' dir='ltr'>in</span> <span class='ocrx_word' id='word_1_318' title='bbox 1583 1838 1726 1871; x_wconf 56' lang='lat' dir='ltr'>dustria</span> <span class='ocrx_word' id='word_1_319' title='bbox 1754 1839 1881 1870; x_wconf 85' lang='lat' dir='ltr'>situatis</span> <span class='ocrx_word' id='word_1_320' title='bbox 1911 1839 1940 1870; x_wconf 93' lang='lat' dir='ltr'>in</span> 
     </span>
     <span class='ocr_line' id='line_1_30' title="bbox 105 1897 1944 1945; baseline 0 -14"><span class='ocrx_word' id='word_1_321' title='bbox 105 1897 220 1943; x_wconf 89' lang='lat' dir='ltr'>quibus</span> <span class='ocrx_word' id='word_1_322' title='bbox 252 1901 358 1945; x_wconf 87' lang='lat' dir='ltr'>ipsum</span> <span class='ocrx_word' id='word_1_323' title='bbox 393 1904 425 1933; x_wconf 91' lang='lat' dir='ltr'>et</span> <span class='ocrx_word' id='word_1_324' title='bbox 466 1898 607 1932; x_wconf 89' lang='lat' dir='ltr'>heredes</span> <span class='ocrx_word' id='word_1_325' title='bbox 642 1910 719 1933; x_wconf 85' lang='lat' dir='ltr'>suos</span> <span class='ocrx_word' id='word_1_326' title='bbox 754 1901 1028 1943; x_wconf 87' lang='lat' dir='ltr'>recognoscimus</span> <span class='ocrx_word' id='word_1_327' title='bbox 1064 1903 1094 1932; x_wconf 92' lang='lat' dir='ltr'>et</span> <span class='ocrx_word' id='word_1_328' title='bbox 1124 1898 1261 1932; x_wconf 88' lang='lat' dir='ltr'>dicimus</span> <span class='ocrx_word' id='word_1_329' title='bbox 1291 1902 1340 1932; x_wconf 91' lang='lat' dir='ltr'>ius</span> <span class='ocrx_word' id='word_1_330' title='bbox 1368 1898 1492 1932; x_wconf 87' lang='lat' dir='ltr'>habere</span> <span class='ocrx_word' id='word_1_331' title='bbox 1521 1899 1594 1932; x_wconf 90' lang='lat' dir='ltr'>dum</span> <span class='ocrx_word' id='word_1_332' title='bbox 1625 1903 1732 1931; x_wconf 83' lang='lat' dir='ltr'>tamen</span> <span class='ocrx_word' id='word_1_333' title='bbox 1762 1897 1846 1944; x_wconf 88' lang='lat' dir='ltr'>quod</span> <span class='ocrx_word' id='word_1_334' title='bbox 1876 1909 1944 1931; x_wconf 78' lang='lat' dir='ltr'>ex-</span> 
     </span>
     <span class='ocr_line' id='line_1_31' title="bbox 106 1958 1946 2004; baseline 0 -13"><span class='ocrx_word' id='word_1_335' title='bbox 106 1968 222 2004; x_wconf 88' lang='lat' dir='ltr'>presse</span> <span class='ocrx_word' id='word_1_336' title='bbox 256 1962 404 1993; x_wconf 87' lang='lat' dir='ltr'>cauimus</span> <span class='ocrx_word' id='word_1_337' title='bbox 440 1964 471 1993; x_wconf 85' lang='lat' dir='ltr'>et</span> <span class='ocrx_word' id='word_1_338' title='bbox 512 1971 668 1993; x_wconf 91' lang='lat' dir='ltr'>cauemus</span> <span class='ocrx_word' id='word_1_339' title='bbox 702 1959 866 1993; x_wconf 88' lang='lat' dir='ltr'>nobilibus</span> <span class='ocrx_word' id='word_1_340' title='bbox 909 1959 1062 1992; x_wconf 87' lang='lat' dir='ltr'>militibus</span> <span class='ocrx_word' id='word_1_341' title='bbox 1107 1971 1164 1992; x_wconf 83' lang='lat' dir='ltr'>sen</span> <span class='ocrx_word' id='word_1_342' title='bbox 1201 1959 1376 1993; x_wconf 86' lang='lat' dir='ltr'>clientibus</span> <span class='ocrx_word' id='word_1_343' title='bbox 1405 1962 1527 1993; x_wconf 79' lang='lat' dir='ltr'>nostris</span> <span class='ocrx_word' id='word_1_344' title='bbox 1558 1960 1608 1992; x_wconf 90' lang='lat' dir='ltr'>uel</span> <span class='ocrx_word' id='word_1_345' title='bbox 1639 1959 1709 1992; x_wconf 90' lang='lat' dir='ltr'>aliis</span> <span class='ocrx_word' id='word_1_346' title='bbox 1739 1958 1778 1992; x_wconf 90' lang='lat' dir='ltr'>dc</span> <span class='ocrx_word' id='word_1_347' title='bbox 1808 1960 1821 2001; x_wconf 87' lang='lat'><strong>(</strong></span> <span class='ocrx_word' id='word_1_348' title='bbox 1931 1962 1946 2003; x_wconf 66' lang='lat' dir='ltr'>j</span> 
     </span>
     <span class='ocr_line' id='line_1_32' title="bbox 107 2018 1946 2066; baseline 0.001 -15"><span class='ocrx_word' id='word_1_349' title='bbox 107 2018 253 2053; x_wconf 75' lang='lat' dir='ltr'>Austria</span> <span class='ocrx_word' id='word_1_350' title='bbox 281 2024 333 2066; x_wconf 94' lang='lat' dir='ltr'>qui</span> <span class='ocrx_word' id='word_1_351' title='bbox 363 2020 424 2055; x_wconf 90' lang='lat' dir='ltr'>sibi</span> <span class='ocrx_word' id='word_1_352' title='bbox 454 2024 603 2054; x_wconf 87' lang='lat' dir='ltr'>actiones</span> <span class='ocrx_word' id='word_1_353' title='bbox 632 2020 788 2066; x_wconf 87' lang='lat' dir='ltr'>quasdam</span> <span class='ocrx_word' id='word_1_354' title='bbox 819 2024 973 2054; x_wconf 86' lang='lat' dir='ltr'>asserunt</span> <span class='ocrx_word' id='word_1_355' title='bbox 1001 2024 1194 2065; x_wconf 84' lang='lat' dir='ltr'>competere</span> <span class='ocrx_word' id='word_1_356' title='bbox 1222 2023 1252 2053; x_wconf 92' lang='lat' dir='ltr'>in</span> <span class='ocrx_word' id='word_1_357' title='bbox 1283 2020 1405 2054; x_wconf 83' lang='lat' dir='ltr'>eisdem</span> <span class='ocrx_word' id='word_1_358' title='bbox 1436 2021 1587 2054; x_wconf 89' lang='lat' dir='ltr'>iudicium</span> <span class='ocrx_word' id='word_1_359' title='bbox 1614 2024 1647 2053; x_wconf 91' lang='lat' dir='ltr'>et</span> <span class='ocrx_word' id='word_1_360' title='bbox 1667 2022 1826 2053; x_wconf 86' lang='lat' dir='ltr'>iusticiam</span> <span class='ocrx_word' id='word_1_361' title='bbox 1848 2018 1946 2052; x_wconf 81' lang='lat' dir='ltr'>faciat</span> 
     </span>
     <span class='ocr_line' id='line_1_33' title="bbox 106 2079 1400 2127; baseline 0.003 -16"><span class='ocrx_word' id='word_1_362' title='bbox 106 2083 138 2112; x_wconf 87' lang='lat' dir='ltr'>et</span> <span class='ocrx_word' id='word_1_363' title='bbox 166 2079 389 2126; x_wconf 87' lang='lat' dir='ltr'>indempnitati</span> <span class='ocrx_word' id='word_1_364' title='bbox 419 2093 531 2115; x_wconf 85' lang='lat' dir='ltr'>eorum</span> <span class='ocrx_word' id='word_1_365' title='bbox 561 2093 657 2127; x_wconf 87' lang='lat' dir='ltr'>quam</span> <span class='ocrx_word' id='word_1_366' title='bbox 687 2081 728 2114; x_wconf 95' lang='lat' dir='ltr'>de</span> <span class='ocrx_word' id='word_1_367' title='bbox 757 2084 826 2114; x_wconf 89' lang='lat' dir='ltr'>iure</span> <span class='ocrx_word' id='word_1_368' title='bbox 856 2080 973 2114; x_wconf 84' lang='lat' dir='ltr'>debeat</span> <span class='ocrx_word' id='word_1_369' title='bbox 1001 2086 1119 2114; x_wconf 86' lang='lat' dir='ltr'>caueat</span> <span class='ocrx_word' id='word_1_370' title='bbox 1147 2083 1178 2114; x_wconf 90' lang='lat' dir='ltr'>in</span> <span class='ocrx_word' id='word_1_371' title='bbox 1209 2081 1268 2115; x_wconf 88' lang='lat' dir='ltr'>bac</span> <span class='ocrx_word' id='word_1_372' title='bbox 1298 2085 1400 2127; x_wconf 86' lang='lat' dir='ltr'>parte.</span> 
     </span>
    </p>

    <p class='ocr_par' dir='ltr' id='par_1_8' title="bbox 102 2141 1943 2551">
     <span class='ocr_line' id='line_1_34' title="bbox 260 2141 1940 2188; baseline 0 -14"><span class='ocrx_word' id='word_1_373' title='bbox 260 2141 325 2174; x_wconf 89' lang='lat' dir='ltr'>Sed</span> <span class='ocrx_word' id='word_1_374' title='bbox 368 2147 400 2176; x_wconf 87' lang='lat' dir='ltr'>ut</span> <span class='ocrx_word' id='word_1_375' title='bbox 437 2145 544 2176; x_wconf 89' lang='lat' dir='ltr'>omnis</span> <span class='ocrx_word' id='word_1_376' title='bbox 580 2145 714 2175; x_wconf 88' lang='lat' dir='ltr'>materia</span> <span class='ocrx_word' id='word_1_377' title='bbox 749 2144 929 2187; x_wconf 81' lang='lat' dir='ltr'>questionis</span> <span class='ocrx_word' id='word_1_378' title='bbox 970 2144 1205 2187; x_wconf 87' lang='lat' dir='ltr'>cuiuscumque</span> <span class='ocrx_word' id='word_1_379' title='bbox 1243 2153 1342 2188; x_wconf 82' lang='lat' dir='ltr'>super</span> <span class='ocrx_word' id='word_1_380' title='bbox 1378 2144 1550 2188; x_wconf 75' lang='lat' dir='ltr'>premissis</span> <span class='ocrx_word' id='word_1_381' title='bbox 1581 2142 1710 2175; x_wconf 86' lang='lat' dir='ltr'>tollatur</span> <span class='ocrx_word' id='word_1_382' title='bbox 1738 2141 1778 2175; x_wconf 93' lang='lat' dir='ltr'>de</span> <span class='ocrx_word' id='word_1_383' title='bbox 1807 2152 1880 2175; x_wconf 88' lang='lat' dir='ltr'>meo</span> <span class='ocrx_word' id='word_1_384' title='bbox 1910 2144 1940 2174; x_wconf 94' lang='lat' dir='ltr'>in</span> 
     </span>
     <span class='ocr_line' id='line_1_35' title="bbox 104 2200 1941 2248; baseline 0.001 -14"><span class='ocrx_word' id='word_1_385' title='bbox 104 2200 246 2234; x_wconf 83' lang='lat' dir='ltr'>futurum</span> <span class='ocrx_word' id='word_1_386' title='bbox 274 2202 370 2246; x_wconf 87' lang='lat' dir='ltr'>plane</span> <span class='ocrx_word' id='word_1_387' title='bbox 398 2208 542 2237; x_wconf 88' lang='lat' dir='ltr'>notatum</span> <span class='ocrx_word' id='word_1_388' title='bbox 571 2208 602 2237; x_wconf 90' lang='lat' dir='ltr'>et</span> <span class='ocrx_word' id='word_1_389' title='bbox 631 2214 795 2248; x_wconf 77' lang='lat' dir='ltr'>expresse</span> <span class='ocrx_word' id='word_1_390' title='bbox 825 2205 854 2235; x_wconf 93' lang='lat' dir='ltr'>in</span> <span class='ocrx_word' id='word_1_391' title='bbox 885 2213 1024 2248; x_wconf 89' lang='lat' dir='ltr'>presens</span> <span class='ocrx_word' id='word_1_392' title='bbox 1055 2202 1205 2248; x_wconf 79' lang='lat' dir='ltr'>placitum</span> <span class='ocrx_word' id='word_1_393' title='bbox 1237 2206 1287 2236; x_wconf 84' lang='lat' dir='ltr'>est</span> <span class='ocrx_word' id='word_1_394' title='bbox 1315 2202 1487 2236; x_wconf 87' lang='lat' dir='ltr'>deductum</span> <span class='ocrx_word' id='word_1_395' title='bbox 1517 2201 1601 2248; x_wconf 90' lang='lat' dir='ltr'>quod</span> <span class='ocrx_word' id='word_1_396' title='bbox 1631 2206 1769 2247; x_wconf 85' lang='lat' dir='ltr'>uterque</span> <span class='ocrx_word' id='word_1_397' title='bbox 1793 2206 1941 2235; x_wconf 88' lang='lat' dir='ltr'>nostrum</span> 
     </span>
     <span class='ocr_line' id='line_1_36' title="bbox 105 2261 1941 2309; baseline 0.001 -14"><span class='ocrx_word' id='word_1_398' title='bbox 105 2265 136 2295; x_wconf 91' lang='lat' dir='ltr'>in</span> <span class='ocrx_word' id='word_1_399' title='bbox 167 2261 304 2295; x_wconf 87' lang='lat' dir='ltr'>solidum</span> <span class='ocrx_word' id='word_1_400' title='bbox 333 2264 501 2308; x_wconf 84' lang='lat' dir='ltr'>possideat</span> <span class='ocrx_word' id='word_1_401' title='bbox 529 2269 561 2297; x_wconf 90' lang='lat' dir='ltr'>et</span> <span class='ocrx_word' id='word_1_402' title='bbox 590 2268 699 2297; x_wconf 88' lang='lat' dir='ltr'>teneat</span> <span class='ocrx_word' id='word_1_403' title='bbox 729 2266 885 2296; x_wconf 70' lang='lat' dir='ltr'>vniuersa</span> <span class='ocrx_word' id='word_1_404' title='bbox 915 2268 945 2297; x_wconf 91' lang='lat' dir='ltr'>et</span> <span class='ocrx_word' id='word_1_405' title='bbox 975 2263 1102 2307; x_wconf 83' lang='lat' dir='ltr'>singula</span> <span class='ocrx_word' id='word_1_406' title='bbox 1135 2274 1197 2308; x_wconf 89' lang='lat' dir='ltr'>que</span> <span class='ocrx_word' id='word_1_407' title='bbox 1226 2266 1257 2296; x_wconf 93' lang='lat' dir='ltr'>in</span> <span class='ocrx_word' id='word_1_408' title='bbox 1287 2266 1431 2308; x_wconf 85' lang='lat' dir='ltr'>presenti</span> <span class='ocrx_word' id='word_1_409' title='bbox 1461 2262 1619 2308; x_wconf 72' lang='lat' dir='ltr'>possidet‚</span> <span class='ocrx_word' id='word_1_410' title='bbox 1649 2265 1721 2296; x_wconf 89' lang='lat' dir='ltr'>sine</span> <span class='ocrx_word' id='word_1_411' title='bbox 1741 2265 1941 2309; x_wconf 78' lang='lat' dir='ltr'>exceptione</span> 
     </span>
     <span class='ocr_line' id='line_1_37' title="bbox 103 2321 1940 2370; baseline -0.001 -14"><span class='ocrx_word' id='word_1_412' title='bbox 103 2326 135 2356; x_wconf 85' lang='lat' dir='ltr'>et</span> <span class='ocrx_word' id='word_1_413' title='bbox 163 2321 394 2367; x_wconf 88' lang='lat' dir='ltr'>impedimento</span> <span class='ocrx_word' id='word_1_414' title='bbox 421 2324 565 2370; x_wconf 84' lang='lat' dir='ltr'>quolibet</span> <span class='ocrx_word' id='word_1_415' title='bbox 594 2327 694 2370; x_wconf 87' lang='lat' dir='ltr'>partis</span> <span class='ocrx_word' id='word_1_416' title='bbox 724 2323 857 2357; x_wconf 88' lang='lat' dir='ltr'>alterius</span> <span class='ocrx_word' id='word_1_417' title='bbox 887 2324 1023 2369; x_wconf 81' lang='lat' dir='ltr'>pacifice</span> <span class='ocrx_word' id='word_1_418' title='bbox 1052 2329 1083 2357; x_wconf 89' lang='lat' dir='ltr'>et</span> <span class='ocrx_word' id='word_1_419' title='bbox 1111 2327 1241 2369; x_wconf 68' lang='lat' dir='ltr'>quiete3</span> <span class='ocrx_word' id='word_1_420' title='bbox 1270 2324 1408 2370; x_wconf 87' lang='lat' dir='ltr'>dampna</span> <span class='ocrx_word' id='word_1_421' title='bbox 1438 2326 1542 2357; x_wconf 83' lang='lat' dir='ltr'>eciam</span> <span class='ocrx_word' id='word_1_422' title='bbox 1573 2322 1648 2356; x_wconf 91' lang='lat' dir='ltr'>binc</span> <span class='ocrx_word' id='word_1_423' title='bbox 1675 2323 1806 2357; x_wconf 81' lang='lat' dir='ltr'>inaltata</span> <span class='ocrx_word' id='word_1_424' title='bbox 1843 2334 1940 2356; x_wconf 89' lang='lat' dir='ltr'>com—</span> 
     </span>
     <span class='ocr_line' id='line_1_38' title="bbox 104 2384 1943 2430; baseline -0.001 -14"><span class='ocrx_word' id='word_1_425' title='bbox 104 2385 308 2428; x_wconf 88' lang='lat' dir='ltr'>pensacione</span> <span class='ocrx_word' id='word_1_426' title='bbox 350 2388 456 2417; x_wconf 88' lang='lat' dir='ltr'>mutua</span> <span class='ocrx_word' id='word_1_427' title='bbox 500 2388 541 2419; x_wconf 88' lang='lat' dir='ltr'>sit</span> <span class='ocrx_word' id='word_1_428' title='bbox 569 2385 695 2419; x_wconf 86' lang='lat' dir='ltr'>sublata</span> <span class='ocrx_word' id='word_1_429' title='bbox 725 2387 795 2418; x_wconf 88' lang='lat' dir='ltr'>siue</span> <span class='ocrx_word' id='word_1_430' title='bbox 825 2395 883 2430; x_wconf 91' lang='lat' dir='ltr'>per</span> <span class='ocrx_word' id='word_1_431' title='bbox 910 2395 981 2419; x_wconf 77' lang='lat'>1108.</span> <span class='ocrx_word' id='word_1_432' title='bbox 1012 2384 1137 2418; x_wconf 86' lang='lat' dir='ltr'>nobiles</span> <span class='ocrx_word' id='word_1_433' title='bbox 1167 2396 1224 2418; x_wconf 87' lang='lat' dir='ltr'>seu</span> <span class='ocrx_word' id='word_1_434' title='bbox 1254 2387 1358 2418; x_wconf 88' lang='lat' dir='ltr'>eciam</span> <span class='ocrx_word' id='word_1_435' title='bbox 1389 2387 1571 2417; x_wconf 77' lang='lat' dir='ltr'>sei-nitores</span> <span class='ocrx_word' id='word_1_436' title='bbox 1601 2388 1732 2417; x_wconf 87' lang='lat' dir='ltr'>nostros</span> <span class='ocrx_word' id='word_1_437' title='bbox 1761 2394 1943 2430; x_wconf 81' lang='lat' dir='ltr'>quoscum-—</span> 
     </span>
     <span class='ocr_line' id='line_1_39' title="bbox 103 2442 1942 2490; baseline 0 -14"><span class='ocrx_word' id='word_1_438' title='bbox 103 2453 178 2487; x_wconf 88' lang='lat' dir='ltr'>que.</span> <span class='ocrx_word' id='word_1_439' title='bbox 200 2442 348 2489; x_wconf 90' lang='lat' dir='ltr'>Dampna</span> <span class='ocrx_word' id='word_1_440' title='bbox 370 2442 463 2476; x_wconf 89' lang='lat' dir='ltr'>huius</span> <span class='ocrx_word' id='word_1_441' title='bbox 482 2448 546 2479; x_wconf 88' lang='lat' dir='ltr'>sint</span> <span class='ocrx_word' id='word_1_442' title='bbox 573 2446 730 2479; x_wconf 87' lang='lat' dir='ltr'>admissa.</span> <span class='ocrx_word' id='word_1_443' title='bbox 752 2444 790 2478; x_wconf 86' lang='lat' dir='ltr'>Et</span> <span class='ocrx_word' id='word_1_444' title='bbox 811 2444 851 2478; x_wconf 87' lang='lat' dir='ltr'>bii</span> <span class='ocrx_word' id='word_1_445' title='bbox 873 2447 926 2490; x_wconf 87' lang='lat' dir='ltr'>qui</span> <span class='ocrx_word' id='word_1_446' title='bbox 946 2444 1085 2490; x_wconf 90' lang='lat' dir='ltr'>dampna</span> <span class='ocrx_word' id='word_1_447' title='bbox 1106 2448 1201 2478; x_wconf 88' lang='lat' dir='ltr'>terris</span> <span class='ocrx_word' id='word_1_448' title='bbox 1226 2448 1346 2479; x_wconf 89' lang='lat' dir='ltr'>nostris</span> <span class='ocrx_word' id='word_1_449' title='bbox 1376 2450 1407 2478; x_wconf 90' lang='lat' dir='ltr'>et</span> <span class='ocrx_word' id='word_1_450' title='bbox 1434 2443 1617 2478; x_wconf 86' lang='lat' dir='ltr'>bominibus</span> <span class='ocrx_word' id='word_1_451' title='bbox 1643 2444 1818 2479; x_wconf 88' lang='lat' dir='ltr'>intulerunt</span> <span class='ocrx_word' id='word_1_452' title='bbox 1845 2444 1942 2489; x_wconf 82' lang='lat' dir='ltr'>plene</span> 
     </span>
     <span class='ocr_line' id='line_1_40' title="bbox 102 2504 1943 2551; baseline 0 -15"><span class='ocrx_word' id='word_1_453' title='bbox 102 2506 248 2548; x_wconf 82' lang='lat' dir='ltr'>graciam</span> <span class='ocrx_word' id='word_1_454' title='bbox 277 2508 420 2537; x_wconf 82' lang='lat' dir='ltr'>nostram</span> <span class='ocrx_word' id='word_1_455' title='bbox 442 2504 583 2540; x_wconf 87' lang='lat' dir='ltr'>habeant</span> <span class='ocrx_word' id='word_1_456' title='bbox 602 2506 642 2539; x_wconf 89' lang='lat' dir='ltr'>de</span> <span class='ocrx_word' id='word_1_457' title='bbox 662 2506 810 2551; x_wconf 86' lang='lat' dir='ltr'>dampnis</span> <span class='ocrx_word' id='word_1_458' title='bbox 831 2509 861 2538; x_wconf 91' lang='lat' dir='ltr'>et</span> <span class='ocrx_word' id='word_1_459' title='bbox 888 2507 1012 2539; x_wconf 85' lang='lat' dir='ltr'>iniuriis</span> <span class='ocrx_word' id='word_1_460' title='bbox 1033 2516 1136 2551; x_wconf 87' lang='lat' dir='ltr'>usque</span> <span class='ocrx_word' id='word_1_461' title='bbox 1161 2505 1199 2539; x_wconf 87' lang='lat' dir='ltr'>ad</span> <span class='ocrx_word' id='word_1_462' title='bbox 1227 2505 1287 2539; x_wconf 92' lang='lat' dir='ltr'>hec</span> <span class='ocrx_word' id='word_1_463' title='bbox 1315 2510 1460 2551; x_wconf 88' lang='lat' dir='ltr'>tempora</span> <span class='ocrx_word' id='word_1_464' title='bbox 1489 2507 1642 2549; x_wconf 87' lang='lat' dir='ltr'>irrogatis</span> <span class='ocrx_word' id='word_1_465' title='bbox 1669 2516 1768 2551; x_wconf 87' lang='lat' dir='ltr'>porro</span> <span class='ocrx_word' id='word_1_466' title='bbox 1793 2507 1866 2550; x_wconf 89' lang='lat' dir='ltr'>quia</span> <span class='ocrx_word' id='word_1_467' title='bbox 1901 2515 1943 2537; x_wconf 82' lang='lat' dir='ltr'>m¹</span> 
     </span>
    </p>
   </div>
   <div class='ocr_carea' id='block_1_4' title="bbox 103 2563 1939 2654">
    <p class='ocr_par' dir='ltr' id='par_1_9' title="bbox 103 2563 1939 2654">
     <span class='ocr_line' id='line_1_41' title="bbox 103 2563 1939 2612; baseline 0.002 -15"><span class='ocrx_word' id='word_1_468' title='bbox 103 2563 269 2597; x_wconf 78' lang='lat' dir='ltr'>affinitatis</span> <span class='ocrx_word' id='word_1_469' title='bbox 282 2568 312 2597; x_wconf 88' lang='lat' dir='ltr'>et</span> <span class='ocrx_word' id='word_1_470' title='bbox 332 2568 626 2609; x_wconf 88' lang='lat' dir='ltr'>consanguinitatis</span> <span class='ocrx_word' id='word_1_471' title='bbox 647 2566 775 2600; x_wconf 81' lang='lat' dir='ltr'>affectio</span> <span class='ocrx_word' id='word_1_472' title='bbox 795 2566 834 2599; x_wconf 90' lang='lat' dir='ltr'>ad</span> <span class='ocrx_word' id='word_1_473' title='bbox 855 2565 1051 2599; x_wconf 89' lang='lat' dir='ltr'>correlatum</span> <span class='ocrx_word' id='word_1_474' title='bbox 1073 2577 1216 2600; x_wconf 87' lang='lat' dir='ltr'>amorem</span> <span class='ocrx_word' id='word_1_475' title='bbox 1239 2577 1299 2600; x_wconf 91' lang='lat' dir='ltr'>nos</span> <span class='ocrx_word' id='word_1_476' title='bbox 1319 2566 1481 2612; x_wconf 80' lang='lat' dir='ltr'>pnt(‘?)et</span> <span class='ocrx_word' id='word_1_477' title='bbox 1501 2565 1597 2599; x_wconf 88' lang='lat' dir='ltr'>decet</span> <span class='ocrx_word' id='word_1_478' title='bbox 1617 2570 1726 2599; x_wconf 89' lang='lat' dir='ltr'>mutuo</span> <span class='ocrx_word' id='word_1_479' title='bbox 1738 2568 1866 2599; x_wconf 84' lang='lat' dir='ltr'>vnitare</span> <span class='ocrx_word' id='word_1_480' title='bbox 1888 2567 1939 2600; x_wconf 84' lang='lat' dir='ltr'>uel</span> 
     </span>
     <span class='ocr_line' id='line_1_42' title="bbox 1742 2626 1799 2654; baseline -0.035 0"><span class='ocrx_word' id='word_1_481' title='bbox 1742 2626 1799 2654; x_wconf 80' lang='lat'>122</span> 
     </span>
    </p>
   </div>
  </div>
 </body>
</html>
