2184 2828
1102 101 1174 133 952

1025 218 1252 261 Responsiua.

367 280 511 313 Deceret
545 283 648 313 nostri
692 278 826 312 honoris
862 279 987 312 titulum
1021 281 1047 311 si
1084 282 1319 311 extraneorum
1354 280 1536 323 principum
1574 283 1698 324 partem
1729 279 1919 314 foueremus
1949 285 2064 315 contra

210 340 380 374 libertates
415 345 448 375 et
482 343 552 374 iura
594 341 735 386 imperiJ„
775 344 841 373 tum
874 342 948 385 quia
980 342 1165 372 iuramento
1195 337 1360 371 fidelitatis
1390 338 1627 383 adstringimur
1656 339 1694 372 ad
1724 340 1918 385 pariendum
1946 344 2065 387 reipu-

210 401 305 443 blice,
337 406 401 435 tuni
431 404 507 446 quia
538 401 705 435 sollarium
735 399 820 445 quod
860 410 876 432 a
912 400 994 433 iisco
1024 401 1119 441 regio
1148 401 1338 444 accepimus
1374 409 1435 432 nos
1464 399 1631 444 compellit
1660 402 1748 434 uires
1777 404 1909 434 nostras
1938 405 1971 434 et
1999 412 2066 447 po—

210 465 351 496 tenciam
382 461 422 495 ad
451 462 631 507 imperialis
661 460 797 495 honoris
827 460 1058 494 celsitudinem
1088 461 1250 492 excitare.
1280 458 1351 492 Hiis
1370 461 1480 503 itaque
1505 459 1726 494 consideratis
1746 464 1857 494 uestre
1878 460 2065 496 dilectionis

210 525 325 557 intuitu
356 526 410 556 via
440 533 541 569 super
569 524 737 568 requisitis
770 522 783 565 (
898 525 904 561 )
935 525 986 554 est
1015 523 1128 553 uestre
1158 522 1281 553 noticie
1312 519 1491 565 patefacta.

1077 632 1205 665 Aliter.

364 695 427 729 Tot
455 699 488 728 et
517 697 615 728 tantis
644 698 732 728 terra
762 698 875 727 nostra
917 703 1080 739 oppressa
1115 696 1163 725 est
1193 691 1425 725 afflictionibus
1454 691 1541 737 quod
1570 692 1608 725 ad
1644 692 1829 726 mandatum
1865 695 2066 727 serenitatis

207 758 302 801 regie
340 767 402 790 nec
443 755 484 789 ad
514 755 739 789 Boleemorum
782 756 879 798 regia
908 754 1078 797 stipendia
1109 752 1397 798 promptitudinem
1434 751 1670 797 obsequiorum
1700 752 1860 786 exhibere
1889 764 2067 799 possumus

208 818 371 863 eligentes
402 819 510 862 potius
540 818 661 850 nostris
690 825 831 861 preesse
860 813 999 848 subditis
1029 813 1068 847 ad
1099 825 1210 848 reruin
1240 826 1372 848 suarum
1403 814 1631 848 defensionem
1661 826 1756 860 quam
1783 827 1898 860 regum
1928 816 2065 850 aliorum

208 878 350 913 submitti
380 880 533 911 seruiciis
563 888 607 910 ex
636 886 774 921 quorum
804 878 1013 920 impensione
1045 875 1130 908 l'orte
1159 874 1318 920 grauibus
1349 875 1570 909 subiiceretur
1599 875 1780 922 dispendiis
1809 881 1895 910 terra
1938 881 2063 910 nostra.

530 989 761 1033 Lamyrauius
789 989 902 1020 iunior
931 989 1122 1031 certificari
1149 988 1219 1021 volt
1248 988 1288 1021 de
1318 987 1514 1032 quibus-{lam
1544 987 1745 1022 rumoribus.

364 1050 531 1096 Exposuit
566 1054 680 1083 uestre
723 1051 845 1082 noticie
882 1048 1097 1093 quorumdam
1132 1048 1275 1082 iidelium
1310 1053 1496 1082 nostrorum
1526 1049 1650 1082 relacio
1680 1048 1763 1094 quod
1794 1048 2067 1096 archiepiscopus

209 1117 243 1146 ut
276 1124 293 1145 a
337 1112 484 1158 plurimis
514 1113 724 1156 presumitur„
763 1109 1008 1142 dissensionum
1039 1108 1250 1142 turbaciones
1280 1108 1452 1142 delectans
1482 1120 1667 1151 resumerQ
1698 1114 1805 1143 castra
1836 1121 1894 1143 sua
1922 1113 1955 1143 in
1985 1121 2068 1156 pai·-

209 1172 297 1207 tibus
338 1172 497 1215 Turinqz'c
533 1170 658 1204 firmius
700 1169 807 1203 solido
845 1172 961 1202 muniri
1000 1172 1151 1215 precepit
1189 1174 1253 1202 tam
1290 1172 1510 1203 castrensium
1549 1169 1714 1214 duplicato
1751 1169 1872 1204 robore
1907 1180 2003 1215 quam
2034 1175 2067 1204 et

210 1234 448 1269 sufficiencium
479 1232 518 1265 ad
548 1234 698 1278 spacium
728 1233 826 1264 vuius
857 1233 933 1264 anni
963 1233 1167 1264 necessariis
1196 1240 1432 1276 expensarum.
1465 1229 1545 1263 Cum
1567 1241 1646 1263 uero
1672 1231 1770 1264 multa
1791 1230 1960 1275 confingat
1979 1230 2067 1265 fame

207 1294 385 1339 garrulitas
415 1298 447 1326 et
475 1293 515 1326 de
545 1294 714 1338 premissis
744 1291 869 1325 habere
899 1292 1041 1325 velimus
1071 1291 1313 1324 certitudinem.
1345 1290 1489 1324 fidelitati
1519 1294 1573 1323 tue
1602 1290 1792 1324 mandamus
1822 1295 1855 1324 ut
1876 1290 1970 1325 huius
1989 1290 2067 1324 facti

209 1357 392 1401 experiatis
422 1356 698 1388 circumstancias
728 1357 760 1386 et
789 1355 928 1386 ueritate
957 1354 1248 1396 cognita.ce1·tuiu
1284 1355 1433 1384 nostrum
1462 1350 1581 1384 reddas
1612 1354 1753 1384 animum
1789 1351 1999 1385 lluctuantem
2035 1355 2066 1386 in

209 1417 317 1450 multis
347 1413 599 1449 assercionibus
628 1425 692 1459 que
722 1413 944 1458 multipliciter
973 1412 1011 1446 ad
1042 1417 1190 1445 nostram
1221 1414 1419 1457 proueniunt
1449 1414 1637 1444 nocionem.

1070 1524 1198 1558 Aliter.

362 1587 405 1621 Vt
440 1598 541 1633 super
577 1587 720 1621 diuersis
757 1589 975 1631 negociorum
1018 1585 1212 1618 tractatibus
1242 1596 1305 1630 que
1335 1584 1415 1618 fiunt
1444 1586 1475 1617 in
1503 1583 1650 1630 partibus
1684 1584 1845 1628 Turinqie
1873 1587 1956 1618 certi
1985 1585 2071 1618 red-

206 1649 321 1683 damur
349 1660 409 1695 per
437 1653 509 1683 tuas
539 1649 668 1682 litteras
698 1647 849 1681 uolumus
880 1652 910 1680 et
943 1646 1138 1680 mandamus
1169 1650 1318 1679 testatur.
1351 1646 1393 1679 λ’.
1425 1645 1509 1690 apud
1537 1656 1598 1679 nos
1627 1646 1800 1679 multorum
1830 1646 1954 1679 relacio
1983 1646 2071 1692 quod

205 1710 370 1744 dominus.
414 1709 459 1743 M.
498 1709 732 1743 delectamenti
771 1719 873 1741 causa
910 1710 941 1740 iu
981 1707 1205 1740 dissencionis
1242 1709 1356 1752 spiritu
1393 1709 1578 1751 suscipiens
1611 1711 1728 1740 contra
1757 1705 1924 1740 dominum
1954 1717 2069 1751 reqem

205 1771 435 1805 Rornanorum
476 1772 628 1803 excitare
670 1767 807 1802 intendit
845 1767 1008 1801 hostiliter
1037 1770 1125 1800 uires
1155 1772 1185 1800 et
1215 1770 1356 1801 animum
1393 1770 1513 1800 castris
1542 1770 1611 1801 suis
1641 1766 1840 1800 habundanti
1870 1769 2064 1813 prouisione

205 1834 350 1865 virorum
379 1834 513 1864 strenue
543 1829 740 1863 bellanciuiu
770 1833 786 1872 (V
894 1830 907 1869 i
938 1838 1166 1873 expensarum
1197 1827 1332 1861 firmiter
1361 1831 1573 1861 conmunitis.

1022 1941 1252 1984 Responsz‘ua.

361 2004 414 2038 Ad
443 2003 631 2037 mandatum
661 2006 772 2035 uestro
802 2001 1058 2046 magnificencie
1087 2001 1207 2035 occulti
1238 2005 1395 2034 tractatus
1426 2003 1549 2034 seriem
1578 2002 1747 2045 sagaciter
1774 2002 1977 2044 inuestigant
2002 2010 2067 2045 que

206 2069 318 2099 uestre
353 2064 577 2098 dominacioni
613 2067 730 2096 tenore
766 2065 979 2108 presencium
1017 2065 1163 2108 aperitur
1197 2066 1308 2095 uestra
1338 2064 1365 2095 si
1400 2060 1532 2106 quidem
1561 2072 1627 2094 non
1655 2060 1754 2094 lateat
1782 2062 1949 2104 noticiam,
1980 2060 2066 2106 quod

206 2126 356 2159 dominus
384 2125 604 2170 Maqmetz'mis
633 2124 706 2170 plus
736 2123 956 2157 dissensionis
993 2123 1155 2156 turbinem
1185 2133 1281 2168 quam
1311 2125 1402 2167 pacis
1431 2122 1635 2167 amplectens
1664 2120 1835 2154 commoda
1866 2132 1925 2154 sua
1955 2125 2066 2155 castra

207 2187 395 2220 firmissimo
424 2188 527 2230 cingit
556 2184 678 2219 robore
705 2188 916 2218 strenuorum
949 2184 1141 2217 bellatorum
1172 2184 1265 2228 largo
1295 2186 1344 2216 eis
1374 2186 1507 2229 prouiso
1537 2182 1681 2223 sollariQ
1711 2184 1846 2227 suisque
1874 2185 2066 2216 castrensi-

206 2246 268 2281 bus
296 2245 527 2291 ignorantibus
557 2256 655 2291 quem
684 2245 783 2279 linem
813 2247 951 2289 attingat
983 2248 1013 2278 in
1045 2244 1107 2278 hoc
1135 2255 1195 2278 sue
1225 2246 1431 2290 propositum
1458 2243 1649 2277 uoluntatis.

1070 2348 1196 2381 Aliter.

362 2409 454 2443 Licet
489 2421 548 2455 per
585 2410 737 2443 diuersas
772 2413 884 2454 partes
913 2413 1155 2454 respargentur
1190 2408 1340 2441 licmenta
1372 2408 1572 2454 multiplicia3
1603 2410 1712 2439 tamen
1742 2417 1802 2452 pro
1830 2406 1924 2440 firmo
1952 2410 2066 2439 uestre

207 2471 358 2518 preclare
400 2473 615 2515 ingenuitatis
651 2473 761 2503 teneat
797 2469 972 2503 credulitas
1011 2469 1096 2513 quod
1126 2473 1321 2502 castrenses
1352 2468 1473 2502 domini
1502 2469 1685 2511 maguntini
1725 2467 1847 2500 nullum
1877 2466 2065 2500 mandatum

207 2543 309 2578 super
337 2535 521 2565 castrorum
550 2541 685 2565 suorum
715 2533 894 2564 munimine
922 2534 1136 2575 receperunt,
1167 2541 1229 2563 nec
1258 2531 1331 2575 plus
1360 2530 1458 2563 solito
1478 2531 1668 2561 muniuntur
1687 2538 1913 2574 expensarum
1933 2537 2065 2561 neces-

208 2595 316 2635 sariis‚
347 2592 407 2627 sed
435 2594 467 2625 in
496 2591 728 2637 tranquillitate
757 2593 848 2637 pacis
877 2595 982 2624 status
1013 2593 1159 2636 persistit
1193 2590 1353 2634 Turinyie
1382 2587 1527 2634 quolibet
1555 2587 1721 2622 discordie
1741 2590 1879 2634 strepitu
1898 2587 2064 2633 relegato.
