2184 2828
1114 133 1185 167 (342

229 263 305 285 cura
344 253 623 297 vigintiquinqum
655 253 681 283 si
711 261 793 283 vero
823 253 894 284 sine
923 262 1001 284 cura
1037 250 1136 283 suerit
1164 250 1278 283 decem
1314 255 1346 284 et
1373 254 1447 284 octo
1476 251 1684 286 Marcharum
1719 256 1846 294 argenti
1884 253 2064 287 secundum

228 314 433 344 taxationem
470 312 597 344 decimo
631 311 780 344 valorem
817 322 958 344 annuum
995 322 1059 344 non
1097 310 1281 353 excedant,
1308 315 1471 356 spectans
1513 316 1729 346 communiter
1769 314 1819 347 vei
1861 313 1991 346 divisim
2027 313 2066 347 ad

228 372 437 405 collationem
468 374 692 417 provisionem
724 374 1005 416 presentationem
1035 382 1092 404 seu
1123 373 1275 415 (piamvis
1308 371 1403 404 aliam
1439 371 1682 416 dispositionem
1720 373 1922 406 venerabilis
1958 373 2066 407 fratris

232 435 354 465 nostri.
375 432 549 477 ,Episcopi
580 436 609 464 et
640 431 831 465 dilectorum
854 432 1011 465 liliorum.
1031 430 1227 475 .l'repositi.
1246 430 1390 464 ,Decani
1420 435 1451 464 et
1471 432 1606 477 Capituli
1628 434 1835 470 olomucen..
1865 437 1890 467 si
1920 433 2004 478 quod
2035 436 2067 466 in

229 492 370 525 ecclesia
394 493 533 525 Civitate
562 492 615 525 vel
645 492 769 525 diocesi
792 492 987 525 Olomucen.
1018 495 1116 524 vacat
1145 491 1182 524 ad
1214 502 1351 536 presens
1382 491 1434 525 vel
1455 503 1526 524 cum
1546 496 1719 526 vacaverit
1740 520 1746 526 .
1771 520 1776 525 .
1800 520 1806 526 .
1829 493 2067 527 conserendum

228 553 283 586 tibi
307 580 313 585 .
338 580 374 585 ..
405 564 690 586 reservamus...
723 552 790 585 Seu
826 552 911 597 quod
946 555 975 585 in
1012 552 1156 585 ecclesia
1191 554 1296 584 sancti
1333 551 1418 584 Petri
1453 552 1493 584 de
1526 551 1656 586 Brunna
1693 553 1886 586 Olomucen.
1923 554 2067 587 diocesis

228 616 458 646 canonicatum
489 617 520 646 et
548 612 750 658 prebendam
771 616 920 646 nosceris
947 613 1107 645 obtinere.
1144 611 1228 645 Nulli
1250 622 1332 655 ergo
1352 616 1414 645 etc.
1446 617 1558 645 nostre
1578 616 1829 651 reservationis„
1858 613 2067 650 inhibitionis

229 678 259 706 et
288 676 531 707 constitutionis
560 673 742 717 infringere
771 678 834 707 etc.
866 673 982 706 Datum
1013 672 1181 705 Avinione
1212 671 1255 705 111
1285 671 1359 705 Idus
1387 671 1536 705 Januarii
1564 673 1662 706 Anno
1692 674 1850 718 Septimo.

536 752 621 783 (Nach
646 752 705 777 dem
732 752 806 784 Orig.
834 752 950 781 Regesn-
968 751 1069 776 l'abst's
1095 751 1219 775 Clemens
1246 750 1289 775 Vl.
1315 748 1341 776 J.
1369 750 1425 775 Vll.
1452 750 1479 776 B.
1505 751 1537 778 V.
1562 751 1588 777 T.
1615 751 1632 776 1.
1662 751 1704 777 Br.
1735 751 1792 776 126
1818 752 1844 776 S.
1873 751 1910 778 50
1935 752 1968 776 im
1992 751 2069 777 Vati-

644 804 786 829 canischen
814 803 929 828 Archivc
954 811 984 828 zu
1010 803 1082 828 Rom.
1132 803 1227 827 Vidini.
1254 802 1392 828 Abschrift
1416 804 1447 827 im
1474 811 1506 828 m⁴
1533 806 1564 828 st.
1590 803 1828 835 Landesarcliive.)

1100 921 1206 957 903.

229 1001 302 1034 Der
332 1001 504 1034 Olim'ilz-er
532 1000 683 1044 Bischof
702 1000 839 1033 Jolmim
868 1000 1003 1033 [misem
1032 1001 1117 1033 senei
1143 1011 1215 1033 seme
1245 999 1357 1032 Lelien
1378 1001 1409 1032 lie
1430 1000 1544 1033 Medic
1571 1000 1734 1044 (leboriae
1757 1000 1870 1032 Lalme
1896 1001 1954 1043 fiir
1982 1001 2071 1033 zwei

228 1062 356 1094 (indere
384 1063 419 1094 ‘in
449 1061 613 1094 Omlrale'e
639 1061 804 1105 90quer
825 1061 890 1093 wid
909 1061 981 1093 (lem
1002 1060 1278 1093 A‘ouuenlsloster
1298 1072 1338 1093 zu
1360 1060 1538 1093 Pas-tomes·
1563 1061 1748 1104 9(Ἰιι)ἰ·ῐ[]ση
1771 1060 1886 1093 Lalme
1913 1062 1977 1093 ein.
2008 1059 2068 1094 Dt.

585 1122 732 1161 Ulmucz,
761 1121 859 1155 XII'.
891 1121 944 1154 die
972 1123 1095 1154 mensis
1123 1120 1289 1153 humoris
1318 1120 1398 1162 [14.
1428 1121 1578 1163 Jameer)
1611 1120 1720 1153 1349.

384 1197 472 1249 Nos
492 1215 663 1250 Johannes
694 1216 745 1249 dei
775 1221 807 1249 et
836 1217 1018 1261 apostolice
1047 1216 1136 1250 sedis
1165 1218 1277 1260 gracia
1307 1218 1482 1261 episcopus
1509 1214 1741 1249 Olomucensis
1771 1215 1809 1248 ad
1840 1217 2072 1248 vniuersorum

229 1279 385 1310 noticiam
425 1281 542 1310 tenore
576 1280 784 1322 presencium
818 1279 966 1322 cupimus
1000 1280 1194 1322 peruenire„
1229 1277 1315 1321 quod
1349 1288 1421 1309 cum
1458 1276 1521 1309 dno
1556 1277 1640 1309 lanei
1677 1287 1850 1319 agrorum,
1885 1286 1967 1320 quos
1996 1276 2073 1309 olim

228 1337 384 1371 Prziesco
414 1340 596 1371 castrensis
625 1337 664 1370 de
693 1337 837 1382 Maylicz
867 1342 1029 1382 tamquam
1060 1337 1098 1370 ad
1129 1337 1311 1370 custodiam
1346 1340 1445 1370 castri
1480 1336 1599 1370 ibidem
1635 1339 1666 1369 in
1697 1336 1840 1381 Maylicz
1866 1337 2073 1382 *pertinentes

230 1401 259 1431 in
290 1398 422 1431 seudum
454 1397 598 1439 tenebat,
629 1401 775 1441 contigui
805 1402 836 1431 et
865 1401 965 1430 vicini
987 1400 1190 1431 monasterio
1220 1402 1334 1431 nostro
1364 1401 1394 1430 in
1417 1397 1570 1442 Pustmyr
1590 1401 1620 1429 et
1641 1396 1827 1430 immediate
1848 1399 1939 1430 iuxta
1968 1388 2073 1442 ipsum

229 1461 467 1492 monasterium
499 1461 617 1497 situatiq
649 1458 800 1503 idemque
830 1462 1063 1491 monasterium
1095 1458 1214 1491 habeat
1243 1469 1344 1502 agros
1374 1460 1404 1491 in
1437 1458 1511 1491 villa
1533 1457 1688 1491 Odraticz'
1717 1457 1944 1502 equinalentes
1973 1468 2073 1490 com-

230 1522 450 1552 mutacionem
487 1530 546 1564 pro
584 1519 679 1552 dictis
715 1518 841 1551 duobus
878 1519 982 1552 laneis
1012 1518 1196 1552 feudalibus
1235 1530 1307 1552 cum
1338 1518 1409 1552 aliis
1439 1518 1564 1551 duobus
1594 1521 1624 1551 in
1655 1518 1730 1551 villa
1762 1517 1888 1562 prefata
1919 1516 2074 1551 Odraticz

230 1582 300 1612 sitis
337 1583 422 1612 inter
455 1583 690 1612 monasterium
726 1584 871 1612 nostrum
910 1590 952 1612 ex
981 1584 1074 1624 parte
1108 1590 1172 1612 vna
1208 1584 1239 1612 et
1267 1579 1398 1612 seudum
1436 1581 1532 1612 castri
1563 1578 1724 1623 prelatum
1756 1578 1869 1611 facere
1898 1589 1941 1611 ex
1970 1577 2074 1611 altera

230 1644 294 1673 tam
324 1642 383 1685 ipsi
415 1642 631 1677 monasterio„
662 1651 757 1685 quam
787 1643 891 1673 eciam
922 1639 1020 1673 feudo
1051 1643 1157 1673 visum
1188 1639 1247 1672 suit
1275 1639 1370 1673 nobis
1400 1639 1572 1684 plurimum
1601 1638 1780 1683 expedire„
1817 1643 1848 1671 et
1876 1638 1983 1671 taliter
2012 1637 2075 1671 hoc

231 1700 270 1734 ad
302 1700 448 1733 eiusdem
478 1703 668 1733 monasterii
698 1700 834 1733 tendere
863 1700 1063 1745 profectum„
1094 1700 1179 1746 quod
1209 1700 1330 1733 nullum
1360 1699 1480 1733 exinde
1508 1703 1688 1732 memorato
1718 1697 1816 1731 feudo
1846 1698 1941 1732 fieret
1969 1698 2075 1731 detri-

231 1765 375 1793 mentum
411 1759 521 1793 habito
557 1763 655 1804 igitur
690 1772 790 1805 super
825 1760 887 1793 hoc
924 1772 996 1794 cnm
1032 1760 1282 1794 honorabilibus
1321 1763 1418 1801 virisa
1458 1758 1613 1792 fratribus
1648 1761 1679 1791 in
1710 1757 1841 1792 Christo
1875 1758 2073 1801 karissimis

231 1820 370 1854 dominis
400 1820 633 1853 Bai-tholomeo
663 1824 852 1866 prepositm
890 1821 1073 1854 Withcone
1108 1821 1342 1854 archidiacono
1377 1825 1407 1854 et
1440 1820 1580 1864 capitulo
1615 1819 1759 1852 ecclesie
1788 1823 1903 1852 nostre
1933 1817 2075 1852 Olomu-

230 1883 342 1914 censis
372 1880 520 1925 diligenti
549 1885 687 1914 tractatu
717 1881 897 1914 accedente
930 1881 969 1914 ad
1003 1881 1065 1914 hoc
1099 1892 1214 1914 eorum
1253 1892 1416 1927 expressa
1450 1882 1668 1913 conniuencia
1704 1884 1736 1912 et
1764 1880 1862 1924 pleno
1892 1878 2074 1921 consensu,

232 1941 328 1974 talem
360 1944 391 1974 in
420 1944 589 1986 premissis
619 1944 702 1974 inter
731 1942 932 1986 sepedictum
964 1945 1199 1975 monasterium
1231 1946 1377 1975 nostrum
1408 1952 1451 1974 ex
1479 1952 1561 1975 vna.
1599 1944 1630 1972 et
1659 1940 1840 1984 predictum
1870 1939 2001 1972 feudum
2032 1949 2076 1972 ex

231 2006 326 2047 parte
355 2001 456 2034 altera
478 2005 773 2035 commutacionem
803 2002 954 2043 fecimus„
985 2013 1024 2034 ac
1054 2002 1264 2047 presentibus
1293 2001 1431 2035 facimus
1453 2000 1537 2045 quod
1567 1999 1712 2044 prefatos
1741 1999 1822 2033 duos
1852 1999 1967 2033 laneos
1996 1999 2075 2033 feu-

232 2061 323 2095 dales
352 2065 412 2107 ipsi
442 2065 643 2095 monasterio
673 2066 704 2094 et
733 2065 761 2095 in
793 2065 842 2095 ius
872 2067 903 2095 et
932 2065 962 2095 in
992 2065 1227 2107 proprietatem
1258 2065 1327 2095 eius
1357 2073 1395 2095 ac
1424 2060 1625 2094 venerabilis
1656 2088 1661 2092 .
1695 2087 1700 2092 .
1732 2059 1898 2093 abbatisse
1927 2064 1959 2093 et
1987 2071 2075 2093 con-

231 2126 350 2155 uentus
379 2122 677 2155 sanctimonialium
708 2122 854 2156 eiusdem
885 2125 1075 2156 monasterii
1105 2128 1296 2168 perpetuam
1318 2122 1518 2167 applicamus
1539 2130 1652 2154 eorum
1683 2121 1756 2153 loco
1786 2120 1868 2153 dnos
1897 2121 2014 2154 laneos
2043 2122 2075 2153 in

232 2187 417 2216 memorata
447 2183 523 2216 villa
545 2181 701 2216 Odraticz
729 2185 811 2216 sitos
832 2186 894 2228 ipsi
913 2182 1011 2216 feudo
1032 2183 1148 2216 dantes
1170 2188 1202 2216 et
1222 2185 1390 2228 perpetuis
1419 2180 1590 2214 habendos
1616 2179 1819 2226 temporibus
1849 2183 2073 2224 assignantes.

232 2242 276 2276 Vt
304 2247 414 2276 autem
444 2242 506 2276 hec
536 2247 649 2276 nostra
680 2246 911 2283 commutacio,
942 2243 1126 2288 applicacio
1147 2248 1179 2276 et
1199 2245 1388 2287 assignacio
1410 2241 1507 2274 robur
1526 2240 1696 2274 obtineant
1724 2245 1883 2286 perpetue
1904 2241 2075 2282 firmitatis,

232 2308 407 2347 presentes
442 2303 513 2337 lieri
547 2307 579 2336 et
613 2303 793 2347 sigillorum
828 2309 1035 2346 nostrorum7
1070 2303 1210 2337 fecimus
1239 2305 1445 2348 appensione
1474 2303 1591 2333 muniri
1622 2328 1628 2334 .
1658 2300 1699 2334 Et
1728 2312 1789 2334 nos
1819 2301 1928 2334 diuina
1957 2303 2075 2346 proui-

233 2362 349 2396 dencia
384 2363 636 2397 Bartholomeus
672 2367 879 2409 prepositus,
917 2364 1049 2398 Withco
1085 2363 1352 2409 archidyaconus
1388 2366 1419 2395 et
1452 2361 1627 2406 capitulum
1663 2362 1806 2413 ecclesie
1842 2360 2075 2395 olomucensis

234 2422 360 2468 prefate
389 2428 661 2467 congnoscentes
691 2427 948 2470 suprascriptam
978 2427 1273 2457 commutacionem
1302 2426 1344 2456 ita
1381 2421 1453 2455 sore
1482 2424 1683 2454 monasterio
1720 2422 1866 2467 predicto
1895 2421 2075 2465 vtilemque

234 2485 297 2529 ipsi
326 2482 423 2517 feudo
452 2487 483 2517 in
513 2484 601 2518 nullo
631 2484 845 2529 dampnosam
874 2495 987 2531 ymmo
1016 2485 1166 2518 similiter
1194 2484 1246 2530 (52)
1280 2486 1517 2527 congruentem
1551 2485 1729 2527 premissas
1765 2484 2075 2523 commutacionem,

235 2543 493 2589 applicacionem
523 2549 555 2578 et
583 2547 848 2589 assignacionem
878 2544 1032 2579 hincinde
1052 2544 1092 2578 ad
1112 2549 1283 2589 vtramqne
1311 2547 1447 2589 partem,
1478 2542 1593 2584 factas,
1623 2547 1711 2576 ratas
1731 2542 1891 2576 habentes
1912 2546 1944 2575 et
1963 2545 2076 2586 gratas

235 2608 384 2638 nostrum
419 2607 467 2637 eis
500 2615 700 2639 consensum
737 2605 925 2640 beniuolum
969 2605 1162 2639 adhibemus
1204 2603 1414 2651 presentibus
1451 2607 1484 2635 et
1521 2613 1710 2645 assensum²
1749 2602 1888 2647 sigillum
1927 2606 2075 2636 nostrum
