2184 2828
1032 137 1105 170 SO‘Z

147 255 376 291 suetudinibus
410 257 585 290 contrariis
624 255 780 288 dictarum
814 256 1029 288 ecclesiarum
1065 256 1248 287 iuramento
1284 252 1534 286 contii-alatione
1568 254 1747 299 apostolica
1786 254 1837 287 vel
1872 255 1991 298 quavis

148 317 211 350 alia
240 316 393 350 firmitate
424 316 566 354 vallatis,
597 326 656 348 seu
686 317 712 348 si
742 315 840 360 aliqui
870 314 1050 359 apostolica
1087 314 1140 346 vel
1177 313 1238 346 alia
1267 316 1385 358 quavis
1422 316 1616 346 auctoritate
1651 317 1681 347 in
1712 313 1807 347 dictis
1838 313 1990 346 eeclesiis

149 380 180 410 in
209 376 398 410 Canonicos
428 379 492 410 sint
522 378 658 420 recepti,
689 376 741 409 vel
778 380 810 408 ut
844 378 1045 419 recipiantur
1073 375 1237 409 insistant,
1267 377 1321 406 aut
1349 376 1375 405 si
1405 373 1502 418 aliqui
1532 384 1632 418 super
1658 373 1904 418 provisionibus
1929 372 1990 406 sibi

148 436 308 471 faciendis
343 437 383 470 de
419 435 632 480 dignitatibus
666 447 725 469 seu
760 435 992 481 personatibus
1027 436 1058 466 in
1095 433 1190 467 dictis
1219 432 1382 477 Pragens.
1413 438 1444 466 et
1473 432 1729 478 Wissegraden.
1760 438 1815 466 aut
1847 433 1888 466 de
1921 433 1992 466 Ca-

148 497 356 531 nonicatibus
384 502 416 530 et
445 496 621 542 prebendis
649 499 680 530 in
709 496 849 540 Pragen.
872 494 1122 528 Wratislavien.
1155 492 1297 527 Saccen.
1327 498 1359 526 et
1387 492 1582 527 Olomucen.
1610 494 1762 527 ecclesiis
1793 493 1990 539 supradictis

148 557 327 603 speciales,
357 558 410 591 vel
440 556 610 590 beneficiis
638 557 880 590 ecclesiasticis
910 558 939 588 in
970 555 1030 588 illis
1059 553 1205 599 partibus
1231 553 1410 598 generales
1439 553 1584 598 predicte
1612 554 1701 587 sedis
1725 554 1776 587 vel
1807 553 1990 597 legatorum

148 620 220 650 eius
257 618 368 651 literas
404 619 624 662 impetrarint,
660 619 787 650 etiamsi
823 627 881 662 per
915 626 973 648 eas
1008 614 1048 648 ad
1082 613 1326 653 inhibitionem,
1363 615 1626 647 reservationem
1659 619 1692 648 et
1720 614 1907 655 decretum,
1936 614 1991 647 vel

148 678 230 711 alias
255 677 499 721 quomodolibet
523 680 565 711 sit
593 688 800 723 processum,
830 676 946 721 quibus
975 674 1125 708 omnibus
1151 674 1255 707 dictas
1281 685 1443 720 personas
1470 677 1500 707 in
1527 677 1670 719 ipsorum
1693 674 1991 719 Prepositurarum,

147 737 418 775 Canonicatuum,
451 737 696 771 l‘rebendarum
725 742 757 770 et
786 736 1057 770 Obedientiarum
1087 737 1298 768 assecutione
1327 734 1478 767 volumus
1508 733 1674 768 anteferri.
1703 734 1760 767 sed
1782 734 1903 767 nullum
1933 744 1993 779 per

148 797 211 831 hoc
239 801 287 831 eis
316 808 380 843 quo
409 798 449 831 ad
479 799 617 832 aliorum
637 798 852 842 dignitatum,
883 808 940 830 seu
971 800 1219 842 personatuum„
1259 794 1532 839 Canontcatuuin,
1566 794 1807 840 prebemlarum
1843 798 1874 827 et
1905 793 1993 827 obe-

148 858 342 891 dientiarum
373 861 619 892 assecutionem
647 858 862 903 preiudiciuin
892 859 1058 898 generari,
1084 860 1139 889 aut
1163 858 1189 888 si
1218 855 1363 888 locorum
1385 854 1569 888 Ordinariis
1594 860 1627 888 et
1649 856 1805 901 Capitulis
1831 854 1993 887 dictarum

147 919 376 954 ecclesiarum,
413 920 466 953 vel
502 919 672 964 quibusvis
706 918 778 951 aliis
813 920 1031 951 conmmniter
1066 917 1119 950 vel
1149 916 1278 949 divisim
1314 926 1331 947 a
1362 915 1490 960 prefata
1524 918 1565 949 sit
1599 915 1679 949 sede
1708 915 1877 957 indultum,
1907 914 1993 960 quod

148 979 189 1013 ad
225 982 450 1025 receptionem
482 981 533 1012 vel
563 982 787 1024 provisionem
825 979 963 1012 alicuius
1000 980 1132 1010 minime
1169 980 1363 1012 teneantur,
1402 980 1433 1009 et
1468 975 1507 1008 ad
1544 976 1574 1009 id
1611 977 1761 1021 compelli
1796 978 1869 1009 sive
1906 975 1993 1021 quod

148 1040 312 1075 interdici.
342 1040 512 1085 suspendi.
543 1040 595 1072 vel
625 1041 906 1073 excommunicari
936 1050 1000 1071 non
1032 1041 1162 1084 possint
1186 1042 1239 1071 aut
1265 1037 1350 1082 quod
1376 1037 1416 1069 de
1444 1036 1653 1080 dignitatibus
1678 1048 1736 1070 seu
1757 1035 1993 1082 personatibus

148 1100 338 1134 oarmndem
369 1100 509 1136 Praeen.
541 1104 572 1132 et
601 1099 847 1139 wissegraden
877 1110 915 1132 ac
945 1097 1203 1132 Canonicatibus
1232 1102 1264 1131 et
1292 1096 1472 1142 prebendis
1502 1100 1642 1142 ipsarum
1672 1096 1812 1141 Pragen.
1839 1096 1994 1130 Wratis-

148 1161 269 1194 lavien.
302 1160 442 1193 Saccen.
474 1165 506 1193 et
536 1159 729 1193 Olomucen.
761 1161 990 1195 eeclesiarum,
1021 1160 1074 1193 vel
1104 1158 1276 1192 beneficiis
1305 1158 1544 1191 ecclesiasticis
1569 1157 1607 1191 ad
1634 1168 1749 1191 eorum
1772 1158 1992 1199 collationem,

147 1222 199 1254 vel
229 1222 325 1254 aliam
355 1224 505 1266 quamvis
535 1220 784 1267 dispositionem
814 1223 1013 1254 coniunctim
1045 1220 1097 1253 vel
1130 1222 1305 1265 separatim
1332 1218 1556 1264 spectantibus
1581 1218 1657 1252 nulli
1686 1219 1796 1252 valeat
1824 1217 1993 1264 provideri

146 1292 206 1327 per
234 1282 345 1314 literas
370 1282 571 1326 apostolicas
596 1292 661 1315 non
689 1280 849 1314 facientes
877 1281 1006 1326 plenam
1028 1285 1061 1314 et
1080 1291 1276 1326 expressam
1302 1290 1341 1313 ac
1367 1279 1407 1313 de
1433 1279 1536 1313 verbo
1560 1278 1599 1312 ad
1619 1278 1757 1312 v'erbum
1778 1279 1819 1312 de
1839 1278 1993 1312 mandato

147 1341 331 1375 huiusmodi
362 1344 574 1384 mentionem,
612 1346 644 1375 et
677 1341 819 1386 qualibet
852 1342 915 1375 alia
952 1341 1038 1375 dicte
1073 1341 1162 1375 sedis
1197 1340 1400 1385 indulgentia
1437 1339 1586 1384 generali
1620 1339 1675 1373 vel
1710 1340 1847 1384 speciali
1876 1342 1994 1373 cuius-

145 1413 286 1447 cumque
324 1405 448 1436 tenoris
486 1405 607 1435 existat
644 1413 703 1447 per
740 1413 837 1446 quam
876 1401 1086 1448 presentibus
1124 1412 1189 1435 non
1228 1411 1426 1447 expressam
1459 1401 1515 1434 vel
1552 1400 1693 1433 totaliter
1726 1411 1790 1433 non
1820 1402 1991 1443 insertam,

145 1463 281 1497 effectus
317 1474 429 1496 earum
469 1462 617 1508 impediri
655 1463 767 1496 valeat
800 1462 1047 1507 quomodolibet
1084 1463 1138 1496 vel
1177 1462 1312 1501 differri,
1351 1466 1383 1495 et
1420 1461 1460 1494 de
1495 1472 1557 1506 qua
1590 1463 1749 1506 cuiusque
1779 1464 1846 1494 toto
1876 1465 1993 1494 tenore

145 1523 265 1557 debeat
292 1526 323 1557 in
352 1526 474 1557 nostris
503 1523 608 1556 literis
643 1522 713 1556 lieri
742 1526 865 1556 mentio
903 1523 1072 1569 specialis,
1108 1534 1168 1557 seu
1202 1526 1229 1557 si
1263 1522 1349 1555 dicte
1383 1532 1530 1567 persone
1562 1525 1735 1566 presentes
1771 1532 1837 1555 non
1871 1520 1993 1554 fuerint

145 1584 184 1618 ad
220 1584 434 1630 prestandum
472 1583 513 1617 de
550 1583 769 1617 observandis
804 1586 933 1618 statutis
971 1588 1002 1617 et
1039 1582 1333 1617 consuetudinibus
1377 1582 1566 1616 earumdem
1608 1582 1824 1615 ecclesiarum
1863 1581 1991 1615 solitum

144 1649 363 1679 iuramentum
392 1644 568 1678 dmumodo
597 1647 629 1677 in
658 1643 808 1678 absentia
839 1656 898 1678 sua
926 1655 987 1690 per
1015 1648 1250 1690 procuratores
1278 1643 1443 1689 ydoneos,
1474 1647 1505 1676 et
1533 1653 1605 1676 cum
1639 1642 1679 1675 ad
1709 1642 1872 1675 ecclesias
1901 1645 1992 1687 ipsas

144 1709 361 1748 accesserint,
392 1705 609 1750 corporaliter
637 1705 712 1738 illud
742 1709 902 1750 prestent,
932 1707 1070 1750 proviso
1099 1704 1184 1750 quod
1211 1703 1298 1738 dicta
1324 1706 1531 1749 prepositura
1556 1705 1656 1748 ipsius
1677 1701 1819 1746 Pragen.
1847 1702 1990 1735 ecclesie

144 1778 184 1799 ac
205 1766 391 1800 huiusmodi
411 1766 474 1799 alia
498 1764 659 1799 beneficia
679 1768 705 1799 si
725 1776 786 1810 qua
815 1776 960 1811 persona
986 1768 1069 1811 ipsa,
1092 1768 1144 1799 cui
1170 1767 1411 1810 preposituram
1436 1763 1574 1798 eandem
1593 1762 1777 1808 Episcopus
1798 1762 1851 1796 vel
1872 1761 1991 1796 Abbas

143 1826 281 1872 predicti
311 1826 520 1867 contulerint,
550 1830 584 1858 nt
614 1828 809 1871 premittitur
844 1825 1008 1868 obtineas,
1044 1824 1162 1859 debitis
1197 1823 1365 1870 obsequiis
1398 1835 1464 1858 non
1499 1822 1701 1862 fraudentur,
1739 1827 1772 1856 et
1807 1824 1989 1855 animarum

143 1899 223 1921 cura
253 1890 279 1920 si
308 1898 371 1932 qua
401 1888 449 1920 eis
478 1886 533 1919 vel
562 1886 659 1919 alicui
687 1897 801 1920 eorum
829 1889 1010 1929 immineat,
1046 1886 1232 1920 nullatenus
1264 1885 1464 1930 negligatur,
1499 1884 1627 1930 plenam
1668 1886 1699 1915 et
1733 1882 1869 1915 liberam
1904 1893 1992 1915 con-

142 1948 290 1982 cedimus
320 1952 436 1981 tenore
464 1950 665 1992 presentium
694 1946 896 1981 facultatem.
935 1947 1054 1981 Datum
1090 1947 1262 1981 Avinione
1296 1945 1368 1980 1111.
1405 1944 1570 1978 Kalendas
1603 1942 1682 1976 Maii
1715 1943 1816 1976 Anno
1846 1942 1988 1977 Octavo.

451 2018 522 2049 (Ans
548 2017 598 2043 den
625 2017 873 2051 Originalregesten
898 2017 1001 2051 Papst's
1031 2017 1154 2043 Clemens
1180 2017 1212 2044 V.
1243 2017 1276 2042 im
1304 2015 1504 2042 vani-anisctien
1533 2014 1649 2040 Arctove
1673 2013 1697 2038 J.
1724 2013 1793 2038 Vlll.
1820 2012 1893 2039 Brief
1916 2012 1990 2039 273.

555 2071 581 2095 S.
608 2069 658 2095 91.
684 2068 827 2095 Vidimirte
853 2069 991 2095 Absclirist
1015 2070 1047 2095 im
1072 2078 1105 2095 m.
1131 2072 1162 2095 st.
1188 2067 1426 2101 Landesarchive)

1020 2214 1121 2250 189.

143 2292 292 2336 Biseleof
312 2294 449 2328 Johaim
480 2306 542 2327 rou
574 2294 704 2327 Olmiitz-
733 2293 878 2335 erltlart,
914 2293 994 2326 dass
1027 2303 1065 2325 er
1099 2293 1160 2325 den
1191 2292 1339 2326 Selauer
1366 2290 1438 2324 Abt
1466 2289 1531 2322 med
1561 2288 1710 2322 Colit-en!
1746 2291 1778 2322 iu
1807 2289 1879 2322 dem
1912 2288 1988 2321 Be-

141 2356 229 2387 sitze
258 2354 317 2386 der
346 2355 384 2388 S.
413 2354 707 2388 Jolewm-Kirelee
736 2366 776 2386 zu
805 2353 997 2397 Αίί-Ῑῃίαιι
1032 2353 1126 2386 uiolet
1158 2356 1275 2386 storea
1309 2351 1416 2385 molle.
1452 2349 1533 2382 Dto.
1564 2349 1808 2394 Pi-ayoe,-.Us.
1841 2348 1985 2382 Kalend.

761 2413 972 2458 Septembris
1003 2412 1084 2455 (18.
1115 2414 1226 2457 Any.)
1260 2411 1368 2446 1313.

300 2472 387 2525 Nos
415 2492 587 2526 Joliannes
616 2491 667 2526 dei
696 2495 824 2536 gracia,
854 2491 1035 2536 Pragensis
1064 2491 1265 2537 Episcopus,
1294 2488 1412 2523 Notum
1443 2487 1581 2520 facimus
1610 2490 1776 2521 vniuersis
1810 2490 1986 2532 presentes

141 2553 269 2586 litteras
298 2554 508 2597 inspecturis,
540 2552 635 2593 Quod
664 2562 725 2585 nos
754 2555 826 2585 visa
857 2556 888 2585 et
916 2551 1127 2585 considerata
1157 2552 1352 2585 reuereneie
1376 2552 1407 2582 et
1433 2548 1626 2582 deuocionis
1652 2550 1859 2590 constancia,
1886 2557 1982 2592 quam

142 2611 357 2646 honorabiles
387 2616 418 2645 et
447 2613 622 2657 religiosos
651 2615 742 2647 viros
767 2612 932 2646 Abbatem
963 2616 994 2645 et
1024 2611 1231 2646 Conventum
1264 2609 1457 2653 Monasterij
1485 2608 1661 2654 Syloensis
1687 2607 1725 2641 ad
1753 2618 1812 2641 nos
1833 2609 1987 2652 gessisse
