2184 2828
1084 132 1157 165 0:28

1071 338 1178 373 aso.

191 410 235 442 0.
256 437 261 441 .
281 410 412 453 ,Κοηῖῃ
436 422 500 444 von
527 411 678 444 Bolemen
704 412 877 447 iiberli'1‘s315
902 415 975 447 dem
1003 415 1178 449 Ostrower
1204 417 1346 450 Kloslm·
1370 418 1427 459 sur
1454 416 1515 448 das
1544 427 1603 448 zur
1629 415 1659 448 Ιε.
1685 416 1846 449 Ii'aeimmer
1870 426 2042 459 yezoqetze

243 470 337 513 Dor-f
359 470 466 514 Lipcm
497 473 552 504 ein
579 473 725 505 anderes
752 474 905 518 dortiqes
934 475 964 507 Ις.
997 475 1063 508 Gai
1091 487 1156 509 τοιι
1182 477 1346 520 (lleicleem
1393 476 1542 510 nstv-{lm
1582 476 1621 508 Ο.
1651 475 1693 508 D.
1727 476 1763 508 0.
1797 476 1862 507 [md
1888 475 1988 508 Jaler.

343 539 431 592 Nos
467 558 574 591 tydei
609 563 722 603 gracia
758 565 821 593 etc.
862 561 996 594 Tenere
1032 566 1194 607 presentis
1229 563 1391 609 privilegii
1434 567 1542 595 notum
1578 562 1645 595 lieri
1680 562 1831 595 volumus
1874 564 2041 596 universis

189 624 251 652 tam
281 619 492 664 presentibus
520 630 617 664 quam
647 619 775 657 futuris,
815 620 907 661 Quod
938 622 1092 656 volentes
1128 623 1306 668 disponere
1343 624 1451 657 taliter
1486 627 1580 656 actus
1616 627 1746 656 nostros
1782 627 1815 656 et
1847 624 1894 656 sic
1923 625 2042 656 vivere

186 691 225 713 ac
254 690 398 723 regnare
430 684 464 713 ut
494 683 521 713 si
551 681 681 726 aliquod
707 681 946 715 Monasteriuiu
973 694 1031 727 per
1057 683 1322 717 abstraccimiem
1344 684 1503 717 bonorum
1528 685 1629 728 ipsius
1652 685 1889 727 agravavimus
1908 687 2042 728 propter

186 740 298 773 villam
335 740 453 785 lippam
489 752 553 786 que
587 740 648 774 suit
682 742 771 787 olym
809 746 999 776 monasterii
1039 747 1068 777 in
1099 745 1242 777 Osiraue
1277 756 1372 789 quam
1404 744 1442 777 ad
1473 755 1589 777 manns
1619 746 1708 777 curie
1736 748 1850 777 nostre
1880 746 2041 777 traximus

186 800 292 833 eidem
323 804 523 834 monasterio
553 801 647 838 bona,
668 806 780 835 nostra
811 806 840 835 in
872 803 925 836 tali
956 803 1028 837 loco
1059 808 1119 837 sita
1149 816 1221 838 cum
1253 806 1404 838 omnibus
1435 807 1623 838 attinenciis
1651 803 1843 838 eorumdem
1873 814 1937 849 que
1962 803 2042 837 fue-

185 865 259 894 runt
296 860 421 905 llogcri
460 864 491 895 in
529 862 759 895 concambium
801 864 1006 897 restituenda
1045 865 1198 898 duximus
1233 877 1277 899 ex
1315 870 1406 898 certa
1445 870 1557 898 nostra
1593 867 1808 899 consciencia
1846 866 2040 907 maiestatis7

184 920 232 954 Ita
270 926 378 955 tamen
415 922 501 966 quod
540 925 566 956 si
602 922 813 956 Camerarius
849 929 963 957 noster
997 937 1035 958 ac
1071 926 1236 959 arbitrarii
1273 930 1482 959 estimatores
1519 926 1558 958 ad
1594 925 1655 959 hoc
1690 926 1785 959 electi
1814 929 1845 958 et
1873 928 2040 959 constituti

184 982 354 1015 certificati
394 981 517 1016 suerint
549 987 581 1016 et
620 983 846 1017 intellexerint
884 988 973 1018 iuxta
1009 988 1153 1031 ipsorum
1196 990 1442 1020 conscienciam
1484 998 1523 1019 ac
1558 989 1806 1020 estimacionem
1843 985 1929 1031 quod
1967 986 2041 1031 plus

183 1043 319 1076 valeant
355 1042 441 1076 hona
477 1047 642 1089 in..que
680 1044 767 1077 dicto
804 1044 1008 1079 Mouasterio
1045 1049 1076 1080 in
1116 1049 1364 1080 restitucionem
1401 1047 1632 1092 deputavimus
1667 1058 1763 1092 quam
1798 1046 1876 1080 villa
1911 1046 2040 1092 prefata

183 1103 388 1148 lypan.tunc
429 1106 460 1137 in
505 1115 546 1137 eo
582 1115 646 1149 quo
682 1106 908 1150 prevaluerint
950 1106 1044 1140 nobis
1080 1107 1266 1140 satisfaciet
1311 1107 1414 1140 abbas
1451 1112 1482 1140 et
1517 1112 1703 1141 conventus
1732 1109 1927 1141 monasterii
1956 1117 2040 1152 pre-

182 1166 295 1202 taxati„
326 1164 361 1197 Si
392 1175 472 1197 vero
502 1164 645 1198 viderint
674 1166 759 1210 quod
791 1166 865 1199 villa
896 1170 928 1200 in
964 1167 1063 1213 lypan
1099 1179 1172 1201 cum
1202 1168 1354 1201 omuibus
1384 1171 1572 1201 attinenciis
1603 1171 1671 1201 suis
1699 1169 1772 1213 plus
1801 1168 1913 1201 valeat
1941 1178 2037 1212 quam

185 1223 271 1257 bona
302 1225 429 1270 prefata
458 1229 507 1259 in.
527 1230 622 1259 .tunc
650 1227 757 1259 eidem
787 1226 992 1261 Monasti‘rio
1022 1239 1123 1274 super
1152 1229 1276 1262 addere
1307 1229 1459 1262 volumus
1489 1233 1644 1273 qnantum
1670 1228 1763 1262 bonis
1791 1228 1929 1274 prefatis
1954 1239 2038 1274 pre-

181 1286 322 1318 valuerit
350 1285 435 1318 dicta
466 1286 542 1320 villa
572 1290 606 1320 et
634 1286 741 1320 donec
769 1288 977 1333 equipollens
1007 1292 1177 1322 restitucio
1207 1289 1370 1323 videatur.
1401 1289 1438 1322 lu
1467 1292 1560 1323 cuius
1589 1292 1636 1322 rei
1666 1294 1726 1322 etc.

1059 1470 1166 1505 387.

181 1545 278 1579 0...
304 1546 416 1590 Κόηί9
451 1557 518 1579 von,
553 1545 706 1579 Ballinen
741 1546 910 1580 beste'mmt
947 1548 1001 1580 die
1036 1548 1269 1593 Morqevyabe
1299 1550 1357 1592 [αν
1394 1551 1488 1582 sesne
1527 1549 1675 1583 Tochter
1710 1548 1827 1582 Cle...
1852 1548 1909 1582 bez·
1942 1549 2036 1582 ihrer

238 1606 510 1651 Vei-keiratleanq
543 1618 588 1639 cm
619 1607 683 1640 den
711 1607 807 1641 Solm
843 1608 902 1641 des
933 1608 978 1641 O.
997 1635 1003 1641 .
1023 1635 1050 1651 .,
1080 1609 1238 1654 Hem-‚093
1266 1621 1329 1642 'ron
1361 1610 1552 1643 Pommern.
1583 1621 1614 1643 ο.
1644 1609 1688 1643 D.
1721 1610 1759 1642 0.
1790 1610 1856 1643 mul
1882 1609 1981 1643 Jahr.

335 1682 425 1735 Nos
453 1700 495 1735 O.
526 1701 578 1735 dei
606 1705 719 1747 gracia
756 1707 818 1737 etc.
855 1703 923 1737 dux
953 1703 1119 1737 Cracovie
1154 1707 1185 1738 in
1221 1704 1383 1750 publicam
1420 1705 1580 1739 devenire
1614 1707 1768 1739 noticiam
1797 1707 1948 1751 cupimus
1976 1715 2037 1750 per

178 1766 356 1808 presentes
385 1762 473 1808 quod
502 1774 564 1796 nos
593 1767 823 1797 contraximus
852 1775 925 1797 cum
954 1763 1134 1809 Magnifice
1164 1764 1316 1811 Principe
1352 1766 1485 1799 domino
1514 1765 1630 1799 Inclito
1665 1765 1748 1798 duce
1777 1765 1976 1800 Pomoranie
2003 1769 2036 1798 et

177 1826 407 1857 concessimus
442 1827 476 1857 et
511 1823 750 1857 destinavimus
778 1824 987 1858 karissimam
1022 1826 1120 1858 liliam
1157 1826 1511 1860 nostram..futura1n
1544 1837 1700 1872 sponsam
1734 1830 1766 1859 et
1801 1837 1941 1860 uxorem
1979 1824 2032 1859 cli.

177 1883 242 1917 filio
272 1886 344 1917 eius
374 1886 606 1930 promittentes
635 1896 694 1930 pro
723 1884 817 1919 nobis
847 1890 879 1919 et
908 1888 1029 1919 nostris
1060 1885 1237 1920 heredibus
1266 1886 1599 1933 stipulantibus.n0s
1628 1891 1801 1920 curaturos
1831 1891 1930 1932 atque
1957 1886 2035 1920 fac-

176 1948 267 1978 turos
297 1949 361 1978 etc.
392 1949 425 1978 ut
452 1956 551 1990 supra
581 1949 614 1978 et
641 1946 795 1991 completi
824 1949 1023 1980 matrimonii
1054 1947 1291 1989 numerandos,
1322 1952 1396 1992 post
1424 1947 1510 1992 quod
1535 1948 1663 1981 dicatur
1687 1950 1748 1990 sie,
1774 1951 1807 1980 et
1825 1958 1886 1993 pro
1906 1946 2034 1982 eisdem

177 2005 389 2050 sponsalibus
417 2010 450 2039 et
477 2008 688 2039 matrimonio
718 2011 749 2039 ut
778 2011 830 2040 est
856 2006 979 2040 dictum
1004 2010 1157 2053 superius
1183 2008 1419 2042 contrahendis
1442 2013 1474 2041 et
1493 2008 1649 2054 predictis
1669 2007 1821 2042 omnibus
1842 2012 1876 2041 et
1894 2007 2033 2053 singulis

176 2076 195 2098 a
224 2065 319 2099 nobis
355 2066 673 2112 dicto..promissis
707 2066 944 2101 inviolabiliter
976 2067 1199 2102 observandis
1235 2071 1467 2102 constituimus
1503 2068 1630 2115 prefato
1666 2067 1798 2102 domino
1833 2068 1909 2102 duci
1938 2079 2032 2103 arras

176 2126 397 2171 sponsalicias
427 2131 460 2160 et
488 2126 595 2160 eidem
624 2130 759 2161 nomine
787 2138 936 2161 arrarum
966 2129 1241 2173 sponsaliciarum
1270 2129 1510 2174 obligavimus.
1529 2156 1536 2163 .
1561 2128 1710 2162 Castrum
1748 2133 1908 2172 nostrum‚
1944 2139 2032 2162 con-

175 2189 348 2220 stituentes
385 2198 445 2221 nos
480 2187 602 2221 dictum
639 2186 792 2221 Castrum
828 2192 994 2233 tamquam
1023 2200 1117 2222 arras
1146 2194 1179 2223 et
1208 2201 1358 2224 arrarum
1387 2193 1520 2224 nomine
1549 2190 1824 2235 sponsaliciarum
1852 2194 1885 2223 et
1912 2192 2032 2223 matri-

175 2249 274 2280 monii
303 2247 520 2281 contrahendi
551 2258 610 2294 pro
640 2250 711 2293 ipso
740 2248 826 2282 duce
855 2253 886 2282 et
915 2252 986 2282 eius
1017 2253 1150 2283 nomine
1175 2251 1350 2295 possidere
1381 2251 1532 2284 volentes
1561 2261 1601 2283 ac
1629 2252 1736 2283 eciam
1764 2253 1837 2284 sine
1865 2252 2030 2296 capcione

176 2306 282 2352 aliqua
312 2308 551 2351 concedentes,
586 2307 670 2354 quod
706 2311 733 2342 si
767 2320 826 2354 per
860 2320 920 2343 nos
958 2313 1014 2342 aut
1047 2310 1229 2355 predictam
1264 2311 1361 2345 filiam
1395 2315 1558 2345 nostram.
1578 2314 1697 2344 .staret
1733 2313 1908 2356 quominus
1945 2310 2030 2344 dicta

177 2368 344 2413 sponsalia
374 2373 407 2402 et
434 2372 677 2402 matrimonium
706 2370 929 2415 compleretur
957 2381 1030 2403 cum
1065 2370 1137 2404 fieri
1169 2375 1202 2404 et
1234 2372 1393 2417 compleri
1426 2372 1584 2415 legittime
1619 2373 1763 2416 pote-rint
1797 2371 1895 2405 cedat
1922 2373 2029 2416 ipsum

175 2427 344 2461 Castrum.
363 2429 471 2462 ,lucro
501 2432 570 2475 ipsi
590 2429 722 2463 domino
758 2430 832 2464 duci
867 2435 900 2464 et
935 2430 965 2464 id
1002 2433 1157 2476 accipere
1185 2442 1226 2465 ac
1259 2434 1506 2477 possessionem
1536 2433 1639 2476 ipsius
1668 2431 1798 2476 ingredi
1827 2433 1931 2476 possit
1967 2441 2027 2464 sua

176 2491 372 2522 auctoritate
401 2489 500 2523 etde
529 2492 603 2536 ipso
633 2494 797 2535 tamquam
828 2502 930 2524 verus
965 2490 1117 2525 dominus
1152 2491 1264 2526 facere
1299 2494 1435 2538 quitquit
1469 2490 1566 2533 velit,
1603 2491 1662 2525 sed
1697 2494 1908 2537 promisimus
1943 2490 2030 2524 dicto

177 2548 309 2583 domino
338 2549 411 2582 duci
441 2550 615 2595 sollempni
645 2550 864 2596 stipulacione
892 2554 1139 2585 interveniente
1167 2557 1283 2587 contra
1311 2551 1435 2598 prefata
1461 2555 1570 2585 omnia
1596 2552 1651 2585 vel
1677 2551 1807 2598 aliquod
1827 2551 2030 2597 prefatorum

176 2620 235 2654 per
264 2620 324 2643 nos
352 2610 407 2643 vel
444 2621 504 2655 per
539 2613 764 2656 interpositam
799 2622 978 2657 personam
1015 2623 1192 2657 numquam
1228 2615 1345 2646 venire
1380 2611 1420 2644 de
1454 2614 1525 2645 iure
1554 2612 1609 2646 vel
1643 2612 1684 2645 de
1718 2612 1805 2646 facto
1841 2612 1899 2645 sed
1929 2623 1968 2646 ea
1998 2615 2030 2645 et
