2184 2828
1006 100 1074 135 481

122 218 364 265 quomodolibet
391 218 558 262 derogari7
589 217 673 263 quod
705 218 833 252 illorum
862 223 1024 264 praetextu
1045 218 1098 251 vel
1119 219 1300 251 occasione
1330 216 1406 250 mibi
1435 217 1525 251 nullo
1555 217 1652 251 modo
1681 218 1788 260 liceat,
1818 218 1964 252 licereve

122 283 225 326 possit
252 284 378 313 mutare
407 278 527 323 aliquid
556 281 588 311 in
617 282 807 325 praunissis,
837 278 892 313 vel
920 279 1033 312 facere
1062 282 1176 312 contra
1206 288 1245 310 ea
1275 277 1329 311 vel
1359 277 1489 323 aliquod
1518 278 1558 312 de
1587 278 1725 312 eisdem.

274 352 430 386 Promitte
458 355 555 385 etiam
585 351 670 385 bona
700 351 775 395 fide,
804 352 890 397 quod
920 355 1066 385 intrusos
1094 355 1125 385 in
1155 351 1307 384 ecclesiis
1336 350 1420 384 Infra
1446 352 1598 396 pra—dicta
1628 363 1766 397 regnum
1796 357 1827 386 et
1854 356 1964 399 impe-

120 417 200 447 rium
237 412 517 448 consistentibus,
552 416 584 446 et
619 415 672 457 qui
708 424 767 447 eas
805 417 922 446 contra
961 424 1008 446 ms
1047 417 1079 446 et
1106 411 1308 454 libertatem,
1345 402 1632 456 superioritateim
1669 417 1701 446 et
1735 416 1964 447 auctoritatem

120 474 271 508 ecclesiae
292 473 452 507 Romanae
473 473 618 506 detinent
639 478 830 519 occupatas.
861 473 913 507 vel
936 473 1134 506 detinuerint
1153 475 1184 506 in
1206 472 1361 515 lutarium
1392 475 1417 505 si
1439 483 1538 517 super
1558 472 1618 506 hoc
1641 484 1699 519 per
1719 484 1779 507 vos
1801 474 1964 507 dominum

118 538 264 568 nostruin
298 533 440 579 Papam,
476 533 530 567 vel
569 533 682 567 sedem
718 535 947 579 Apostolicam
985 534 1079 567 suero
1114 536 1310 578 requisitus„
1349 534 1516 578 expellam
1553 545 1591 566 ac
1622 546 1679 579 pro
1716 546 1816 580 posse
1845 534 1964 568 faciam

118 594 239 640 expelli
269 594 309 628 de
338 594 416 628 illis:
445 599 477 628 et
506 597 662 640 provisos
692 606 752 640 per
781 594 895 628 sedem
929 594 1153 640 Apostolicain
1182 593 1305 627 iuvabo
1326 598 1358 627 et
1379 593 1496 627 faciam
1527 596 1645 631 iuvarn
1675 599 1707 628 ut
1728 595 1766 628 ad
1789 595 1964 630 ecclesias.

117 655 234 701 quibus
264 654 304 688 de
334 658 382 688 eis
412 666 471 700 per
500 655 613 688 sedem
645 655 875 700 Apostolicani
905 658 1075 701 provisum
1105 659 1155 688 est
1182 654 1236 689 vel
1265 653 1324 688 fuit
1343 657 1375 688 in
1404 653 1560 697 futurum,
1591 655 1724 689 realiter
1744 655 1965 697 admittantur„

117 718 250 760 suisque
280 715 403 749 iuribus
434 714 537 748 libere
566 718 612 749 uti
641 718 780 761 possint.

273 789 363 822 Sane
398 791 473 834 quia
508 800 573 833 ego
610 788 778 822 Joannes.
814 788 876 821 Dei
910 792 1016 833 gratia
1053 789 1128 822 Rex
1158 788 1318 826 Boemiae„
1356 792 1526 834 praeniissa
1557 792 1665 822 onmia
1696 794 1726 822 et
1755 790 1903 834 singula,
1934 793 1964 823 in

118 849 333 896 praesentibus
362 849 465 883 literis
495 854 663 885 contenta.
694 860 753 895 per
782 849 901 883 (lictum
924 850 1076 883 Caroluin
1106 849 1202 883 filium
1234 860 1339 883 meum
1371 849 1594 883 marchionem
1617 849 1774 883 Mol-avia·
1804 853 1964 896 promissa

116 916 147 944 et
176 914 279 944 iurata
308 913 388 956 ipsis
419 921 479 956 per
508 921 558 944 me
588 910 717 956 plenius
747 910 933 944 intellectis.
966 915 1080 956 reputo
1109 915 1141 944 et
1168 910 1269 943 credo
1300 910 1401 952 utilia„
1432 910 1517 944 licita
1538 915 1569 943 et
1589 909 1740 947 honesta.
1770 915 1803 944 et
1830 910 1871 944 ob
1902 910 1963 944 hoc

117 983 176 1017 per
203 974 307 1017 ipsum
344 970 516 1013 Carolum,
546 973 574 1004 si
603 973 634 1004 in
664 970 888 1004 Romanorum
919 971 1047 1015 Regem
1083 976 1269 1016 assumptus
1299 970 1412 1011 fuerit,
1443 970 1597 1004 desidero
1626 972 1786 1016 compleri
1816 975 1847 1004 et
1876 974 1966 1004 irre-

117 1032 322 1076 fragabiliter
349 1031 525 1065 observari
554 1034 587 1064 in
610 1031 757 1064 eiusdem
779 1035 963 1064 sanctitatis
987 1036 1109 1065 vestrae
1129 1034 1307 1077 praesentia
1329 1035 1453 1076 pariter
1473 1035 1683 1074 constitutus,
1713 1031 1812 1065 vobis
1833 1035 1966 1065 nomine

117 1097 229 1126 vestro
265 1097 297 1126 et
331 1092 490 1126 Romanae
525 1091 699 1129 ecclesiaeq
735 1103 773 1125 ac
809 1095 951 1125 omnium
989 1095 1020 1125 in
1056 1091 1274 1137 praeseiililms
1309 1092 1412 1125 literis
1450 1103 1707 1137 expressorum,
1744 1103 1783 1125 ac
1821 1095 1965 1125 onmium

116 1153 272 1195 aliorum,
309 1164 447 1199 quorum
482 1155 621 1186 interest
655 1152 710 1187 vel
740 1155 887 1186 intererit
925 1164 983 1186 scu
1021 1155 1184 1186 interesse
1218 1155 1339 1198 poterit
1368 1156 1400 1186 in
1429 1152 1585 1187 futurum.
1616 1152 1853 1198 recipientibus
1883 1164 1967 1198 pro-

117 1217 224 1250 mitto,
263 1218 295 1247 et
329 1225 429 1259 super
465 1218 578 1247 sancta
615 1213 678 1247 Dei
714 1214 891 1255 evangelia
931 1214 1148 1258 corporaliter
1189 1224 1286 1247 manu
1325 1217 1409 1246 tacta
1439 1216 1528 1255 iuro7
1565 1225 1616 1246 nie
1650 1218 1717 1247 toto
1755 1224 1858 1259 posse
1894 1225 1966 1247 meo

116 1275 277 1308 l'acturum
307 1279 339 1308 et
367 1279 556 1308 curaturum
586 1274 672 1308 bona
704 1273 778 1309 side.
810 1274 895 1319 quod
926 1274 1081 1319 prwl'atus
1103 1274 1240 1307 Carolus
1261 1277 1370 1307 omnia
1400 1278 1432 1307 et
1461 1275 1604 1318 singula,
1634 1285 1694 1320 per
1714 1285 1788 1307 eum
1810 1277 1841 1307 in
1862 1274 1966 1308 literis

116 1338 351 1381 suprascriptis
381 1338 544 1381 promissa
574 1339 605 1368 et
634 1338 753 1371 iurata„
783 1335 880 1380 plene
910 1335 1056 1376 realiter,
1086 1339 1116 1368 et
1147 1334 1382 1368 iuviolaluliler
1411 1334 1511 1368 faciet
1540 1339 1572 1368 et
1601 1334 1788 1380 complebitq
1819 1339 1852 1368 et
1880 1335 1965 1379 quod

116 1400 229 1430 contra
267 1407 306 1429 ea
344 1396 396 1429 vel
431 1407 546 1429 eorum
583 1395 713 1440 aliquod
750 1406 815 1429 non
854 1395 953 1428 l'acict
990 1406 1048 1441 per
1084 1406 1120 1428 se
1149 1396 1202 1429 vel
1231 1395 1329 1428 alium
1365 1399 1484 1441 quovis
1515 1395 1626 1429 modo:
1664 1400 1695 1428 et
1725 1398 1752 1429 si
1782 1406 1881 1429 secus
1912 1398 1966 1438 agi

115 1459 337 1502 contingeret,
367 1456 443 1490 illud
472 1468 532 1503 pro
562 1468 663 1502 posse
692 1456 878 1502 procurabo
907 1455 946 1490 ad
977 1461 1096 1489 statum
1125 1455 1267 1489 debitum
1297 1456 1452 1490 celeriter
1481 1458 1647 1489 revocari.

270 1529 398 1571 Quibus
427 1533 513 1564 notis
544 1535 576 1564 et
604 1530 708 1564 literis
738 1529 961 1576 imperialibus
991 1534 1025 1563 ut
1054 1532 1257 1575 1)r{e1nittitur
1286 1529 1379 1563 lectis
1408 1534 1440 1563 et
1469 1529 1654 1575 publicatis
1687 1528 1814 1575 prchati
1844 1529 1966 1562 domini

115 1590 261 1625 marchio
292 1594 416 1637 primus
445 1593 555 1624 onmia
585 1595 617 1624 et
645 1591 776 1635 singula
807 1593 836 1623 in
859 1593 961 1636 prima
994 1594 1069 1624 nota
1091 1594 1122 1623 et
1143 1590 1244 1623 literis
1274 1590 1512 1636 imperialibusq
1543 1595 1574 1624 et
1595 1590 1841 1636 subsequenter
1860 1590 1966 1623 dicius

115 1651 265 1685 dominus
299 1651 376 1685 Rex
409 1654 517 1685 onmia
553 1656 585 1685 et
624 1652 754 1696 singula
784 1656 938 1684 contenta
971 1654 1000 1684 in
1031 1650 1177 1684 secunda
1217 1655 1292 1684 uota
1321 1654 1426 1695 gratis
1456 1655 1487 1684 et
1517 1656 1635 1696 sponte
1666 1653 1906 1697 promisserunt
1935 1655 1965 1683 et

114 1712 153 1746 ad
183 1717 296 1746 saneta
334 1712 395 1745 Dei
431 1712 626 1756 evangelia.
664 1717 749 1746 tacto
785 1712 884 1753 libro,
922 1715 1066 1757 ipsorum
1104 1711 1238 1756 quilibet
1270 1713 1487 1755 juraverunt.
1526 1723 1563 1745 se
1593 1716 1709 1745 tenere
1737 1716 1770 1745 et
1798 1711 1966 1757 complere

113 1776 220 1806 onmia
251 1777 282 1806 et
311 1773 441 1817 singula
470 1777 627 1807 contenta
658 1775 688 1806 in
719 1775 804 1806 notis
834 1777 866 1806 et
894 1772 1118 1818 imperialibus
1148 1772 1250 1805 literis
1279 1773 1443 1818 praedictis
1473 1783 1534 1806 suo
1564 1783 1677 1818 posse„
1709 1776 1804 1818 prout
1832 1774 1863 1804 in
1885 1774 1965 1816 ipsis

115 1835 241 1877 plenius
270 1837 492 1867 continentur.
524 1833 565 1867 Et
594 1833 806 1867 nibilominus
838 1837 1059 1879 promiserunt
1088 1832 1214 1878 praefati
1244 1832 1394 1866 (lominus
1416 1833 1489 1866 Rex
1521 1837 1552 1866 et
1581 1832 1729 1866 marchio
1759 1836 1789 1865 et
1818 1835 1963 1877 ipsorum

114 1893 263 1938 quilibet,
292 1893 387 1928 nobis
417 1895 557 1938 notarijs
586 1894 727 1940 publicis
763 1894 980 1939 infrascriptis
1011 1899 1172 1938 tamquam
1204 1892 1342 1939 publicis
1372 1896 1525 1939 personis
1555 1892 1784 1939 stipulantibus
1813 1897 1844 1925 et
1873 1895 1964 1925 rcci—

117 1953 275 1998 pientibus
309 1965 368 2000 pro
397 1954 549 1988 omnibus
579 1959 609 1988 et
638 1957 770 1988 nomine
800 1957 960 1987 omnium.
991 1965 1129 1999 quorum
1161 1956 1297 1987 interest
1326 1955 1379 1988 vel
1408 1957 1570 1987 interesse
1601 1956 1719 1999 poterit
1748 1956 1778 1986 in
1809 1953 1963 1985 suturam.

117 2016 224 2047 omnia
245 2019 275 2048 el
296 2015 423 2059 singula
454 2018 677 2061 suprascripta
708 2027 766 2060 per
787 2018 875 2060 ipsos
898 2017 1070 2060 promissa.
1101 2018 1133 2047 et
1158 2015 1265 2057 jurata
1287 2015 1395 2059 plene.
1426 2019 1457 2047 et
1495 2017 1642 2058 inu-gre.
1673 2018 1705 2047 et
1734 2012 1965 2047 inviolabiliter

117 2074 310 2112 observare.
339 2076 513 2121 perlicere.
544 2080 576 2109 et
604 2076 783 2121 conmlere,
814 2079 895 2108 etin
918 2077 1117 2108 contrarium
1147 2075 1330 2120 aliqualiter
1359 2086 1422 2108 non
1445 2078 1570 2108 venire.
1602 2074 1651 2108 De
1677 2073 1794 2118 quibus
1815 2073 1964 2106 omnibns

117 2139 147 2167 et
177 2135 316 2179 singulis
345 2139 391 2170 sic
420 2139 591 2182 promissis
622 2141 652 2170 et
669 2138 788 2180 juratis
810 2138 963 2182 pra-lalus
987 2135 1144 2168 Dominus
1175 2140 1288 2168 noster
1311 2135 1395 2180 l’apa
1427 2136 1604 2169 annulavit.
1635 2139 1667 2168 et
1696 2134 1821 2179 prwl'ati
1843 2133 1963 2167 domini

119 2195 192 2228 Rex
221 2199 252 2228 et
273 2196 417 2230 marchio
446 2200 693 2243 requisiverunt
723 2209 781 2243 per
802 2209 861 2230 nos
883 2196 1089 2241 subscriptos
1121 2198 1267 2229 notarios
1297 2196 1365 2229 lieri
1396 2196 1611 2243 unum„‹luo‚
1642 2196 1693 2228 vel
1723 2194 1814 2239 plura
1835 2194 1962 2239 publica

118 2258 342 2289 instrumenta.

271 2337 356 2370 Acta
378 2336 505 2372 luerunt
527 2340 596 2373 lizee
616 2351 715 2382 anno„
747 2340 943 2375 indictione.
975 2338 1177 2384 pontilicatin
1207 2349 1339 2377 mense!
1369 2338 1431 2380 die,
1462 2343 1493 2372 et
1514 2339 1586 2372 loco
1616 2337 1791 2382 przrilictis,
1821 2341 1853 2370 et
1874 2348 1963 2382 pra·—

118 2397 265 2431 sentilms
294 2397 491 2442 supradictis
521 2399 661 2434 dominis
692 2400 937 2434 Cardinalibus.
978 2410 1039 2432 acc
1076 2410 1139 2432 non
1171 2398 1353 2432 venerabili
1388 2404 1481 2444 patre
1517 2399 1648 2431 ‹lomino
1680 2397 1843 2431 Gasberto
1872 2397 1962 2431 Nar-

120 2458 256 2491 bonensi
287 2457 540 2503 archiepiscopo
569 2460 690 2495 domini
713 2461 808 2507 Papa·
829 2463 1024 2494 camerario.
1057 2459 1156 2492 nobili
1183 2464 1212 2492 el
1242 2463 1363 2504 potenti
1384 2463 1457 2493 viro
1479 2460 1609 2492 domino
1632 2458 1804 2491 (iiiillelnio
1827 2458 1961 2502 Rogerij

121 2521 194 2550 vice
221 2521 342 2551 comite
372 2518 560 2552 llellisorlis.
591 2520 732 2555 dominis
754 2521 925 2555 Bernarilo
947 2519 1118 2565 Stephani.
1150 2519 1348 2565 Raymunilo
1377 2520 1417 2552 (le
1439 2520 1533 2552 Valle
1562 2521 1698 2561 nolarijs
1720 2518 1840 2552 ‹lomini
1862 2521 1962 2551 nostri

121 2578 227 2623 l’upw,
260 2579 424 2611 (iasbcrto
454 2578 494 2611 cle
524 2584 648 2624 septem
679 2581 822 2616 sontibus
851 2583 1013 2615 canonico
1044 2580 1215 2622 llcrilcnsb
1247 2580 1382 2613 Nicolao
1412 2580 1539 2613 decano
1570 2579 1796 2614 Olomuccnsii
1827 2578 1963 2612 Meolao

1757 2639 1791 2667 ol
