2184 2828
128 227 161 256 et
189 223 407 256 dominiorum
436 219 616 254 eorundem
646 219 773 253 Ducum
794 218 950 253 disturbia
973 217 1171 263 multiplicia,
1193 216 1400 251 diversarum
1422 218 1658 252 discordiarum
1680 224 1710 253 et
1731 223 1980 255 inimiciciarum

127 283 203 317 hinc
230 282 306 316 inde
329 283 398 326 jam
428 280 547 314 dudum
576 284 764 314 verteretur
791 282 939 315 materia.
970 284 1001 313 et
1028 277 1228 324 aliquantulo
1257 282 1409 324 tempore
1429 280 1588 313 ventilata
1610 283 1786 320 extitisset,
1808 282 1979 329 dictusque

127 344 276 378 dominus
304 342 381 376 Rex
417 340 587 383 Bohemie,
623 344 656 374 et
689 343 749 386 ipsi
787 340 908 373 domini
945 340 1054 373 Duces
1088 339 1224 372 Austrie
1261 350 1321 385 pro
1356 350 1392 373 se
1428 343 1506 385 ipsis
1541 342 1799 386 eorumdemque
1828 346 1980 389 utrinque

126 402 314 445 heredibus,
345 402 501 436 affinitate
529 406 562 435 et
589 402 769 447 parentela,
799 401 916 446 quibus
945 403 1087 435 invicem
1116 404 1370 443 connectuntur,
1392 402 1484 446 ipsos
1504 401 1545 434 ad
1564 401 1628 435 hoc
1648 401 1776 437 dulcius
1806 406 1980 444 invitante,

125 463 220 498 nobis
248 474 308 509 per
336 467 508 508 utrumque
537 461 728 495 eorumdem
758 462 906 496 inclusis.
937 460 1115 495 amicabilis
1153 463 1422 506 composicionis,
1452 473 1491 495 ac
1520 465 1651 497 unionis
1679 468 1852 509 perpetue,
1882 464 1980 508 ligam

124 536 184 572 pro
213 536 249 558 se
278 527 358 570 ipsis
386 522 564 558 heredibus
594 522 787 559 eorundem„
817 534 856 556 ac
886 534 944 567 pro
973 521 1066 555 nobis
1095 519 1300 563 absentibus,
1322 526 1354 555 et
1373 533 1432 567 pro
1453 526 1574 557 nostris
1594 523 1772 559 heredibus
1792 528 1823 559 in
1844 528 1981 559 civitate

125 585 319 620 eorumdem
347 585 477 618 Ducum
506 584 596 617 Ensa
625 587 757 619 vocata,
786 583 886 616 Anno
916 583 1037 616 domini
1064 580 1343 616 MCCCXXXVI.
1374 585 1405 616 in
1436 583 1488 617 die
1517 583 1605 617 beati
1624 584 1790 630 Dyonisii,
1820 585 1861 620 de
1890 597 1979 621 novo

124 649 312 689 inivissent,
342 650 374 679 et
402 645 526 679 exinde
560 644 668 678 littere
702 643 763 678 sub
802 644 918 688 sigillis
954 643 1146 683 eorundem,
1185 644 1217 676 in
1254 642 1371 689 quibus
1409 654 1531 677 nomen
1560 649 1708 679 nostrum
1736 657 1796 692 pro
1825 646 1920 681 nobis
1949 652 1982 681 et

125 708 199 741 filiis
237 717 277 741 ac
311 705 489 740 heredibus
524 707 661 740 nostris.
698 707 826 738 ratione
862 704 949 738 dicte
982 705 1172 738 inclusionis
1207 706 1239 737 in
1277 704 1395 738 dictam
1430 708 1712 751 composicionem
1754 719 1771 741 a
1813 711 1975 753 principio

124 770 314 813 inscriptum
343 778 403 812 per
430 769 536 812 ipsum
574 766 702 810 Regem
738 764 908 808 Bohemie,
945 770 977 799 et
1012 765 1122 798 Duces
1160 765 1299 798 Austrie
1334 768 1457 809 existit,
1495 771 1648 800 emanate
1688 767 1843 812 fuissent,
1881 769 1982 803 etad

124 839 208 874 quas
246 838 307 861 nos
336 827 487 872 Sigillum
517 820 663 860 nostrum
697 837 802 871 usque
837 826 933 859 modo
968 836 1134 859 consensu
1172 830 1285 859 nostro
1321 826 1409 859 dicte
1443 831 1684 873 composicioni
1720 839 1787 862 non
1825 829 1982 872 adhibito,

127 889 246 932 adhuc,
276 893 309 922 et
335 899 439 934 usque
468 887 531 921 huc
559 886 745 929 discordiis,
775 891 806 920 et
834 890 962 932 queri-is
997 890 1082 920 inter
1115 896 1176 920 nos
1212 891 1245 920 et
1277 889 1368 932 ipsos
1402 887 1513 921 Duces
1549 889 1692 922 Austriae
1729 890 1983 935 perdurantibus

127 961 193 983 non
221 952 502 995 apposuissemus.
533 948 606 982 Jam
635 950 739 994 primo
768 958 855 981 nunc
888 947 983 981 dictis
1018 947 1203 989 discordiis,
1246 952 1277 980 et
1314 951 1443 993 querris
1480 949 1681 987 omnimode,
1719 955 1751 984 et
1785 962 1844 997 per
1872 954 1982 985 omnia

129 1012 301 1056 extirpatis
337 1009 378 1043 de
415 1009 534 1051 medio,
571 1013 603 1042 et
637 1008 774 1043 evulsis.
811 1019 908 1053 snpra
945 1008 1029 1042 dicte
1063 1011 1301 1054 composicioni
1330 1008 1468 1046 firmate,
1500 1014 1531 1043 et
1559 1013 1672 1044 unioni
1701 1017 1863 1057 perpetue
1887 1015 1983 1057 juxta

132 1073 378 1105 continenciam
407 1070 567 1104 dictarum
596 1070 764 1103 literarum
792 1068 899 1107 nobis,
929 1069 1002 1103 liliis
1023 1072 1159 1110 nostris,
1181 1073 1213 1102 et
1233 1068 1409 1103 heredibus
1430 1073 1461 1103 in
1482 1070 1617 1104 easdem
1638 1073 1774 1107 inclusis
1794 1076 1825 1107 in
1847 1077 1982 1108 civitate

128 1136 242 1167 nostra
271 1131 469 1165 Posoniensi
498 1131 628 1176 plenum
658 1141 860 1163 consensum
895 1129 1093 1175 prehunnus.
1129 1135 1161 1164 et
1197 1141 1369 1164 assensum
1405 1130 1533 1177 absque
1566 1135 1654 1165 omni
1690 1132 1818 1177 fraude,
1848 1139 1881 1168 et
1908 1135 1982 1169 dolo

129 1203 230 1238 super
266 1196 479 1227 sacrosancta
515 1191 576 1225 Dei
611 1191 823 1235 Ewangelia,
863 1195 895 1224 et
928 1190 1097 1224 salutifere
1134 1194 1242 1225 crucis
1277 1191 1366 1236 ligno
1402 1193 1571 1238 corporali
1606 1196 1743 1238 prestito
1777 1196 1979 1238 juramento,

128 1264 168 1287 ac
195 1253 338 1297 sigillum
368 1257 528 1295 nostrum,
557 1255 589 1286 in
619 1251 810 1286 earumdem
838 1251 1108 1285 ratihabicionem
1137 1252 1368 1297 apponendum
1405 1252 1560 1287 duximus
1589 1254 1629 1287 ad
1658 1254 1804 1289 easdem.
1837 1255 1982 1296 Quarum

128 1318 224 1348 tenor
251 1313 323 1348 talis
352 1318 402 1347 est
430 1325 490 1359 per
517 1316 627 1347 onmia
657 1315 688 1346 in
718 1312 779 1346 hec
808 1312 922 1346 verba.
980 1312 1015 1345 In
1044 1312 1107 1345 Dei
1135 1315 1269 1346 nomine
1306 1314 1428 1347 Amen.
1487 1313 1676 1349 Gloriosum
1705 1327 1813 1360 genus
1841 1320 1982 1351 victorie

127 1375 318 1420 tytulusque
347 1374 497 1420 triumphi
527 1378 589 1407 etc.
621 1384 723 1419 usque
777 1373 897 1407 Datum
934 1376 965 1406 in
999 1372 1089 1407 Ensa
1124 1375 1156 1406 in
1191 1373 1244 1407 die
1277 1373 1312 1408 S.
1344 1374 1498 1420 Dyonisii
1526 1376 1627 1409 Anno
1657 1376 1780 1411 domini
1808 1377 1982 1411 Millesimo

128 1438 364 1469 trecentesimo
392 1437 560 1469 tricesimo
590 1438 697 1468 sexto.
729 1434 782 1478 (S.
815 1434 845 1467 d.
876 1434 913 1467 B.
943 1445 974 1467 n.
1009 1433 1111 1478 132.)
1166 1433 1208 1468 Ut
1236 1446 1316 1479 ergo
1346 1438 1431 1469 inter
1458 1439 1548 1481 ipsos
1583 1438 1778 1481 magnificos
1812 1438 1983 1485 Principes

129 1495 280 1530 dominos
308 1496 472 1530 Joannem
500 1496 660 1529 Bohemie
689 1495 830 1540 Regem,
861 1499 892 1528 et
921 1494 1031 1527 Duces
1060 1494 1208 1538 Austrie,
1238 1498 1453 1542 ipsorumque
1482 1497 1578 1535 filios,
1609 1503 1642 1531 et
1671 1498 1823 1542 heredes,
1854 1511 1893 1533 ac
1922 1511 1982 1534 nos

129 1561 162 1590 et
190 1557 338 1590 similiter
366 1561 499 1591 nostros
527 1556 680 1597 heredes,
712 1560 746 1589 ut
773 1567 872 1601 supra
909 1555 1071 1597 scribitur,
1108 1554 1292 1603 hujusmodi
1327 1558 1519 1600 concordie,
1557 1562 1755 1605 unionisque
1783 1563 1984 1606 sempiterne

128 1617 235 1660 fedus,
265 1629 304 1651 ac
334 1618 500 1651 vinculum
529 1622 688 1664 perpetue
723 1616 884 1650 firmitatis
919 1615 1018 1649 robur
1053 1619 1211 1661 optineat,
1245 1629 1284 1651 ac
1320 1618 1556 1652 inviolabiliter
1591 1625 1800 1665 perseveret,
1837 1626 1984 1654 tenorem

130 1678 318 1712 earumdem
348 1679 527 1712 litterarum
557 1677 882 1723 composicionalium
912 1676 989 1710 niliil
1018 1676 1181 1720 addendo,
1210 1678 1289 1711 nihil
1317 1678 1542 1722 diminuendo,
1571 1680 1696 1714 nihilve
1726 1682 1882 1715 mutando
1903 1693 1985 1727 pre—

132 1739 280 1774 sentibus
316 1742 486 1781 insertum,
525 1741 742 1784 apposicione
777 1741 880 1772 nostri
916 1737 1013 1781 sigilli
1051 1737 1188 1771 fecimus
1222 1742 1428 1777 communiri,
1468 1742 1500 1773 in
1539 1740 1810 1774 ralihahicioiwm
1841 1745 1984 1776 omnimn

132 1803 380 1846 premissorum.
411 1799 531 1833 Datum
561 1800 691 1833 l'osonii
713 1799 794 1832 seria
816 1802 925 1844 quinta
954 1801 1105 1843 proxima
1131 1803 1203 1844 post
1222 1798 1436 1834 Nativitatem
1458 1800 1554 1834 beate
1575 1801 1724 1846 Virginis
1745 1814 1831 1835 anno
1853 1803 1984 1836 Domini

131 1860 426 1894 Moccxxxvfl.

444 1940 636 1973 (Abgedruclxt
662 1940 702 1965 lici
728 1940 855 1972 Steyerer
880 1940 1024 1965 comment.
1050 1948 1097 1973 pro
1123 1939 1214 1965 histor.
1239 1940 1342 1966 Athon-n
1368 1940 1398 1966 ll.
1425 1941 1499 1966 (lucis
1525 1942 1647 1967 Anstriw.
1676 1943 1763 1967 [niun.
1790 1944 1815 1967 S.
1844 1942 1897 1967 iit
1919 1943 1984 1968 nach

545 1993 603 2017 deni
629 1993 702 2025 Orig.
729 1992 777 2017 des
802 1992 827 2017 k.
854 1992 879 2017 k.
905 1992 965 2023 geli.
995 1991 1123 2016 „trvlnves
1148 1999 1177 2016 zu
1202 1991 1290 2017 Wien.
1312 1992 1493 2026 Lirlinowsky
1515 1993 1557 2019 ΙΙΙ.
1580 1994 1625 2019 b'd.
1646 1995 1725 2023 lta-ost
1758 1996 1784 2020 S.
1803 1995 1983 2020 ccccxxxi.

551 2054 574 2069 n.
606 2044 672 2071 110.
706 2061 732 2062 m
763 2045 827 2076 Pray
854 2045 902 2069 An,
931 2044 959 2068 ΙΙ,
988 2044 1034 2068 io.
1067 2059 1094 2061 υ
1127 2043 1228 2069 Kalona
1254 2044 1313 2070 hist.
1341 2046 1397 2070 crit.
1425 2046 1467 2071 lx.
1498 2045 1580 2075 109.)

1013 2163 1112 2197 173.

285 2223 402 2279 karl.
432 2242 609 2287 Markgras
635 2255 699 2276 von
730 2243 879 2277 Illaliren.
920 2245 1099 2275 wrwciset
1134 2241 1195 2275 den
1227 2242 1414 2276 'vollunann
1447 2256 1510 2277 von
1548 2244 1740 2279 l'urchstall.
1773 2245 1982 2290 Burggrafen

138 2315 203 2337 von
226 2303 339 2348 Tyrul.
371 2306 426 2337 mit
456 2304 502 2337 10
530 2303 624 2338 Marli
646 2304 838 2338 Verosener
867 2303 924 2336 anl'
949 2302 1010 2335 don
1040 2301 1109 2335 Zoll
1139 2314 1177 2335 zu
1203 2302 1284 2346 Lug.
1306 2303 1539 2348 Zennenlwrg.
1570 2305 1628 2339 25.
1653 2304 1850 2350 September
1874 2305 1979 2340 1337.

445 2384 577 2416 (Original
604 2392 635 2408 nn
662 2384 686 2408 k.
713 2383 737 2408 k.
764 2384 902 2416 gelwnncn
930 2382 1043 2407 Arrlnu·
1068 2390 1097 2406 zu
1125 2381 1228 2411 an.)

1844 2651 1878 2679 lli
