2184 2828
1025 88 1098 125 823

133 212 325 258 disponere,
354 209 473 244 futuris
503 212 609 243 eciam
639 212 687 243 sic
715 208 893 255 prouidere
920 208 1086 253 negocijs,
1115 210 1152 240 vt
1176 217 1251 240 cum
1276 205 1460 252 dispendijs
1482 209 1653 254 preterita,
1678 218 1745 241 non
1770 207 1993 250 commendet,

132 272 192 307 sed
220 275 317 317 gesta
345 272 522 304 retroactis
553 270 727 304 curriculis
756 274 953 315 temporum,
981 266 1184 310 innouando,
1224 271 1258 301 et
1287 267 1515 313 approbando,
1546 279 1607 303 sua
1638 271 1813 302 consueuit
1841 271 1993 302 auctori-

132 337 200 367 tate
226 332 371 374 firmare,
403 330 493 365 Sane
517 330 707 364 *libertatum
737 334 770 364 et
797 329 1051 374 Priuilegiorum
1088 327 1212 362 indulta
1240 328 1410 371 nonnulla,
1440 328 1544 363 tidelis
1573 332 1679 363 nostri
1708 329 1827 372 dilecti,
1858 328 1993 364 Henrici

132 393 174 428 de
201 392 437 439 Lipa.Summi
466 390 671 426 Marschalci
700 391 811 436 Regni
840 390 991 434 Boemie,
1020 400 1080 423 nos
1110 388 1242 424 dedisse
1271 389 1463 432 recolimus,
1494 402 1537 424 ex
1564 389 1682 436 quibus
1707 394 1803 424 tenor
1823 391 1993 427 cuiusdam

132 465 193 500 per
221 456 331 489 omnia
361 453 543 487 dinoscitur
571 463 649 486 esse
679 451 851 486 talis.Nos
880 451 1052 486 Johannes
1087 451 1139 485 dei
1172 454 1302 497 gracia,
1332 451 1470 486 Boemie
1505 458 1537 487 et
1566 454 1706 488 Polonie
1734 454 1822 498 Rex,
1852 468 1891 490 ac
1919 456 1992 491 Lu-

132 513 386 559 cemburgensis
422 512 555 555 Comes,
584 513 888 558 Recognoscimus,
926 511 1021 553 Quod
1050 523 1111 547 nos
1141 512 1271 546 Dilecto
1305 512 1391 546 fideli
1425 518 1536 547 nostro
1566 514 1727 549 Heinrieo
1761 515 1802 550 de
1829 516 1921 562 Lipa,
1951 518 1992 552 de

133 579 226 609 certa
261 579 377 609 nostra
413 573 571 608 Sciencia
606 574 770 615 sanemus,
808 573 893 619 quod
928 573 1038 607 villam
1075 584 1168 607 suam
1201 573 1439 616 Jarozlawicz,
1484 578 1581 609 sitam
1618 579 1651 610 in
1690 576 1796 610 Terra
1828 577 1992 622 Morauie,

133 636 283 671 vendere
313 640 344 670 et
377 635 524 669 alienare
560 638 883 680 potest.cuicunqne
916 645 975 668 sue
1008 634 1170 679 placuerit
1204 634 1375 668 voluntati.
1411 634 1644 670 Promittentes
1684 640 1816 672 sincere
1851 639 1991 673 eandem

133 697 257 739 villam,
286 707 353 731 vna
383 707 457 730 cum
487 707 539 738 eo,
570 695 750 729 defensare
779 700 811 729 et
841 694 1039 739 disbrigare,
1069 706 1086 728 a
1116 694 1262 741 quolibet
1290 698 1483 741 impetente,
1507 696 1543 729 In
1570 700 1666 731 cuius
1692 701 1741 731 rei
1768 701 1991 734 testimonium

132 761 309 803 presentes
337 757 466 791 litteras
493 757 627 790 fieri.et
656 756 779 801 Sigillis
804 760 919 790 nostre
944 758 1124 789 maiestatis
1148 758 1306 790 iussimus
1327 759 1535 799 communiri,
1557 755 1682 791 Datum
1704 758 1825 803 Prage.
1847 759 1994 794 XV11110

132 818 272 853 Kalend.
312 817 532 864 Septembris.
572 818 673 851 Anno
708 816 842 850 Domini
880 815 1055 851 Millesinio
1093 816 1344 850 Trecentesimo
1383 816 1636 851 Sextodecimo.
1678 819 1870 863 Regnorum
1908 832 1993 855 vero

132 883 321 913 nostrorum
350 879 452 913 Anno
482 878 600 912 Sexto.
632 877 701 911 Nos
731 880 833 921 igitur
861 889 905 911 ex
934 877 1029 912 nobis
1058 881 1169 911 innata
1196 877 1379 911 clemencia
1416 877 1646 913 fauorabiliter
1681 881 1826 914 eiusdem
1856 881 1992 916 Henrici

133 939 174 974 de
202 939 467 986 Lipa.precibus
497 944 697 982 annuentes.
728 941 948 984 prescriptum
972 938 1196 983 Priuilegium,
1223 950 1296 972 cum
1322 942 1489 973 vniuersis
1514 944 1546 974 et
1572 941 1717 985 singulis
1737 945 1803 975 suis
1824 943 1992 983 clausulis,

132 1012 172 1034 ac
208 1003 373 1035 contentis
408 1003 441 1033 in
474 1003 558 1046 ipso.
602 999 838 1041 RatilicanniS,
872 999 1096 1042 lnnouamus,
1142 999 1383 1046 approbamus,
1421 1004 1453 1034 et
1487 1012 1531 1034 ex
1567 1005 1658 1035 certa
1696 1007 1810 1036 nostra
1846 1006 1993 1037 sciencia

132 1060 379 1104 confirmamus,
409 1061 634 1094 Decernendo
663 1060 749 1093 idem
780 1059 995 1104 Prinilegiiun
1025 1060 1126 1094 robur
1152 1060 1285 1106 plenum
1321 1065 1353 1094 et
1381 1061 1569 1095 firmitatem
1604 1067 1799 1109 perpetuam
1829 1063 1992 1107 obtinere,

132 1122 169 1156 In
207 1133 347 1167 quorum
383 1121 602 1165 euidenciam,
642 1126 674 1155 et
711 1123 907 1154 memoriam
946 1120 1140 1164 futurorum,
1176 1121 1235 1155 lias
1271 1121 1341 1155 Sibi
1377 1122 1501 1156 litteras
1539 1122 1703 1165 dedimus,
1741 1124 1848 1169 Sigilli
1887 1128 1992 1158 nostri

132 1186 267 1217 maioris
296 1182 417 1217 robore
446 1185 678 1216 communitas.
716 1181 834 1215 Datum
869 1181 977 1226 Prage
1012 1181 1152 1216 Kalend.
1191 1182 1359 1225 Octobris,
1396 1194 1483 1217 anno
1518 1183 1654 1218 Domini
1684 1183 1870 1223 Millesimoq
1903 1185 1993 1219 Tre-

132 1246 321 1278 centesimo
349 1247 517 1289 vigesimo
547 1243 679 1277 Tercio.
712 1263 755 1266 —

444 1323 533 1351 (Nat-li
559 1323 632 1347 einer
657 1322 794 1347 Absctirift
827 1323 858 1347 im
890 1321 915 1347 k.
948 1321 1038 1347 bolim.
1064 1322 1182 1348 Museum
1214 1331 1244 1347 zu
1270 1323 1337 1356 Prag
1369 1332 1416 1348 aus
1447 1323 1506 1349 dem
1532 1323 1607 1357 Orig.
1639 1324 1686 1351 des
1712 1324 1736 1350 k.
1764 1325 1788 1350 k.
1816 1325 1993 1351 ttofarchives

546 1374 571 1400 in
597 1374 700 1407 W'icn.)

1011 1563 1118 1598 222.

130 1643 271 1688 Herzog]
306 1643 459 1688 Leopold
499 1655 559 1677 con
599 1642 819 1676 Oesterreielc
857 1645 1014 1685 elil-<asset
1051 1642 1143 1675 allen
1175 1642 1352 1685 Rea-laten,
1390 1644 1444 1677 (lie
1480 1645 1545 1678 istm
1586 1646 1653 1688 (tels
1685 1646 1746 1678 clas
1780 1646 1993 1689 lsam'yreick

131 1704 284 1738 Bolemelz
321 1705 388 1738 und
422 1705 476 1738 die
510 1703 807 1747 illarlifflwtfscleafi‘
842 1702 987 1735 illustrem
1024 1702 1185 1735 sus-lehem
1219 1702 1377 1737 ltonnleu.
1420 1704 1503 1738 Dto.
1543 1705 1581 1738 In
1615 1705 1743 1741 Brut-a,
1780 1706 1834 1739 die
1867 1707 1987 1740 [lamia.

605 1775 672 1809 qua
700 1767 862 1797 cantatus·
895 1763 980 1795 Esto
1009 1763 1098 1796 milei.
1132 1762 1214 1805 (26.
1244 1764 1368 1807 Febr.)
1401 1764 1510 1799 1324.

284 1823 373 1878 Nos
402 1842 612 1889 Leopoldvs,
649 1842 690 1877 D.
725 1842 765 1876 G.
802 1842 878 1875 Dux
912 1842 1074 1875 Austriae
1109 1846 1142 1875 et
1177 1841 1318 1886 Stiriae,
1355 1843 1393 1876 ad
1430 1847 1663 1879 universorum
1698 1847 1844 1878 notitiam
1877 1849 1992 1879 tenore

131 1907 356 1949 praesentium
387 1907 538 1950 cupimus
568 1904 744 1937 devenire:
775 1902 881 1945 Quod,
913 1904 987 1947 quia
1021 1902 1185 1935 mediante
1221 1902 1341 1937 Illustri
1371 1903 1539 1951 Priiicipe,
1574 1905 1614 1939 l).
1647 1905 1766 1938 Carolo
1795 1905 1989 1950 ilungariae

131 1963 239 2009 Rege,
276 1964 394 1999 Fratre
433 1970 546 1999 nostro
585 1964 793 1998 charissimo.
834 1966 918 1996 inter
952 1961 1167 2006 Magnificum
1205 1963 1391 2009 Principem
1430 1965 1470 2000 D.
1506 1966 1692 1999 Johannem
1734 1966 1915 2000 Iloliemiae
1956 1971 1988 2000 ot

132 2024 290 2059 Poloniae
315 2025 457 2070 Regem,
486 2038 526 2059 ac
547 2026 708 2059 Comitem
728 2023 1070 2067 Lucemlnirgenseni,
1099 2028 1130 2057 et
1156 2022 1227 2058 Nos
1256 2035 1295 2057 ac
1315 2025 1463 2059 illustres
1489 2026 1677 2073 Principes„
1699 2026 1810 2060 Duces
1832 2029 1991 2061 Austriae

131 2090 165 2119 et
193 2085 326 2129 Stiriae,
362 2086 499 2121 Fratres
536 2091 671 2120 nostros
705 2085 935 2127 charissimos,
975 2095 1076 2129 super
1109 2084 1261 2118 omnibus
1298 2085 1483 2120 discordiis.
1521 2087 1641 2121 litibus.
1675 2092 1705 2120 et
1735 2091 1989 2131 controversiiS,

132 2157 217 2193 quae
246 2145 323 2180 hinc
351 2147 428 2181 inde
457 2147 687 2189 vertebantur,
721 2148 918 2191 compositio
954 2143 1136 2178 amicabilis
1173 2149 1204 2178 et
1240 2144 1332 2179 lirina
1368 2147 1548 2181 concordia
1579 2150 1779 2189 intervenit3
1809 2153 1928 2193 sponte
1956 2153 1990 2182 et

130 2206 245 2249 libere,
277 2211 310 2240 et
337 2218 381 2241 cx
411 2213 539 2245 maturo
570 2212 602 2241 ot
631 2207 812 2241 deliberato
847 2205 997 2247 consilio,
1035 2210 1149 2239 nostro
1185 2210 1217 2239 et
1253 2206 1431 2241 haeredum
1461 2214 1651 2243 nostrorum
1684 2211 1828 2251 nomine,
1858 2220 1990 2243 renun-

131 2270 257 2301 ciamus
286 2271 375 2300 omni
404 2269 481 2311 juri,
516 2272 673 2314 omnique
708 2270 827 2301 actioni
864 2271 892 2300 et
930 2269 1128 2311 quaestioni,
1166 2267 1251 2312 qnod
1279 2268 1340 2321 ¹vel
1373 2279 1458 2313 quae
1493 2273 1523 2302 in
1563 2269 1681 2311 Regno
1716 2269 1899 2303 Boliemiae
1935 2271 1990 2303 vel

130 2327 362 2362 Marchionatu
392 2339 452 2362 seu
482 2333 568 2364 terra
598 2329 783 2365 Moraviae,
815 2331 844 2361 in
879 2332 945 2361 toto
976 2327 1029 2360 vel
1058 2329 1090 2360 in
1120 2331 1227 2373 parte,
1258 2338 1499 2376 exquacunqne
1532 2341 1663 2365 caussa.
1695 2341 1892 2375 quocunque
1912 2332 1989 2374 jure

130 2389 186 2423 vel
215 2389 305 2422 titulo
335 2392 389 2422 aut
419 2389 527 2432 modO,
558 2389 653 2424 nobis
683 2394 715 2423 et
744 2387 945 2422 bavi-edibus
975 2391 1096 2421 nostris
1125 2388 1357 2433 competebant
1385 2389 1559 2424 hactenus.
1591 2395 1797 2435 competeret
1826 2394 1857 2424 in
1883 2402 1988 2437 prae-

131 2452 231 2492 senti,
263 2449 315 2483 vel
345 2453 460 2495 posset
489 2450 653 2494 quomodo
684 2449 761 2484 libet
789 2453 980 2494 competere
1011 2451 1041 2498 in
1072 2448 1229 2486 saturum,
1260 2454 1290 2482 ct
1320 2450 1397 2484 nihil
1420 2453 1505 2495 juris
1536 2452 1589 2484 vel
1620 2454 1759 2486 actionis
1788 2451 1931 2485 fatemur
1956 2455 1988 2485 in

131 2510 269 2553 eisdem,
301 2509 440 2543 dicimus
479 2514 510 2543 et
544 2514 833 2556 recognoscimus.
870 2520 930 2542 nos
964 2508 1105 2551 tiabcrcg
1141 2514 1173 2543 et
1207 2513 1234 2543 si
1268 2511 1342 2554 qnid
1372 2513 1457 2555 juris
1495 2512 1546 2545 vel
1583 2514 1723 2546 actionis
1754 2512 1987 2547 habuissemus

132 2571 186 2605 vel
221 2570 348 2605 habere
383 2572 608 2616 potuissemus
643 2574 674 2605 in
712 2574 802 2617 ipsis.
841 2570 881 2603 de
917 2569 977 2603 lioc
1014 2574 1198 2616 spontanea
1235 2575 1266 2604 et
1304 2571 1405 2606 libera
1448 2573 1618 2606 voluntate
1656 2577 1781 2615 nostra,
1822 2578 1853 2606 et
1891 2576 1987 2607 etiam

1788 2634 1862 2661 104*-
