2184 2828
1065 129 1136 164 144

180 254 376 285 constitutus
405 262 515 284 coram
545 254 658 283 nostra
688 251 861 294 presencia
882 246 1093 281 Honorabilis
1121 250 1151 278 et
1171 245 1361 289 Religiosus
1382 248 1433 278 vir
1451 245 1673 279 Wenceslaus
1694 243 1808 278 Abbas
1828 242 2020 287 Monasterij

181 311 467 356 welegradensis.
497 311 635 343 deuotus
671 313 785 343 noster
812 308 961 344 dilectus,
991 318 1049 352 pro
1085 317 1134 339 se.
1170 309 1202 338 et
1234 305 1405 339 Conuentu
1441 316 1513 348 suo,
1549 305 1697 339 exhibuit
1732 304 1826 338 nobis
1860 303 2022 348 quoddam

180 372 401 418 priuilegium,
431 371 536 405 felicis
564 369 822 403 recordacionis.
852 368 1014 413 quondam
1043 367 1164 400 domini
1201 365 1371 408 Przemizl,
1406 368 1459 410 qui
1489 371 1520 399 et
1549 365 1708 400 Ottakari.
1747 365 1850 407 Regis
1888 363 2023 397 Boemie

180 432 317 466 lllustris
346 432 594 478 predecessoris
623 433 724 464 nostri
753 432 928 471 carissimi,
958 439 1022 462 non
1052 425 1280 469 cancellatum,
1314 437 1379 460 non
1408 426 1571 467 abrasum,
1602 431 1635 459 et
1670 428 1700 459 in
1730 424 1815 458 nulla
1845 435 1903 458 sua
1931 428 2023 470 parte

181 496 349 535 viciatum,
379 492 436 526 sed
472 495 501 525 111
531 494 634 537 prima
672 495 703 524 et
732 493 859 534 integra
890 501 948 523 sua
985 489 1087 532 ligura
1124 489 1285 529 existens,
1320 490 1413 520 cuius
1448 491 1607 528 tenorem,
1647 491 1680 519 vt
1717 485 1757 518 de
1792 487 1863 530 ipso
1897 485 2024 530 plenior

181 556 394 599 imposterum
422 551 582 585 certitudo
611 550 782 593 habeatur,
813 550 852 584 de
880 549 983 583 uerbo
1012 548 1051 581 ad
1081 546 1218 580 uerbum
1247 546 1452 592 presentibus
1480 550 1579 581 inseri
1608 546 1758 581 fecimus.
1789 548 1840 591 qui
1862 545 1934 578 talis
1962 549 2023 578 est.

181 614 217 648 In
247 616 378 647 nomine
414 617 529 646 sancte
563 612 733 645 Trinitatis
769 615 801 644 et
839 607 1006 643 indiuidue
1041 610 1184 642 vnitatis.
1240 607 1313 652 Ego
1343 607 1514 650 Przemizl,
1553 610 1606 653 qui
1636 611 1667 640 et
1696 605 1873 640 Ottakarus
1902 608 2023 639 tercius

182 674 258 709 Rex
288 674 497 715 Boemorum,
528 672 729 706 Monasterio
757 670 1015 715 welegradensi
1046 669 1275 702 Cisterciensis
1301 667 1445 709 Ordinis,
1466 673 1498 702 et
1518 670 1674 701 ministris
1694 666 1745 700 (lei
1767 665 1808 700 ibi
1829 665 2025 710 (legentibus

182 738 213 769 in
243 739 447 781 perpetuum.
504 732 583 766 Cum
620 731 778 776 Regalem
815 731 934 764 deceat
967 729 1205 763 Excellenliam
1235 731 1388 762 venerari
1419 733 1480 762 etc.
1519 739 1634 773 usque.
1690 729 1776 761 Acta
1814 731 1889 760 sunt
1917 730 2025 760 autem

182 794 242 829 bec
271 794 411 840 publice.
442 794 542 828 Anno
572 793 612 826 ab
642 794 878 826 incarnacione
907 790 1027 824 domini
1056 789 1240 829 Millesimo,
1270 788 1516 831 Ducentesimo,
1542 788 1711 821 Vicesimo
1741 787 1882 828 Oetam,
1912 797 2026 820 mense

181 854 392 896 Nouembris,
423 854 607 888 indictione
628 855 742 898 prima.
764 855 795 885 in
816 853 1077 885 consecracione
1098 851 1200 895 ipsius
1222 848 1384 890 Ecclesie,
1406 860 1469 895 que
1488 848 1547 882 fuit
1567 848 1607 882 V.
1630 847 1796 882 Kalendas
1818 845 2024 880 Decembris.

182 916 290 960 Regni
321 918 422 949 nostri
454 915 551 949 Anno
581 911 755 947 XXXltw.
786 912 904 945 Datum
935 916 1042 945 autem
1074 921 1132 956 per
1161 920 1290 942 manum
1320 909 1500 943 Hermanni
1529 911 1685 955 prepositi
1706 907 2026 950 Lutbomericensis,

181 976 306 1020 Notarij
337 978 442 1009 nostri
472 974 512 1008 Υ.
543 974 709 1008 Kalendas
738 972 945 1014 Decembris,
967 972 1076 1015 Regni
1105 973 1207 1004 nostri
1228 970 1326 1003 Anno
1347 969 1504 1003 xxxm.
1536 970 1722 1015 presidente
1752 968 1856 1002 eidem
1880 967 2027 1002 Cenobio

182 1036 313 1070 domino
355 1036 493 1070 Alberto
534 1034 667 1068 Abbate
708 1033 912 1067 venerando.
953 1031 1073 1077 (Siebe
1104 1031 1139 1064 Β.
1170 1030 1210 1064 11.
1241 1030 1276 1064 S.
1311 1030 1411 1076 197.)
1453 1030 1493 1064 Et
1533 1031 1609 1063 licet
1637 1029 1804 1075 plenitudo
1833 1029 2028 1074 adjeccione

182 1109 247 1132 non
281 1101 390 1142 egeat,
426 1107 489 1130 nec
522 1095 707 1129 firmitatem
742 1097 867 1139 exigat,
903 1093 988 1138 quod
1024 1097 1072 1125 est
1115 1091 1251 1132 firmum,
1295 1092 1506 1125 contii-matur
1541 1095 1649 1124 tamen
1691 1089 1899 1135 quandoque,
1941 1088 2028 1134 quod

183 1161 334 1203 vigorem
362 1162 394 1190 et
420 1156 522 1190 robur
549 1155 683 1197 obtinet,
719 1159 754 1189 vt
788 1154 1013 1188 confirmantis
1048 1152 1234 1197 benignitas
1268 1151 1401 1194 clareat,
1431 1151 1484 1185 vel
1522 1155 1557 1185 vt
1586 1151 1723 1184 effectus
1752 1149 2030 1184 habundancioris

181 1218 312 1252 cautele
341 1217 487 1252 accedat.
519 1216 610 1250 Sane
639 1215 706 1250 Nos
736 1213 1035 1261 supplicacionibus
1072 1213 1146 1246 dicti
1182 1211 1307 1246 abbatis
1335 1211 1601 1255 racionabilibus,
1639 1211 1735 1245 nobis
1764 1221 1838 1244 cum
1868 1212 2030 1244 instancia

183 1279 300 1313 oblatis
342 1288 490 1312 annuere
523 1279 708 1322 graciosius
744 1278 929 1322 cupientes,
967 1275 1085 1308 dictmn
1119 1273 1326 1319 priuilegium
1367 1277 1397 1306 et
1433 1283 1561 1314 omnes,
1604 1283 1642 1305 ac
1685 1271 1843 1316 singulas,
1886 1272 2030 1316 gracias,

183 1343 391 1382 emunitates,
422 1343 455 1372 et
483 1338 651 1372 libertates
678 1340 710 1370 in
731 1348 770 1370 co
791 1340 974 1378 contentas,
996 1334 1213 1377 Ianouamus,
1234 1333 1442 1375 ratificamus,
1464 1332 1696 1379 approbamus,
1719 1336 1750 1365 et
1769 1331 1810 1365 de
1829 1333 2032 1378 principatus

183 1403 289 1435 nostri
331 1399 575 1442 Munificencia,
617 1402 649 1432 et
682 1402 771 1431 certa
807 1401 919 1430 nostra
959 1398 1115 1435 sciencia,
1151 1406 1209 1428 seu
1245 1393 1421 1436 Bai-onum,
1459 1398 1490 1427 et
1531 1392 1799 1426 Consiliariorum
1843 1396 2031 1426 nostrorum

184 1461 335 1503 consilio,
366 1459 610 1502 confirmamus,
640 1463 671 1492 et
700 1458 852 1492 volumus
881 1461 914 1490 ut
942 1461 1036 1490 tenor
1069 1455 1258 1502 principalis
1292 1458 1393 1500 ipsius
1431 1454 1604 1500 priuilegij,
1634 1453 1857 1499 presentibus,
1886 1457 1922 1486 vt
1950 1463 2032 1498 pre-

184 1524 327 1564 mittitur,
358 1523 398 1554 sit
426 1523 582 1562 insertus,
619 1522 768 1563 vigorem
804 1518 844 1551 de
880 1522 992 1550 cetero
1030 1516 1159 1559 babeat,
1196 1520 1259 1549 tam
1295 1518 1325 1549 in
1354 1514 1481 1548 Judicio
1511 1525 1606 1559 quam
1643 1518 1751 1557 extra,
1780 1513 1886 1558 quoad
1917 1523 2032 1546 omnes

184 1587 215 1616 et
235 1581 384 1627 singulas
404 1592 480 1614 suas
501 1580 677 1614 clausulas.
700 1580 749 1612 uel
772 1578 938 1619 articulos,
961 1589 1020 1611 nec
1042 1580 1082 1610 sit
1105 1587 1256 1619 neccsse,
1273 1575 1390 1609 dictum
1407 1575 1570 1619 originale
1588 1574 1793 1620 priuilegium
1820 1577 2032 1620 imposterum

184 1642 346 1677 exhiberi.
377 1641 533 1675 Preterea
563 1640 602 1674 ad
632 1640 813 1685 gloriosam
844 1641 1005 1683 virginem
1036 1637 1253 1683 redemptoris
1282 1639 1424 1670 omnium
1445 1638 1640 1680 genitricem
1662 1635 1840 1680 specialem
1871 1633 2033 1668 babentes

185 1705 424 1744 reuerenciam,
455 1702 525 1736 loca
556 1700 698 1746 quelibet
728 1702 798 1733 eius
828 1702 980 1743 insignita
1019 1698 1182 1732 vocabulo
1212 1696 1349 1731 libenter
1383 1707 1584 1730 veneramur
1617 1707 1658 1728 ex
1689 1697 1809 1730 animo.
1840 1699 1872 1728 01
1899 1696 2033 1739 gracias

185 1776 202 1798 a
224 1763 285 1797 deo
307 1762 401 1796 nobis
423 1762 560 1803 inl'usas,
582 1764 629 1795 eis
651 1760 835 1795 liberaliter
855 1762 1067 1805 impertimur,
1089 1758 1313 1805 Disponentes
1340 1759 1438 1801 igitur
1458 1756 1576 1790 dictum
1599 1755 1747 1789 abbatem
1770 1759 1798 1788 et
1819 1759 2033 1797 conuentum,

185 1836 243 1859 seu
272 1823 510 1857 Monasterium
549 1825 579 1855 in
617 1821 814 1866 XVelegrad,
855 1821 933 1854 ultra
969 1823 1177 1862 emunitates,
1213 1818 1390 1854 libertates,
1427 1821 1458 1850 01
1491 1819 1621 1861 gracias
1658 1818 1810 1862 superius
1840 1825 2031 1861 expressaS‚

185 1885 320 1932 speciali
350 1888 463 1917 nostro
493 1883 608 1917 fauore
638 1887 669 1916 et
704 1884 817 1926 gracia
848 1884 1035 1927 preuenire.
1093 1880 1284 1921 Statuimus,
1320 1882 1351 1911 et
1386 1877 1592 1913 Sanccimus,
1630 1888 1668 1910 ea
1704 1888 1767 1922 que
1801 1880 1959 1910 secuntur
1993 1874 2033 1908 ab

184 1945 335 1979 omnibus
365 1947 496 1978 inantea
527 1944 663 1977 lirmiter
682 1947 714 1976 et
734 1942 966 1976 inuiolabiliter
985 1941 1168 1983 obseruari,
1190 1939 1353 1980 videlicet,
1375 1937 1459 1983 quod
1482 1937 1586 1971 nullus
1608 1937 1785 1979 bominum,
1808 1938 2034 1980 cuiuscunque

187 2006 405 2047 condicionis,
435 2005 486 2038 1101
516 2006 773 2050 preeminencie,
805 2014 864 2036 seu
893 2002 993 2047 officij
1025 2004 1156 2044 existat,
1187 1999 1246 2034 sibi
1276 2010 1407 2035 1111111011,
1438 1998 1488 2031 1101
1519 2001 1567 2031 ius
1598 1996 1793 2039 advocacie,
1823 1999 1854 2030 in
1883 1994 2034 2029 omnibus

186 2067 291 2109 bonis,
314 2066 352 2100 ad
374 2066 493 2099 dictum
511 2064 749 2098 lilonasterium
771 2063 996 2109 spectantibus
1019 2061 1137 2096 debeat
1157 2061 1196 2095 de
1216 2065 1326 2094 cetero
1347 2057 1592 2103 quomodolibet
1607 2057 1798 2091 vendicare.
1820 2056 2033 2090 Venaciones

186 2139 326 2173 quoquc,
356 2137 626 2172 quarumcunque
656 2124 811 2166 serarum,
842 2135 900 2157 seu
921 2123 1107 2157 animalium
1129 2125 1160 2156 in
1182 2121 1282 2155 Silvis
1303 2124 1336 2154 et
1356 2118 1551 2153 Nemoribus
1572 2118 1645 2151 dicti
1667 2117 1859 2161 Monastcrij
1881 2119 2033 2163 superius

186 2188 338 2229 limitatis,
370 2198 498 2220 necnon
530 2189 559 2219 in
590 2185 764 2218 forestaria
801 2185 955 2218 siluarum
994 2188 1027 2216 et
1060 2182 1237 2216 Nemorum
1275 2180 1505 2227 predictorum.
1544 2178 1602 2211 sibi
1641 2178 1788 2211 similiter
1826 2180 1874 2211 ius
1903 2176 2033 2222 aliquod

187 2248 284 2281 debet
313 2248 468 2281 decetero
499 2257 672 2291 vsurpare.
704 2257 776 2277 eum
809 2244 877 2278 Nos
906 2245 965 2278 soli
996 2244 1033 2277 ad
1065 2245 1307 2289 proteccionem
1333 2245 1363 2274 et
1384 2240 1621 2273 defensionem.
1644 2239 1819 2283 sepedicti
1841 2237 2032 2281 Monasterij

187 2313 219 2342 et
248 2308 405 2341 bonorum
436 2311 507 2341 eius
539 2307 677 2340 velimus
707 2309 836 2339 inantea
874 2308 1053 2350 respicere,
1090 2309 1123 2337 ut
1157 2308 1316 2337 tenemur.
1348 2300 1399 2334 Ad
1430 2299 1590 2332 uberioris
1620 2310 1750 2344 quoque
1779 2301 1893 2343 gracie
1922 2302 2033 2331 nostre

187 2368 363 2409 cumulum,
393 2373 425 2403 et
454 2373 487 2401 vt
516 2379 574 2413 per
605 2367 699 2404 banc,
731 2369 783 2399 via
813 2366 996 2399 malelicum
1027 2368 1237 2410 imposterum
1273 2361 1491 2407 precludatur,
1523 2362 1614 2404 ipsis.
1651 2359 1758 2392 abbati
1788 2364 1820 2393 et
1849 2359 2032 2393 Conuentui

188 2428 365 2474 sepedictis
394 2431 534 2469 gratuite
564 2427 779 2461 concedimus
809 2431 839 2459 et
875 2426 1035 2460 sanemus.
1073 2429 1107 2458 vt
1142 2427 1172 2458 in
1208 2421 1357 2456 omnibus
1393 2420 1486 2453 bonis
1522 2423 1600 2454 suis.
1637 2431 1699 2464 que
1735 2431 1820 2453 nunc
1854 2418 2031 2453 babentia

189 2489 350 2523 Morauia.
381 2493 412 2521 et
440 2491 676 2533 eompusierint
712 2492 766 2521 aut
799 2486 972 2520 babuerint
1000 2485 1205 2519 concedente
1240 2483 1369 2516 domino
1399 2481 1587 2523 infuturum,
1618 2480 1767 2525 prpum
1797 2484 1828 2513 et
1855 2478 2031 2526 patibulum

190 2549 315 2584 babere
351 2548 492 2581 debeant
530 2554 626 2593 atque
663 2550 803 2594 possint,
840 2547 878 2580 ad
917 2544 1258 2587 animadvertendum,
1295 2553 1353 2576 seu
1392 2541 1543 2574 iudicium
1582 2540 1766 2575 laciendum
1803 2542 1834 2573 in
1871 2538 2034 2584 quoslibet

191 2610 402 2644 facinorosos
431 2613 463 2642 et
493 2609 607 2643 malos,
638 2613 750 2654 vtputa
780 2608 988 2653 spoliatores.
1019 2605 1119 2647 fures,
1150 2609 1182 2638 et
1210 2602 1441 2641 incendiarios,
1473 2601 1620 2635 bomincs
1649 2601 1853 2635 condicionis
1875 2599 2032 2645 simplicis
