<?xml version="1.0" encoding="UTF-8"?>
<!DOCTYPE html PUBLIC "-//W3C//DTD XHTML 1.0 Transitional//EN"
    "http://www.w3.org/TR/xhtml1/DTD/xhtml1-transitional.dtd">
<html xmlns="http://www.w3.org/1999/xhtml" xml:lang="en" lang="en">
 <head>
  <title>
</title>
<meta http-equiv="Content-Type" content="text/html;charset=utf-8" />
  <meta name='ocr-system' content='tesseract 3.04.00' />
  <meta name='ocr-capabilities' content='ocr_page ocr_carea ocr_par ocr_line ocrx_word'/>
</head>
<body>
  <div class='ocr_page' id='page_1' title='image "./codexdiplomaticu07morauoft_0687.png"; bbox 0 0 2184 2828; ppageno 0'>
   <div class='ocr_carea' id='block_1_1' title="bbox 104 127 1941 472">
    <p class='ocr_par' dir='ltr' id='par_1_1' title="bbox 104 127 1941 472">
     <span class='ocr_line' id='line_1_1' title="bbox 989 127 1060 162; baseline 0 -2"><span class='ocrx_word' id='word_1_1' title='bbox 989 127 1060 162; x_wconf 74' lang='lat'>585</span> 
     </span>
     <span class='ocr_line' id='line_1_2' title="bbox 106 240 1938 288; baseline -0.002 -10"><span class='ocrx_word' id='word_1_2' title='bbox 106 247 228 278; x_wconf 62' lang='lat' dir='ltr'>nostris</span> <span class='ocrx_word' id='word_1_3' title='bbox 257 243 384 277; x_wconf 84' lang='lat' dir='ltr'>dilectis</span> <span class='ocrx_word' id='word_1_4' title='bbox 414 241 474 276; x_wconf 87' lang='lat' dir='ltr'>sub</span> <span class='ocrx_word' id='word_1_5' title='bbox 503 241 637 275; x_wconf 86' lang='lat' dir='ltr'>obtentu</span> <span class='ocrx_word' id='word_1_6' title='bbox 666 247 781 276; x_wconf 81' lang='lat' dir='ltr'>nostre</span> <span class='ocrx_word' id='word_1_7' title='bbox 809 244 923 286; x_wconf 72' lang='lat' dir='ltr'>gracie</span> <span class='ocrx_word' id='word_1_8' title='bbox 951 241 1063 277; x_wconf 85' lang='lat' dir='ltr'>firmas</span> <span class='ocrx_word' id='word_1_9' title='bbox 1090 240 1298 276; x_wconf 87' lang='lat' dir='ltr'>inuiolabites</span> <span class='ocrx_word' id='word_1_10' title='bbox 1327 253 1365 275; x_wconf 89' lang='lat' dir='ltr'>ac</span> <span class='ocrx_word' id='word_1_11' title='bbox 1390 242 1500 275; x_wconf 83' lang='lat' dir='ltr'>illesas</span> <span class='ocrx_word' id='word_1_12' title='bbox 1529 252 1589 288; x_wconf 87' lang='lat' dir='ltr'>per</span> <span class='ocrx_word' id='word_1_13' title='bbox 1616 243 1725 275; x_wconf 87' lang='lat' dir='ltr'>omnia</span> <span class='ocrx_word' id='word_1_14' title='bbox 1754 241 1938 275; x_wconf 83' lang='lat' dir='ltr'>obseruari.</span> 
     </span>
     <span class='ocr_line' id='line_1_3' title="bbox 107 301 1938 349; baseline -0.002 -11"><span class='ocrx_word' id='word_1_15' title='bbox 107 305 227 338; x_wconf 86' lang='lat' dir='ltr'>llarum</span> <span class='ocrx_word' id='word_1_16' title='bbox 266 308 451 337; x_wconf 82' lang='lat' dir='ltr'>nostrarum</span> <span class='ocrx_word' id='word_1_17' title='bbox 489 305 677 336; x_wconf 84' lang='lat' dir='ltr'>testimonio</span> <span class='ocrx_word' id='word_1_18' title='bbox 711 303 877 336; x_wconf 87' lang='lat' dir='ltr'>literarum</span> <span class='ocrx_word' id='word_1_19' title='bbox 913 314 993 349; x_wconf 83' lang='lat' dir='ltr'>quas</span> <span class='ocrx_word' id='word_1_20' title='bbox 1030 307 1142 336; x_wconf 87' lang='lat' dir='ltr'>nostre</span> <span class='ocrx_word' id='word_1_21' title='bbox 1179 301 1365 335; x_wconf 74' lang='lat' dir='ltr'>Maiestatis</span> <span class='ocrx_word' id='word_1_22' title='bbox 1403 303 1509 347; x_wconf 79' lang='lat' dir='ltr'>sigillo</span> <span class='ocrx_word' id='word_1_23' title='bbox 1544 305 1700 336; x_wconf 86' lang='lat' dir='ltr'>iussimus</span> <span class='ocrx_word' id='word_1_24' title='bbox 1734 305 1938 336; x_wconf 89' lang='lat' dir='ltr'>communiri.</span> 
     </span>
     <span class='ocr_line' id='line_1_4' title="bbox 106 362 1941 409; baseline -0.001 -11"><span class='ocrx_word' id='word_1_25' title='bbox 106 365 222 399; x_wconf 85' lang='lat' dir='ltr'>Datum</span> <span class='ocrx_word' id='word_1_26' title='bbox 257 363 408 409; x_wconf 67' lang='lat' dir='ltr'>Znoyme</span> <span class='ocrx_word' id='word_1_27' title='bbox 439 391 445 397; x_wconf 93' lang='lat'>.</span> <span class='ocrx_word' id='word_1_28' title='bbox 476 364 576 397; x_wconf 82' lang='lat' dir='ltr'>Anno</span> <span class='ocrx_word' id='word_1_29' title='bbox 612 363 732 396; x_wconf 87' lang='lat' dir='ltr'>domini</span> <span class='ocrx_word' id='word_1_30' title='bbox 770 362 943 397; x_wconf 85' lang='lat' dir='ltr'>Millesimo</span> <span class='ocrx_word' id='word_1_31' title='bbox 977 363 1224 397; x_wconf 70' lang='lat' dir='ltr'>Trecentesimo</span> <span class='ocrx_word' id='word_1_32' title='bbox 1263 362 1529 407; x_wconf 78' lang='lat' dir='ltr'>Quadragesimo</span> <span class='ocrx_word' id='word_1_33' title='bbox 1571 368 1708 405; x_wconf 67' lang='lat' dir='ltr'>octium,</span> <span class='ocrx_word' id='word_1_34' title='bbox 1750 362 1941 396; x_wconf 85' lang='lat' dir='ltr'>Indiccione</span> 
     </span>
     <span class='ocr_line' id='line_1_5' title="bbox 104 423 1231 472; baseline -0.002 -13"><span class='ocrx_word' id='word_1_35' title='bbox 104 429 218 472; x_wconf 81' lang='lat' dir='ltr'>prima,</span> <span class='ocrx_word' id='word_1_36' title='bbox 246 423 362 458; x_wconf 76' lang='lat' dir='ltr'>Nonas</span> <span class='ocrx_word' id='word_1_37' title='bbox 390 424 477 468; x_wconf 88' lang='lat' dir='ltr'>Junij</span> <span class='ocrx_word' id='word_1_38' title='bbox 507 423 700 468; x_wconf 81' lang='lat' dir='ltr'>Regnorum</span> <span class='ocrx_word' id='word_1_39' title='bbox 729 428 917 458; x_wconf 90' lang='lat' dir='ltr'>nostrorum</span> <span class='ocrx_word' id='word_1_40' title='bbox 947 435 1033 458; x_wconf 91' lang='lat' dir='ltr'>anno</span> <span class='ocrx_word' id='word_1_41' title='bbox 1062 423 1231 457; x_wconf 85' lang='lat' dir='ltr'>Secundo.</span> 
     </span>
    </p>
   </div>
   <div class='ocr_carea' id='block_1_2' title="bbox 1286 491 1890 588">
    <p class='ocr_par' dir='ltr' id='par_1_2' title="bbox 1286 491 1890 588">
     <span class='ocr_line' id='line_1_6' title="bbox 1286 491 1890 527; baseline 0 -1"><span class='ocrx_word' id='word_1_42' title='bbox 1286 492 1351 526; x_wconf 89' lang='lat' dir='ltr'>Per</span> <span class='ocrx_word' id='word_1_43' title='bbox 1379 492 1542 526; x_wconf 89' lang='lat' dir='ltr'>dominum</span> <span class='ocrx_word' id='word_1_44' title='bbox 1573 521 1579 527; x_wconf 92' lang='lat'>.</span> <span class='ocrx_word' id='word_1_45' title='bbox 1612 521 1619 527; x_wconf 86' lang='lat'>.</span> <span class='ocrx_word' id='word_1_46' title='bbox 1650 491 1890 527; x_wconf 80' lang='lat' dir='ltr'>Cancellarinm</span> 
     </span>
     <span class='ocr_line' id='line_1_7' title="bbox 1484 553 1685 588; baseline 0.01 -2"><span class='ocrx_word' id='word_1_47' title='bbox 1484 553 1685 588; x_wconf 84' lang='lat' dir='ltr'>Ditlmiarus.</span> 
     </span>
    </p>
   </div>
   <div class='ocr_carea' id='block_1_3' title="bbox 410 631 1939 717">
    <p class='ocr_par' dir='ltr' id='par_1_3' title="bbox 410 631 1939 717">
     <span class='ocr_line' id='line_1_8' title="bbox 410 631 1939 668; baseline -0.001 -10"><span class='ocrx_word' id='word_1_48' title='bbox 410 633 495 668; x_wconf 72' lang='lat' dir='ltr'>(Nacti</span> <span class='ocrx_word' id='word_1_49' title='bbox 524 633 583 659; x_wconf 86' lang='lat' dir='ltr'>dem</span> <span class='ocrx_word' id='word_1_50' title='bbox 613 632 687 667; x_wconf 71' lang='lat' dir='ltr'>Orig.</span> <span class='ocrx_word' id='word_1_51' title='bbox 713 633 759 658; x_wconf 80' lang='lat' dir='ltr'>auf</span> <span class='ocrx_word' id='word_1_52' title='bbox 785 633 905 667; x_wconf 73' lang='lat' dir='ltr'>Pergam.</span> <span class='ocrx_word' id='word_1_53' title='bbox 938 635 982 659; x_wconf 86' lang='lat' dir='ltr'>mit</span> <span class='ocrx_word' id='word_1_54' title='bbox 1006 634 1090 659; x_wconf 89' lang='lat' dir='ltr'>einem</span> <span class='ocrx_word' id='word_1_55' title='bbox 1114 640 1230 667; x_wconf 74' lang='lat' dir='ltr'>grosseti</span> <span class='ocrx_word' id='word_1_56' title='bbox 1258 632 1488 658; x_wconf 76' lang='lat' dir='ltr'>wolilerlialteneu</span> <span class='ocrx_word' id='word_1_57' title='bbox 1515 633 1606 666; x_wconf 64' lang='lat' dir='ltr'>Sigitte</span> <span class='ocrx_word' id='word_1_58' title='bbox 1637 634 1669 658; x_wconf 93' lang='lat' dir='ltr'>im</span> <span class='ocrx_word' id='word_1_59' title='bbox 1693 632 1719 659; x_wconf 78' lang='lat' dir='ltr'>k.</span> <span class='ocrx_word' id='word_1_60' title='bbox 1745 632 1770 658; x_wconf 80' lang='lat' dir='ltr'>k.</span> <span class='ocrx_word' id='word_1_61' title='bbox 1796 631 1939 666; x_wconf 79' lang='lat' dir='ltr'>gelieimen</span> 
     </span>
     <span class='ocr_line' id='line_1_9' title="bbox 512 679 1817 717; baseline -0.002 -6"><span class='ocrx_word' id='word_1_62' title='bbox 512 685 672 711; x_wconf 77' lang='lat' dir='ltr'>Hofarchive</span> <span class='ocrx_word' id='word_1_63' title='bbox 697 694 726 711; x_wconf 87' lang='lat' dir='ltr'>zu</span> <span class='ocrx_word' id='word_1_64' title='bbox 751 685 831 711; x_wconf 54' lang='lat' dir='ltr'>XVien</span> <span class='ocrx_word' id='word_1_65' title='bbox 856 685 885 712; x_wconf 84' lang='grc' dir='ltr'>Κ.</span> <span class='ocrx_word' id='word_1_66' title='bbox 912 685 972 711; x_wconf 81' lang='grc'>259</span> <span class='ocrx_word' id='word_1_67' title='bbox 999 694 1022 711; x_wconf 89' lang='grc' dir='ltr'>η.</span> <span class='ocrx_word' id='word_1_68' title='bbox 1052 685 1134 717; x_wconf 83' lang='grc'>101.)</span> <span class='ocrx_word' id='word_1_69' title='bbox 1813 679 1817 682; x_wconf 63' lang='grc'><em>”</em></span> 
     </span>
    </p>
   </div>
   <div class='ocr_carea' id='block_1_4' title="bbox 971 814 1076 850">
    <p class='ocr_par' dir='ltr' id='par_1_4' title="bbox 971 814 1076 850">
     <span class='ocr_line' id='line_1_10' title="bbox 971 814 1076 850; baseline 0 0"><span class='ocrx_word' id='word_1_70' title='bbox 971 814 1076 850; x_wconf 76' lang='grc'>809.</span> 
     </span>
    </p>
   </div>
   <div class='ocr_carea' id='block_1_5' title="bbox 101 900 1943 946">
    <p class='ocr_par' dir='ltr' id='par_1_5' title="bbox 101 900 1943 946">
     <span class='ocr_line' id='line_1_11' title="bbox 101 900 1943 946; baseline -0.002 -9"><span class='ocrx_word' id='word_1_71' title='bbox 101 903 145 937; x_wconf 81' lang='grc' dir='ltr'>Κ.</span> <span class='ocrx_word' id='word_1_72' title='bbox 176 902 266 937; x_wconf 84' lang='lat' dir='ltr'>Karl</span> <span class='ocrx_word' id='word_1_73' title='bbox 292 902 354 937; x_wconf 83' lang='lat' dir='ltr'>JV.</span> <span class='ocrx_word' id='word_1_74' title='bbox 395 901 559 946; x_wconf 63' lang='lat' dir='ltr'>bes-taliq!</span> <span class='ocrx_word' id='word_1_75' title='bbox 588 902 659 935; x_wconf 84' lang='lat' dir='ltr'>dem</span> <span class='ocrx_word' id='word_1_76' title='bbox 694 901 851 935; x_wconf 70' lang='lat' dir='ltr'>Bruelfer</span> <span class='ocrx_word' id='word_1_77' title='bbox 886 902 1027 935; x_wconf 80' lang='lat' dir='ltr'>Klosler</span> <span class='ocrx_word' id='word_1_78' title='bbox 1063 901 1116 935; x_wconf 75' lang='lat' dir='ltr'>[lie</span> <span class='ocrx_word' id='word_1_79' title='bbox 1149 912 1223 935; x_wconf 72' lang='lat' dir='ltr'>‘com</span> <span class='ocrx_word' id='word_1_80' title='bbox 1260 901 1392 945; x_wconf 68' lang='lat' dir='ltr'>Kaniqe</span> <span class='ocrx_word' id='word_1_81' title='bbox 1419 901 1555 935; x_wconf 66' lang='lat' dir='ltr'>Jolemm</span> <span class='ocrx_word' id='word_1_82' title='bbox 1591 902 1634 934; x_wconf 80' lang='lat' dir='ltr'>im</span> <span class='ocrx_word' id='word_1_83' title='bbox 1667 900 1701 934; x_wconf 90' lang='lat' dir='ltr'>J.</span> <span class='ocrx_word' id='word_1_84' title='bbox 1734 900 1832 934; x_wconf 77' lang='lat'><em>1336</em></span> <span class='ocrx_word' id='word_1_85' title='bbox 1860 900 1943 934; x_wconf 72' lang='lat' dir='ltr'>iiber</span> 
     </span>
    </p>
   </div>
   <div class='ocr_carea' id='block_1_6' title="bbox 100 961 1943 1065">
    <p class='ocr_par' dir='ltr' id='par_1_6' title="bbox 100 961 1943 1065">
     <span class='ocr_line' id='line_1_12' title="bbox 100 961 1943 1007; baseline -0.002 -9"><span class='ocrx_word' id='word_1_86' title='bbox 100 966 176 998; x_wconf 68' lang='lat' dir='ltr'>tier</span> <span class='ocrx_word' id='word_1_87' title='bbox 208 963 326 997; x_wconf 83' lang='lat' dir='ltr'>Lalme</span> <span class='ocrx_word' id='word_1_88' title='bbox 362 964 400 996; x_wconf 69' lang='lat' dir='ltr'>in&#39;</span> <span class='ocrx_word' id='word_1_89' title='bbox 435 962 601 996; x_wconf 66' lang='lat' dir='ltr'>Olkowz&#39;tz</span> <span class='ocrx_word' id='word_1_90' title='bbox 629 963 695 996; x_wconf 71' lang='lat' dir='ltr'>um!</span> <span class='ocrx_word' id='word_1_91' title='bbox 723 962 987 996; x_wconf 67' lang='lat' dir='ltr'>Scleatm&#39;lfowilz</span> <span class='ocrx_word' id='word_1_92' title='bbox 1013 961 1184 1007; x_wconf 72' lang='lat' dir='ltr'>qeqebene</span> <span class='ocrx_word' id='word_1_93' title='bbox 1217 961 1385 996; x_wconf 70' lang='lat' dir='ltr'>Urltunde.</span> <span class='ocrx_word' id='word_1_94' title='bbox 1443 961 1500 995; x_wconf 84' lang='lat' dir='ltr'>Dl.</span> <span class='ocrx_word' id='word_1_95' title='bbox 1532 961 1702 1005; x_wconf 61' lang='lat' dir='ltr'>Zuoyme„</span> <span class='ocrx_word' id='word_1_96' title='bbox 1740 961 1833 995; x_wconf 65' lang='lat' dir='ltr'>l&#39;III.</span> <span class='ocrx_word' id='word_1_97' title='bbox 1864 962 1943 994; x_wconf 81' lang='lat' dir='ltr'>Idus</span> 
     </span>
     <span class='ocr_line' id='line_1_13' title="bbox 793 1021 1244 1065; baseline 0 -9"><span class='ocrx_word' id='word_1_98' title='bbox 793 1023 889 1056; x_wconf 74' lang='lat' dir='ltr'>Junii</span> <span class='ocrx_word' id='word_1_99' title='bbox 918 1022 972 1065; x_wconf 79' lang='grc'>(6.</span> <span class='ocrx_word' id='word_1_100' title='bbox 1002 1023 1101 1065; x_wconf 78' lang='lat' dir='ltr'>Jnm&#39;)</span> <span class='ocrx_word' id='word_1_101' title='bbox 1133 1021 1244 1056; x_wconf 74' lang='lat'><em>1348.</em></span> 
     </span>
    </p>
   </div>
   <div class='ocr_carea' id='block_1_7' title="bbox 96 1099 1945 2431">
    <p class='ocr_par' dir='ltr' id='par_1_7' title="bbox 96 1099 1945 2256">
     <span class='ocr_line' id='line_1_14' title="bbox 245 1099 1944 1166; baseline -0.001 -14"><span class='ocrx_word' id='word_1_102' title='bbox 245 1099 418 1153; x_wconf 81' lang='lat' dir='ltr'>Karolus</span> <span class='ocrx_word' id='word_1_103' title='bbox 447 1118 500 1152; x_wconf 91' lang='lat' dir='ltr'>dei</span> <span class='ocrx_word' id='word_1_104' title='bbox 528 1121 642 1164; x_wconf 80' lang='lat' dir='ltr'>gracia</span> <span class='ocrx_word' id='word_1_105' title='bbox 662 1118 887 1152; x_wconf 80' lang='lat' dir='ltr'>Romanorum</span> <span class='ocrx_word' id='word_1_106' title='bbox 907 1118 983 1166; x_wconf 76' lang='lat' dir='ltr'>Rex</span> <span class='ocrx_word' id='word_1_107' title='bbox 1004 1129 1136 1164; x_wconf 78' lang='lat' dir='ltr'>semper</span> <span class='ocrx_word' id='word_1_108' title='bbox 1163 1122 1320 1162; x_wconf 77' lang='lat' dir='ltr'>augustus</span> <span class='ocrx_word' id='word_1_109' title='bbox 1347 1122 1378 1151; x_wconf 89' lang='lat' dir='ltr'>et</span> <span class='ocrx_word' id='word_1_110' title='bbox 1398 1117 1536 1151; x_wconf 86' lang='lat' dir='ltr'>Boemie</span> <span class='ocrx_word' id='word_1_111' title='bbox 1558 1117 1635 1151; x_wconf 79' lang='lat' dir='ltr'>Rex</span> <span class='ocrx_word' id='word_1_112' title='bbox 1655 1116 1775 1151; x_wconf 78' lang='lat' dir='ltr'>Notum</span> <span class='ocrx_word' id='word_1_113' title='bbox 1804 1116 1944 1151; x_wconf 85' lang='lat' dir='ltr'>facimus</span> 
     </span>
     <span class='ocr_line' id='line_1_15' title="bbox 100 1178 1943 1225; baseline -0.002 -11"><span class='ocrx_word' id='word_1_114' title='bbox 100 1182 268 1214; x_wconf 87' lang='lat' dir='ltr'>vniuersis</span> <span class='ocrx_word' id='word_1_115' title='bbox 297 1179 391 1221; x_wconf 85' lang='lat' dir='ltr'>Quod</span> <span class='ocrx_word' id='word_1_116' title='bbox 420 1190 480 1225; x_wconf 88' lang='lat' dir='ltr'>pro</span> <span class='ocrx_word' id='word_1_117' title='bbox 509 1183 603 1225; x_wconf 79' lang='lat' dir='ltr'>parte</span> <span class='ocrx_word' id='word_1_118' title='bbox 632 1179 877 1224; x_wconf 76' lang='lat' dir='ltr'>Religiosorum</span> <span class='ocrx_word' id='word_1_119' title='bbox 909 1206 915 1212; x_wconf 92' lang='lat'><em>.</em></span> <span class='ocrx_word' id='word_1_120' title='bbox 948 1206 954 1212; x_wconf 94' lang='lat'><strong><em>.</em></strong></span> <span class='ocrx_word' id='word_1_121' title='bbox 985 1178 1126 1213; x_wconf 80' lang='lat' dir='ltr'>Abbatis</span> <span class='ocrx_word' id='word_1_122' title='bbox 1155 1183 1187 1213; x_wconf 87' lang='lat' dir='ltr'>et</span> <span class='ocrx_word' id='word_1_123' title='bbox 1217 1178 1408 1212; x_wconf 89' lang='lat' dir='ltr'>Conuentus</span> <span class='ocrx_word' id='word_1_124' title='bbox 1429 1178 1621 1222; x_wconf 81' lang='lat' dir='ltr'>Monastcrij</span> <span class='ocrx_word' id='word_1_125' title='bbox 1650 1178 1811 1212; x_wconf 83' lang='lat' dir='ltr'>Lucensis</span> <span class='ocrx_word' id='word_1_126' title='bbox 1840 1189 1943 1223; x_wconf 86' lang='lat' dir='ltr'>prope</span> 
     </span>
     <span class='ocr_line' id='line_1_16' title="bbox 100 1238 1945 1287; baseline -0.001 -13"><span class='ocrx_word' id='word_1_127' title='bbox 100 1240 285 1287; x_wconf 66' lang='lat' dir='ltr'>Znoymam</span> <span class='ocrx_word' id='word_1_128' title='bbox 314 1240 438 1274; x_wconf 84' lang='lat' dir='ltr'>ordinis</span> <span class='ocrx_word' id='word_1_129' title='bbox 459 1240 776 1274; x_wconf 79' lang='lat' dir='ltr'>premonstratensis</span> <span class='ocrx_word' id='word_1_130' title='bbox 805 1239 1000 1273; x_wconf 85' lang='lat' dir='ltr'>(leuotorum</span> <span class='ocrx_word' id='word_1_131' title='bbox 1029 1244 1215 1273; x_wconf 88' lang='lat' dir='ltr'>nostrorum</span> <span class='ocrx_word' id='word_1_132' title='bbox 1244 1250 1350 1285; x_wconf 90' lang='lat' dir='ltr'>nuper</span> <span class='ocrx_word' id='word_1_133' title='bbox 1370 1239 1549 1273; x_wconf 69' lang='lat' dir='ltr'>Serenitati</span> <span class='ocrx_word' id='word_1_134' title='bbox 1579 1244 1692 1272; x_wconf 86' lang='lat' dir='ltr'>nostre</span> <span class='ocrx_word' id='word_1_135' title='bbox 1721 1238 1830 1272; x_wconf 86' lang='lat' dir='ltr'>oblata</span> <span class='ocrx_word' id='word_1_136' title='bbox 1860 1249 1945 1284; x_wconf 89' lang='lat' dir='ltr'>sup-</span> 
     </span>
     <span class='ocr_line' id='line_1_17' title="bbox 99 1298 1944 1348; baseline -0.002 -13"><span class='ocrx_word' id='word_1_137' title='bbox 99 1302 240 1348; x_wconf 86' lang='lat' dir='ltr'>plicacio</span> <span class='ocrx_word' id='word_1_138' title='bbox 261 1300 462 1344; x_wconf 70' lang='lat' dir='ltr'>continebat,</span> <span class='ocrx_word' id='word_1_139' title='bbox 493 1300 665 1342; x_wconf 81' lang='lat' dir='ltr'>Quatenus</span> <span class='ocrx_word' id='word_1_140' title='bbox 686 1300 811 1334; x_wconf 84' lang='lat' dir='ltr'>eisdem</span> <span class='ocrx_word' id='word_1_141' title='bbox 834 1301 946 1334; x_wconf 82' lang='lat' dir='ltr'>literas</span> <span class='ocrx_word' id='word_1_142' title='bbox 967 1300 1124 1345; x_wconf 86' lang='lat' dir='ltr'>quasdam</span> <span class='ocrx_word' id='word_1_143' title='bbox 1145 1300 1233 1334; x_wconf 88' lang='lat' dir='ltr'>clare</span> <span class='ocrx_word' id='word_1_144' title='bbox 1254 1303 1414 1334; x_wconf 85' lang='lat' dir='ltr'>memorie</span> <span class='ocrx_word' id='word_1_145' title='bbox 1434 1299 1574 1333; x_wconf 86' lang='lat' dir='ltr'>Illustris</span> <span class='ocrx_word' id='word_1_146' title='bbox 1596 1299 1757 1333; x_wconf 66' lang='lat' dir='ltr'>joliannis</span> <span class='ocrx_word' id='word_1_147' title='bbox 1779 1298 1944 1344; x_wconf 88' lang='lat' dir='ltr'>quondam</span> 
     </span>
     <span class='ocr_line' id='line_1_18' title="bbox 98 1359 1944 1407; baseline -0.002 -11"><span class='ocrx_word' id='word_1_148' title='bbox 98 1361 235 1396; x_wconf 89' lang='lat' dir='ltr'>Boemie</span> <span class='ocrx_word' id='word_1_149' title='bbox 271 1362 375 1407; x_wconf 83' lang='lat' dir='ltr'>Regis</span> <span class='ocrx_word' id='word_1_150' title='bbox 411 1361 580 1396; x_wconf 87' lang='lat' dir='ltr'>Genitoris</span> <span class='ocrx_word' id='word_1_151' title='bbox 615 1365 720 1395; x_wconf 82' lang='lat' dir='ltr'>nostri</span> <span class='ocrx_word' id='word_1_152' title='bbox 749 1364 911 1395; x_wconf 77' lang='lat' dir='ltr'>carissimi</span> <span class='ocrx_word' id='word_1_153' title='bbox 941 1361 1144 1407; x_wconf 80' lang='lat' dir='ltr'>approbare,</span> <span class='ocrx_word' id='word_1_154' title='bbox 1180 1360 1346 1394; x_wconf 83' lang='lat' dir='ltr'>ratificare</span> <span class='ocrx_word' id='word_1_155' title='bbox 1374 1365 1406 1394; x_wconf 88' lang='lat' dir='ltr'>et</span> <span class='ocrx_word' id='word_1_156' title='bbox 1434 1360 1634 1394; x_wconf 83' lang='lat' dir='ltr'>confirmare</span> <span class='ocrx_word' id='word_1_157' title='bbox 1670 1359 1710 1393; x_wconf 79' lang='lat' dir='ltr'>(le</span> <span class='ocrx_word' id='word_1_158' title='bbox 1738 1360 1944 1404; x_wconf 70' lang='lat' dir='ltr'>benignitate</span> 
     </span>
     <span class='ocr_line' id='line_1_19' title="bbox 98 1421 1944 1468; baseline -0.002 -11"><span class='ocrx_word' id='word_1_159' title='bbox 98 1422 205 1468; x_wconf 81' lang='lat' dir='ltr'>Regia</span> <span class='ocrx_word' id='word_1_160' title='bbox 239 1423 469 1468; x_wconf 73' lang='lat' dir='ltr'>dignaremur,</span> <span class='ocrx_word' id='word_1_161' title='bbox 505 1421 650 1463; x_wconf 88' lang='lat' dir='ltr'>Quarum</span> <span class='ocrx_word' id='word_1_162' title='bbox 684 1427 777 1456; x_wconf 90' lang='lat' dir='ltr'>tenor</span> <span class='ocrx_word' id='word_1_163' title='bbox 814 1425 962 1467; x_wconf 86' lang='lat' dir='ltr'>sequitur</span> <span class='ocrx_word' id='word_1_164' title='bbox 997 1424 1029 1455; x_wconf 92' lang='lat' dir='ltr'>in</span> <span class='ocrx_word' id='word_1_165' title='bbox 1063 1421 1124 1455; x_wconf 87' lang='lat' dir='ltr'>hec</span> <span class='ocrx_word' id='word_1_166' title='bbox 1158 1421 1273 1455; x_wconf 86' lang='lat' dir='ltr'>verba.</span> <span class='ocrx_word' id='word_1_167' title='bbox 1313 1421 1484 1455; x_wconf 81' lang='lat' dir='ltr'>Joliannes</span> <span class='ocrx_word' id='word_1_168' title='bbox 1520 1422 1570 1455; x_wconf 79' lang='lat' dir='ltr'>dei</span> <span class='ocrx_word' id='word_1_169' title='bbox 1600 1423 1713 1466; x_wconf 82' lang='lat' dir='ltr'>gracia</span> <span class='ocrx_word' id='word_1_170' title='bbox 1747 1425 1810 1454; x_wconf 87' lang='lat' dir='ltr'>etc.</span> <span class='ocrx_word' id='word_1_171' title='bbox 1840 1431 1944 1464; x_wconf 85' lang='lat' dir='ltr'>nsque</span> 
     </span>
     <span class='ocr_line' id='line_1_20' title="bbox 99 1480 1942 1529; baseline -0.002 -12"><span class='ocrx_word' id='word_1_172' title='bbox 99 1483 218 1517; x_wconf 85' lang='lat' dir='ltr'>Datum</span> <span class='ocrx_word' id='word_1_173' title='bbox 252 1483 404 1529; x_wconf 64' lang='lat' dir='ltr'>Znoyme</span> <span class='ocrx_word' id='word_1_174' title='bbox 438 1483 538 1517; x_wconf 89' lang='lat' dir='ltr'>Anno</span> <span class='ocrx_word' id='word_1_175' title='bbox 574 1483 695 1516; x_wconf 88' lang='lat' dir='ltr'>domini</span> <span class='ocrx_word' id='word_1_176' title='bbox 733 1482 907 1516; x_wconf 77' lang='lat' dir='ltr'>Mittesimo</span> <span class='ocrx_word' id='word_1_177' title='bbox 943 1483 1194 1516; x_wconf 83' lang='lat' dir='ltr'>Trecentesimo</span> <span class='ocrx_word' id='word_1_178' title='bbox 1232 1482 1417 1516; x_wconf 86' lang='lat' dir='ltr'>Tricesimo</span> <span class='ocrx_word' id='word_1_179' title='bbox 1454 1487 1551 1516; x_wconf 77' lang='lat' dir='ltr'>sexto</span> <span class='ocrx_word' id='word_1_180' title='bbox 1585 1485 1617 1515; x_wconf 93' lang='lat' dir='ltr'>in</span> <span class='ocrx_word' id='word_1_181' title='bbox 1646 1481 1697 1515; x_wconf 90' lang='lat' dir='ltr'>die</span> <span class='ocrx_word' id='word_1_182' title='bbox 1727 1480 1815 1515; x_wconf 85' lang='lat' dir='ltr'>beati</span> <span class='ocrx_word' id='word_1_183' title='bbox 1847 1480 1942 1514; x_wconf 87' lang='lat' dir='ltr'>Galli.</span> 
     </span>
     <span class='ocr_line' id='line_1_21' title="bbox 98 1542 1944 1589; baseline -0.002 -11"><span class='ocrx_word' id='word_1_184' title='bbox 98 1544 152 1587; x_wconf 80' lang='lat' dir='ltr'>(S.</span> <span class='ocrx_word' id='word_1_185' title='bbox 189 1543 219 1578; x_wconf 89' lang='lat' dir='ltr'>d.</span> <span class='ocrx_word' id='word_1_186' title='bbox 257 1543 293 1577; x_wconf 91' lang='lat' dir='ltr'>B.</span> <span class='ocrx_word' id='word_1_187' title='bbox 331 1543 365 1578; x_wconf 91' lang='lat' dir='ltr'>S.</span> <span class='ocrx_word' id='word_1_188' title='bbox 397 1543 445 1577; x_wconf 88' lang='lat'>97</span> <span class='ocrx_word' id='word_1_189' title='bbox 478 1555 510 1578; x_wconf 93' lang='lat' dir='ltr'>n.</span> <span class='ocrx_word' id='word_1_190' title='bbox 547 1543 650 1589; x_wconf 67' lang='lat'>112.)</span> <span class='ocrx_word' id='word_1_191' title='bbox 704 1543 772 1577; x_wconf 81' lang='lat' dir='ltr'>Nos</span> <span class='ocrx_word' id='word_1_192' title='bbox 802 1546 900 1587; x_wconf 66' lang='lat' dir='ltr'>igitur</span> <span class='ocrx_word' id='word_1_193' title='bbox 928 1543 967 1576; x_wconf 86' lang='lat' dir='ltr'>ad</span> <span class='ocrx_word' id='word_1_194' title='bbox 998 1543 1259 1589; x_wconf 80' lang='lat' dir='ltr'>supradictorum</span> <span class='ocrx_word' id='word_1_195' title='bbox 1286 1571 1322 1577; x_wconf 91' lang='lat'>..</span> <span class='ocrx_word' id='word_1_196' title='bbox 1352 1543 1493 1577; x_wconf 85' lang='lat' dir='ltr'>Abbatis</span> <span class='ocrx_word' id='word_1_197' title='bbox 1522 1547 1553 1577; x_wconf 92' lang='lat' dir='ltr'>et</span> <span class='ocrx_word' id='word_1_198' title='bbox 1583 1542 1774 1576; x_wconf 89' lang='lat' dir='ltr'>Conuentus</span> <span class='ocrx_word' id='word_1_199' title='bbox 1812 1542 1944 1588; x_wconf 88' lang='lat' dir='ltr'>suppli-</span> 
     </span>
     <span class='ocr_line' id='line_1_22' title="bbox 98 1602 1943 1650; baseline -0.001 -13"><span class='ocrx_word' id='word_1_200' title='bbox 98 1607 247 1639; x_wconf 87' lang='lat' dir='ltr'>cacionis</span> <span class='ocrx_word' id='word_1_201' title='bbox 276 1607 465 1638; x_wconf 84' lang='lat' dir='ltr'>instantiam</span> <span class='ocrx_word' id='word_1_202' title='bbox 496 1604 606 1638; x_wconf 90' lang='lat' dir='ltr'>diuine</span> <span class='ocrx_word' id='word_1_203' title='bbox 626 1606 913 1637; x_wconf 83' lang='lat' dir='ltr'>rennmeracionis</span> <span class='ocrx_word' id='word_1_204' title='bbox 935 1606 1062 1646; x_wconf 68' lang='lat' dir='ltr'>intuitu,</span> <span class='ocrx_word' id='word_1_205' title='bbox 1092 1608 1127 1637; x_wconf 74' lang='lat' dir='ltr'>vt</span> <span class='ocrx_word' id='word_1_206' title='bbox 1146 1607 1289 1637; x_wconf 86' lang='lat' dir='ltr'>omnium</span> <span class='ocrx_word' id='word_1_207' title='bbox 1310 1614 1447 1650; x_wconf 89' lang='lat' dir='ltr'>operum</span> <span class='ocrx_word' id='word_1_208' title='bbox 1477 1604 1625 1637; x_wconf 83' lang='lat' dir='ltr'>karitatis</span> <span class='ocrx_word' id='word_1_209' title='bbox 1646 1614 1710 1648; x_wconf 87' lang='lat' dir='ltr'>qne</span> <span class='ocrx_word' id='word_1_210' title='bbox 1730 1602 1770 1636; x_wconf 86' lang='lat' dir='ltr'>al)</span> <span class='ocrx_word' id='word_1_211' title='bbox 1791 1602 1943 1636; x_wconf 85' lang='lat' dir='ltr'>omnibus</span> 
     </span>
     <span class='ocr_line' id='line_1_23' title="bbox 99 1663 1944 1710; baseline -0.001 -12"><span class='ocrx_word' id='word_1_212' title='bbox 99 1664 254 1700; x_wconf 79' lang='lat' dir='ltr'>fratribus</span> <span class='ocrx_word' id='word_1_213' title='bbox 283 1664 363 1699; x_wconf 87' lang='lat' dir='ltr'>inibi</span> <span class='ocrx_word' id='word_1_214' title='bbox 392 1665 524 1699; x_wconf 90' lang='lat' dir='ltr'>domino</span> <span class='ocrx_word' id='word_1_215' title='bbox 553 1664 785 1698; x_wconf 77' lang='lat' dir='ltr'>famulantibus</span> <span class='ocrx_word' id='word_1_216' title='bbox 814 1667 935 1708; x_wconf 74' lang='lat' dir='ltr'>iugiter</span> <span class='ocrx_word' id='word_1_217' title='bbox 971 1669 1175 1698; x_wconf 80' lang='lat' dir='ltr'>exercentur</span> <span class='ocrx_word' id='word_1_218' title='bbox 1209 1667 1386 1710; x_wconf 88' lang='lat' dir='ltr'>participes</span> <span class='ocrx_word' id='word_1_219' title='bbox 1421 1664 1492 1698; x_wconf 89' lang='lat' dir='ltr'>fieri</span> <span class='ocrx_word' id='word_1_220' title='bbox 1521 1675 1708 1698; x_wconf 88' lang='lat' dir='ltr'>mereamur</span> <span class='ocrx_word' id='word_1_221' title='bbox 1736 1663 1944 1709; x_wconf 83' lang='lat' dir='ltr'>supradictas</span> 
     </span>
     <span class='ocr_line' id='line_1_24' title="bbox 96 1724 1943 1770; baseline -0.002 -11"><span class='ocrx_word' id='word_1_222' title='bbox 96 1725 208 1760; x_wconf 84' lang='lat' dir='ltr'>literas</span> <span class='ocrx_word' id='word_1_223' title='bbox 236 1728 269 1759; x_wconf 90' lang='lat' dir='ltr'>in</span> <span class='ocrx_word' id='word_1_224' title='bbox 298 1724 451 1759; x_wconf 86' lang='lat' dir='ltr'>omnibus</span> <span class='ocrx_word' id='word_1_225' title='bbox 480 1728 550 1760; x_wconf 88' lang='lat' dir='ltr'>suis</span> <span class='ocrx_word' id='word_1_226' title='bbox 579 1724 749 1759; x_wconf 87' lang='lat' dir='ltr'>tenoribus</span> <span class='ocrx_word' id='word_1_227' title='bbox 778 1725 934 1758; x_wconf 74' lang='lat' dir='ltr'>clausulis</span> <span class='ocrx_word' id='word_1_228' title='bbox 963 1729 995 1758; x_wconf 85' lang='lat' dir='ltr'>et</span> <span class='ocrx_word' id='word_1_229' title='bbox 1023 1726 1204 1769; x_wconf 86' lang='lat' dir='ltr'>senteneijs</span> <span class='ocrx_word' id='word_1_230' title='bbox 1235 1724 1276 1758; x_wconf 85' lang='lat' dir='ltr'>de</span> <span class='ocrx_word' id='word_1_231' title='bbox 1303 1725 1408 1759; x_wconf 85' lang='lat' dir='ltr'>verbo</span> <span class='ocrx_word' id='word_1_232' title='bbox 1437 1725 1476 1759; x_wconf 89' lang='lat' dir='ltr'>ad</span> <span class='ocrx_word' id='word_1_233' title='bbox 1498 1724 1637 1759; x_wconf 88' lang='lat' dir='ltr'>verbum</span> <span class='ocrx_word' id='word_1_234' title='bbox 1667 1728 1763 1770; x_wconf 88' lang='lat' dir='ltr'>prout</span> <span class='ocrx_word' id='word_1_235' title='bbox 1790 1726 1943 1769; x_wconf 84' lang='lat' dir='ltr'>superins</span> 
     </span>
     <span class='ocr_line' id='line_1_25' title="bbox 97 1785 1941 1832; baseline -0.002 -13"><span class='ocrx_word' id='word_1_236' title='bbox 97 1791 173 1820; x_wconf 87' lang='lat' dir='ltr'>sunt</span> <span class='ocrx_word' id='word_1_237' title='bbox 201 1797 382 1832; x_wconf 67' lang='lat' dir='ltr'>expresse‚</span> <span class='ocrx_word' id='word_1_238' title='bbox 413 1786 453 1820; x_wconf 89' lang='lat' dir='ltr'>dc</span> <span class='ocrx_word' id='word_1_239' title='bbox 482 1790 572 1820; x_wconf 86' lang='lat' dir='ltr'>certa</span> <span class='ocrx_word' id='word_1_240' title='bbox 601 1790 717 1820; x_wconf 85' lang='lat' dir='ltr'>nostra</span> <span class='ocrx_word' id='word_1_241' title='bbox 747 1788 893 1819; x_wconf 87' lang='lat' dir='ltr'>sciencia</span> <span class='ocrx_word' id='word_1_242' title='bbox 922 1785 1140 1828; x_wconf 66' lang='grc' dir='ltr'>Ιιιιιυιιειιιιυς,</span> <span class='ocrx_word' id='word_1_243' title='bbox 1171 1785 1411 1831; x_wconf 58' lang='lat' dir='ltr'>approbamus„</span> <span class='ocrx_word' id='word_1_244' title='bbox 1448 1786 1648 1820; x_wconf 84' lang='lat' dir='ltr'>ratificamus</span> <span class='ocrx_word' id='word_1_245' title='bbox 1677 1796 1716 1819; x_wconf 88' lang='lat' dir='ltr'>ac</span> <span class='ocrx_word' id='word_1_246' title='bbox 1743 1796 1804 1831; x_wconf 88' lang='lat' dir='ltr'>per</span> <span class='ocrx_word' id='word_1_247' title='bbox 1833 1786 1941 1818; x_wconf 86' lang='lat' dir='ltr'>omnia</span> 
     </span>
     <span class='ocr_line' id='line_1_26' title="bbox 97 1845 1942 1892; baseline -0.002 -12"><span class='ocrx_word' id='word_1_248' title='bbox 97 1846 136 1880; x_wconf 88' lang='lat' dir='ltr'>de</span> <span class='ocrx_word' id='word_1_249' title='bbox 164 1846 273 1891; x_wconf 84' lang='lat' dir='ltr'>Regie</span> <span class='ocrx_word' id='word_1_250' title='bbox 309 1849 483 1892; x_wconf 87' lang='lat' dir='ltr'>potcstatis</span> <span class='ocrx_word' id='word_1_251' title='bbox 521 1846 725 1892; x_wconf 87' lang='lat' dir='ltr'>plenitudine</span> <span class='ocrx_word' id='word_1_252' title='bbox 759 1846 1011 1888; x_wconf 75' lang='lat' dir='ltr'>confirmamus,</span> <span class='ocrx_word' id='word_1_253' title='bbox 1050 1845 1247 1880; x_wconf 80' lang='lat' dir='ltr'>Mandantes</span> <span class='ocrx_word' id='word_1_254' title='bbox 1280 1849 1446 1880; x_wconf 84' lang='lat' dir='ltr'>vniuersis</span> <span class='ocrx_word' id='word_1_255' title='bbox 1484 1851 1514 1880; x_wconf 88' lang='lat' dir='ltr'>et</span> <span class='ocrx_word' id='word_1_256' title='bbox 1551 1846 1690 1889; x_wconf 72' lang='lat' dir='ltr'>singulis</span> <span class='ocrx_word' id='word_1_257' title='bbox 1726 1845 1845 1879; x_wconf 83' lang='lat' dir='ltr'>villicis</span> <span class='ocrx_word' id='word_1_258' title='bbox 1883 1856 1942 1878; x_wconf 85' lang='lat' dir='ltr'>seu</span> 
     </span>
     <span class='ocr_line' id='line_1_27' title="bbox 97 1905 1941 1953; baseline -0.001 -13"><span class='ocrx_word' id='word_1_259' title='bbox 97 1905 294 1941; x_wconf 82' lang='lat' dir='ltr'>castellanis</span> <span class='ocrx_word' id='word_1_260' title='bbox 328 1907 596 1953; x_wconf 59' lang='lat' dir='ltr'>Znoymensibus</span> <span class='ocrx_word' id='word_1_261' title='bbox 625 1912 657 1941; x_wconf 91' lang='lat' dir='ltr'>et</span> <span class='ocrx_word' id='word_1_262' title='bbox 691 1907 764 1951; x_wconf 88' lang='lat' dir='ltr'>alijs</span> <span class='ocrx_word' id='word_1_263' title='bbox 799 1906 948 1940; x_wconf 81' lang='lat' dir='ltr'>fidelibus</span> <span class='ocrx_word' id='word_1_264' title='bbox 984 1909 1105 1940; x_wconf 84' lang='lat' dir='ltr'>nostris</span> <span class='ocrx_word' id='word_1_265' title='bbox 1134 1907 1362 1952; x_wconf 79' lang='lat' dir='ltr'>presentibus,</span> <span class='ocrx_word' id='word_1_266' title='bbox 1398 1912 1429 1940; x_wconf 90' lang='lat' dir='ltr'>et</span> <span class='ocrx_word' id='word_1_267' title='bbox 1458 1910 1510 1952; x_wconf 89' lang='lat' dir='ltr'>qui</span> <span class='ocrx_word' id='word_1_268' title='bbox 1539 1919 1598 1953; x_wconf 88' lang='lat' dir='ltr'>pro</span> <span class='ocrx_word' id='word_1_269' title='bbox 1628 1912 1776 1952; x_wconf 87' lang='lat' dir='ltr'>tempore</span> <span class='ocrx_word' id='word_1_270' title='bbox 1806 1905 1941 1947; x_wconf 58' lang='lat' dir='ltr'>fuerint„</span> 
     </span>
     <span class='ocr_line' id='line_1_28' title="bbox 97 1966 1941 2012; baseline -0.001 -13"><span class='ocrx_word' id='word_1_271' title='bbox 97 1971 259 2011; x_wconf 86' lang='lat' dir='ltr'>quatenus</span> <span class='ocrx_word' id='word_1_272' title='bbox 291 1979 354 2002; x_wconf 90' lang='lat' dir='ltr'>vos</span> <span class='ocrx_word' id='word_1_273' title='bbox 391 1968 445 2001; x_wconf 87' lang='lat' dir='ltr'>vel</span> <span class='ocrx_word' id='word_1_274' title='bbox 474 1967 714 2002; x_wconf 82' lang='lat' dir='ltr'>Monasterium</span> <span class='ocrx_word' id='word_1_275' title='bbox 753 1972 901 2001; x_wconf 75' lang='lat' dir='ltr'>vestrum</span> <span class='ocrx_word' id='word_1_276' title='bbox 939 1978 1039 2012; x_wconf 85' lang='lat' dir='ltr'>super</span> <span class='ocrx_word' id='word_1_277' title='bbox 1074 1966 1256 2000; x_wconf 76' lang='lat' dir='ltr'>huiusmodi</span> <span class='ocrx_word' id='word_1_278' title='bbox 1290 1972 1402 2001; x_wconf 87' lang='lat' dir='ltr'>nostra</span> <span class='ocrx_word' id='word_1_279' title='bbox 1437 1968 1624 2001; x_wconf 77' lang='lat' dir='ltr'>(louacione</span> <span class='ocrx_word' id='word_1_280' title='bbox 1663 1977 1728 2000; x_wconf 89' lang='lat' dir='ltr'>non</span> <span class='ocrx_word' id='word_1_281' title='bbox 1766 1966 1941 1999; x_wconf 85' lang='lat' dir='ltr'>molestent</span> 
     </span>
     <span class='ocr_line' id='line_1_29' title="bbox 99 2026 1942 2074; baseline -0.001 -15"><span class='ocrx_word' id='word_1_282' title='bbox 99 2029 280 2072; x_wconf 84' lang='lat' dir='ltr'>inquietent</span> <span class='ocrx_word' id='word_1_283' title='bbox 299 2028 353 2062; x_wconf 84' lang='lat' dir='ltr'>vel</span> <span class='ocrx_word' id='word_1_284' title='bbox 382 2028 586 2074; x_wconf 75' lang='lat' dir='ltr'>perturbent,</span> <span class='ocrx_word' id='word_1_285' title='bbox 617 2040 679 2062; x_wconf 89' lang='lat' dir='ltr'>nec</span> <span class='ocrx_word' id='word_1_286' title='bbox 707 2029 874 2071; x_wconf 85' lang='lat' dir='ltr'>molestarj</span> <span class='ocrx_word' id='word_1_287' title='bbox 906 2029 1077 2072; x_wconf 83' lang='lat' dir='ltr'>inquietarj</span> <span class='ocrx_word' id='word_1_288' title='bbox 1108 2028 1160 2061; x_wconf 68' lang='lat' dir='ltr'>vet</span> <span class='ocrx_word' id='word_1_289' title='bbox 1192 2027 1312 2072; x_wconf 87' lang='lat' dir='ltr'>turbarj</span> <span class='ocrx_word' id='word_1_290' title='bbox 1343 2040 1402 2074; x_wconf 89' lang='lat' dir='ltr'>per</span> <span class='ocrx_word' id='word_1_291' title='bbox 1430 2029 1511 2062; x_wconf 82' lang='lat' dir='ltr'>alios</span> <span class='ocrx_word' id='word_1_292' title='bbox 1536 2026 1781 2074; x_wconf 82' lang='lat' dir='ltr'>quomodolibet</span> <span class='ocrx_word' id='word_1_293' title='bbox 1802 2029 1942 2072; x_wconf 89' lang='lat' dir='ltr'>permit-</span> 
     </span>
     <span class='ocr_line' id='line_1_30' title="bbox 99 2086 1938 2134; baseline 0 -15"><span class='ocrx_word' id='word_1_294' title='bbox 99 2091 168 2120; x_wconf 86' lang='lat' dir='ltr'>tant</span> <span class='ocrx_word' id='word_1_295' title='bbox 192 2086 463 2132; x_wconf 86' lang='lat' dir='ltr'>Indignacionem</span> <span class='ocrx_word' id='word_1_296' title='bbox 483 2093 632 2123; x_wconf 86' lang='lat' dir='ltr'>nostram</span> <span class='ocrx_word' id='word_1_297' title='bbox 657 2092 683 2123; x_wconf 93' lang='lat' dir='ltr'>si</span> <span class='ocrx_word' id='word_1_298' title='bbox 709 2100 808 2123; x_wconf 78' lang='lat' dir='ltr'>secus</span> <span class='ocrx_word' id='word_1_299' title='bbox 834 2091 992 2133; x_wconf 84' lang='lat' dir='ltr'>quispiam</span> <span class='ocrx_word' id='word_1_300' title='bbox 1019 2092 1213 2133; x_wconf 87' lang='lat' dir='ltr'>attemptare</span> <span class='ocrx_word' id='word_1_301' title='bbox 1238 2092 1487 2134; x_wconf 83' lang='lat' dir='ltr'>presumpserit.</span> <span class='ocrx_word' id='word_1_302' title='bbox 1509 2100 1546 2122; x_wconf 89' lang='lat' dir='ltr'>sc</span> <span class='ocrx_word' id='word_1_303' title='bbox 1570 2090 1698 2122; x_wconf 88' lang='lat' dir='ltr'>nouerit</span> <span class='ocrx_word' id='word_1_304' title='bbox 1720 2090 1938 2121; x_wconf 85' lang='lat' dir='ltr'>incursurum.</span> 
     </span>
     <span class='ocr_line' id='line_1_31' title="bbox 99 2146 1941 2194; baseline 0 -15"><span class='ocrx_word' id='word_1_305' title='bbox 99 2146 221 2180; x_wconf 86' lang='lat' dir='ltr'>Harum</span> <span class='ocrx_word' id='word_1_306' title='bbox 250 2151 337 2182; x_wconf 90' lang='lat' dir='ltr'>serie</span> <span class='ocrx_word' id='word_1_307' title='bbox 372 2154 403 2183; x_wconf 86' lang='lat' dir='ltr'>et</span> <span class='ocrx_word' id='word_1_308' title='bbox 440 2152 628 2183; x_wconf 88' lang='lat' dir='ltr'>testimonio</span> <span class='ocrx_word' id='word_1_309' title='bbox 661 2149 828 2183; x_wconf 89' lang='lat' dir='ltr'>literarum</span> <span class='ocrx_word' id='word_1_310' title='bbox 863 2149 979 2182; x_wconf 83' lang='lat' dir='ltr'>Datum</span> <span class='ocrx_word' id='word_1_311' title='bbox 1018 2147 1169 2194; x_wconf 52' lang='lat' dir='ltr'>Znoyme</span> <span class='ocrx_word' id='word_1_312' title='bbox 1198 2149 1296 2182; x_wconf 82' lang='lat' dir='ltr'>Anno</span> <span class='ocrx_word' id='word_1_313' title='bbox 1325 2149 1445 2183; x_wconf 87' lang='lat' dir='ltr'>domini</span> <span class='ocrx_word' id='word_1_314' title='bbox 1475 2148 1650 2183; x_wconf 79' lang='lat' dir='ltr'>Millesimo</span> <span class='ocrx_word' id='word_1_315' title='bbox 1687 2147 1941 2181; x_wconf 82' lang='lat' dir='ltr'>Trecentesimo</span> 
     </span>
     <span class='ocr_line' id='line_1_32' title="bbox 99 2207 1939 2256; baseline -0.001 -15"><span class='ocrx_word' id='word_1_316' title='bbox 99 2207 495 2254; x_wconf 78' lang='lat' dir='ltr'>Quadragesimooctauo,</span> <span class='ocrx_word' id='word_1_317' title='bbox 524 2209 716 2244; x_wconf 87' lang='lat' dir='ltr'>Indiccione</span> <span class='ocrx_word' id='word_1_318' title='bbox 745 2213 848 2256; x_wconf 91' lang='lat' dir='ltr'>prima</span> <span class='ocrx_word' id='word_1_319' title='bbox 866 2236 872 2243; x_wconf 89' lang='lat'><strong><em>.</em></strong></span> <span class='ocrx_word' id='word_1_320' title='bbox 892 2208 987 2242; x_wconf 59' lang='grc' dir='ltr'>ΥἸΙΙ0</span> <span class='ocrx_word' id='word_1_321' title='bbox 1005 2236 1011 2241; x_wconf 96' lang='grc'>.</span> <span class='ocrx_word' id='word_1_322' title='bbox 1028 2208 1105 2242; x_wconf 86' lang='lat' dir='ltr'>Idus</span> <span class='ocrx_word' id='word_1_323' title='bbox 1125 2208 1212 2253; x_wconf 85' lang='lat' dir='ltr'>Junij</span> <span class='ocrx_word' id='word_1_324' title='bbox 1234 2208 1429 2253; x_wconf 83' lang='lat' dir='ltr'>Regnorum</span> <span class='ocrx_word' id='word_1_325' title='bbox 1451 2215 1637 2243; x_wconf 82' lang='lat' dir='ltr'>nostrornm</span> <span class='ocrx_word' id='word_1_326' title='bbox 1659 2208 1759 2241; x_wconf 75' lang='lat' dir='ltr'>Anno</span> <span class='ocrx_word' id='word_1_327' title='bbox 1781 2207 1939 2241; x_wconf 83' lang='lat' dir='ltr'>secumlo.</span> 
     </span>
    </p>

    <p class='ocr_par' dir='ltr' id='par_1_8' title="bbox 404 2295 1939 2431">
     <span class='ocr_line' id='line_1_33' title="bbox 404 2295 1939 2332; baseline -0.002 -9"><span class='ocrx_word' id='word_1_328' title='bbox 404 2295 487 2332; x_wconf 73' lang='lat' dir='ltr'>(Nacti</span> <span class='ocrx_word' id='word_1_329' title='bbox 517 2297 576 2323; x_wconf 83' lang='lat' dir='ltr'>dem</span> <span class='ocrx_word' id='word_1_330' title='bbox 609 2298 683 2331; x_wconf 76' lang='lat' dir='ltr'>(lrig.</span> <span class='ocrx_word' id='word_1_331' title='bbox 716 2298 763 2323; x_wconf 76' lang='lat' dir='ltr'>aus</span> <span class='ocrx_word' id='word_1_332' title='bbox 784 2298 919 2324; x_wconf 58' lang='lat' dir='ltr'>Perenni..</span> <span class='ocrx_word' id='word_1_333' title='bbox 953 2297 1049 2321; x_wconf 57' lang='lat' dir='ltr'>‹lessi-n</span> <span class='ocrx_word' id='word_1_334' title='bbox 1075 2297 1150 2327; x_wconf 40' lang='lat' dir='ltr'>sterit!</span> <span class='ocrx_word' id='word_1_335' title='bbox 1176 2297 1332 2324; x_wconf 61' lang='lat' dir='ltr'>aih-,wrissen</span> <span class='ocrx_word' id='word_1_336' title='bbox 1357 2298 1406 2322; x_wconf 74' lang='lat' dir='ltr'>ist.</span> <span class='ocrx_word' id='word_1_337' title='bbox 1439 2299 1470 2322; x_wconf 88' lang='lat' dir='ltr'>im</span> <span class='ocrx_word' id='word_1_338' title='bbox 1498 2297 1612 2322; x_wconf 29' lang='lat' dir='ltr'>‚xxi-«inve</span> <span class='ocrx_word' id='word_1_339' title='bbox 1638 2296 1782 2321; x_wconf 68' lang='lat' dir='ltr'>dessettwn</span> <span class='ocrx_word' id='word_1_340' title='bbox 1807 2295 1939 2320; x_wconf 62' lang='lat' dir='ltr'>mosim-s.</span> 
     </span>
     <span class='ocr_line' id='line_1_34' title="bbox 506 2347 1939 2382; baseline -0.002 -7"><span class='ocrx_word' id='word_1_341' title='bbox 506 2350 539 2374; x_wconf 79' lang='lat' dir='ltr'>im</span> <span class='ocrx_word' id='word_1_342' title='bbox 571 2358 603 2375; x_wconf 84' lang='lat' dir='ltr'>m.</span> <span class='ocrx_word' id='word_1_343' title='bbox 630 2353 661 2374; x_wconf 83' lang='lat' dir='ltr'>st.</span> <span class='ocrx_word' id='word_1_344' title='bbox 687 2350 899 2375; x_wconf 59' lang='lat' dir='ltr'>Lanilesarrlnxe</span> <span class='ocrx_word' id='word_1_345' title='bbox 930 2349 975 2373; x_wconf 84' lang='lat' dir='ltr'>Lit.</span> <span class='ocrx_word' id='word_1_346' title='bbox 1002 2348 1031 2374; x_wconf 92' lang='lat' dir='ltr'>ll.</span> <span class='ocrx_word' id='word_1_347' title='bbox 1058 2357 1081 2374; x_wconf 93' lang='lat' dir='ltr'>n.</span> <span class='ocrx_word' id='word_1_348' title='bbox 1110 2350 1158 2374; x_wconf 63' lang='lat'>353.</span> <span class='ocrx_word' id='word_1_349' title='bbox 1191 2364 1217 2367; x_wconf 77' lang='lat'>-</span> <span class='ocrx_word' id='word_1_350' title='bbox 1249 2349 1423 2382; x_wconf 73' lang='lat' dir='ltr'>Abgedruckt</span> <span class='ocrx_word' id='word_1_351' title='bbox 1451 2350 1491 2375; x_wconf 72' lang='lat' dir='ltr'>bei</span> <span class='ocrx_word' id='word_1_352' title='bbox 1517 2348 1601 2374; x_wconf 70' lang='lat' dir='ltr'>l&#39;elzel</span> <span class='ocrx_word' id='word_1_353' title='bbox 1627 2348 1655 2373; x_wconf 72' lang='grc' dir='ltr'>Κ.</span> <span class='ocrx_word' id='word_1_354' title='bbox 1682 2347 1744 2373; x_wconf 77' lang='lat' dir='ltr'>Karl</span> <span class='ocrx_word' id='word_1_355' title='bbox 1768 2347 1815 2373; x_wconf 70' lang='grc' dir='ltr'>ΙΥ.</span> <span class='ocrx_word' id='word_1_356' title='bbox 1850 2347 1868 2373; x_wconf 95' lang='grc' dir='ltr'>Ι.</span> <span class='ocrx_word' id='word_1_357' title='bbox 1895 2347 1939 2372; x_wconf 74' lang='lat' dir='ltr'>Th.</span> 
     </span>
     <span class='ocr_line' id='line_1_35' title="bbox 508 2400 988 2431; baseline -0.002 -5"><span class='ocrx_word' id='word_1_358' title='bbox 508 2400 679 2427; x_wconf 80' lang='lat' dir='ltr'>Urkuinlcub.</span> <span class='ocrx_word' id='word_1_359' title='bbox 705 2402 732 2429; x_wconf 84' lang='lat' dir='ltr'>S.</span> <span class='ocrx_word' id='word_1_360' title='bbox 763 2401 813 2427; x_wconf 74' lang='lat'>121</span> <span class='ocrx_word' id='word_1_361' title='bbox 845 2410 867 2426; x_wconf 89' lang='lat' dir='ltr'>n.</span> <span class='ocrx_word' id='word_1_362' title='bbox 895 2401 988 2431; x_wconf 55' lang='lat' dir='ltr'><em>CXX.)</em></span> 
     </span>
    </p>
   </div>
   <div class='ocr_carea' id='block_1_8' title="bbox 1735 2664 1775 2693">
    <p class='ocr_par' dir='ltr' id='par_1_9' title="bbox 1735 2664 1775 2693">
     <span class='ocr_line' id='line_1_36' title="bbox 1735 2664 1775 2693; baseline 0 0"><span class='ocrx_word' id='word_1_363' title='bbox 1735 2664 1775 2693; x_wconf 80' lang='lat'>74</span> 
     </span>
    </p>
   </div>
  </div>
 </body>
</html>
