2184 2828
1015 94 1077 129 171

124 215 220 249 nobis
251 215 396 260 plenarie
425 213 676 259 expediam-unt.
709 214 834 247 Tamen
864 217 924 259 ipsi
953 213 1139 247 euidentem
1176 217 1209 246 et
1236 215 1509 257 vrgentissimam
1548 217 1781 247 necessitatem
1811 219 1971 256 nostram,

122 281 154 309 et
183 275 364 309 debitorum
393 277 509 318 grauia
541 285 655 307 onera.
686 286 750 319 que
779 279 911 319 propter
939 284 1159 318 gwerrarum.
1189 278 1221 307 et
1249 273 1489 307 discordiarum
1520 274 1734 307 torbacioncs
1764 274 1970 320 multiplices.

124 341 187 369 tam
216 340 330 371 contra
360 334 607 380 Imperatorem.
638 345 734 379 quam
764 335 876 369 Duces
905 336 1051 376 Austrie‚
1080 345 1119 367 ac
1148 334 1230 367 alios
1259 334 1386 367 emulos
1417 338 1546 368 vicinos
1576 339 1720 373 nosti-os„
1749 335 1971 368 diuersimode

123 395 251 429 liabitas
290 395 460 440 hucusque
498 394 684 428 notabiliter
719 398 941 429 sustinuimus.
981 395 1019 429 ad
1054 394 1278 429 suffocandum
1315 394 1498 428 debitorum
1538 395 1721 429 huiusmodi
1762 399 1970 439 voraginem,

122 466 278 490 necnon
308 456 346 488 ad
384 455 648 500 recuperandum
685 460 715 488 et
751 456 976 490 redimendum
1013 456 1151 500 Regalia
1189 460 1313 489 nostra.
1350 467 1414 501 que
1455 467 1514 501 per
1548 457 1785 500 obligationem
1821 461 1851 489 et
1889 457 1971 490 alios

122 516 248 559 modos.
279 527 295 549 a
327 516 466 549 Camera
496 516 603 559 Regia
633 516 788 549 distracta
819 521 893 550 sunt
922 521 953 549 et
982 517 1133 550 alienata.
1164 521 1198 550 vt
1227 519 1307 562 ipsis
1335 520 1554 562 recuperatis.
1577 517 1697 550 Incolis
1718 517 1826 561 Regni
1857 520 1970 550 nostri.

119 581 234 623 optate
270 580 387 621 quietis
422 581 452 609 et
488 580 579 622 pacis
615 577 798 610 commoda.
837 580 867 610 in
903 580 1030 611 iusticie
1064 577 1259 611 certitudine
1294 589 1334 610 eo
1369 576 1532 611 salubrius
1577 589 1759 622 procurare
1794 581 1970 623 possimus.

121 640 183 684 ipsi
213 637 364 671 Barones
393 649 452 671 seu
482 637 668 679 Regnicole
698 637 877 671 t‘ottectam
906 638 1098 681 generalem
1128 649 1187 671 seu
1216 637 1369 682 Regiam.
1400 649 1463 682 que
1487 638 1593 671 Berua
1623 639 1806 683 volgariter
1835 650 1971 672 nuncu-

120 703 227 745 patur.
264 698 304 731 de
341 698 435 731 bonis
472 701 629 743 ipsorum.
665 709 708 731 ex
739 709 829 731 incra
865 701 1010 744 ipsorum
1048 698 1240 732 liberalitate
1273 703 1305 732 et
1339 698 1581 733 beniuolencia.
1624 704 1655 732 et
1692 711 1754 732 non
1792 711 1834 733 ex
1877 711 1971 745 :equo

121 758 214 793 Jure.
245 759 284 792 ad
315 770 452 805 presens
482 758 575 792 nobis
605 758 737 792 dabunt.
768 770 806 792 ac
837 759 914 792 dare
944 760 1074 793 soluere
1102 763 1133 792 et
1171 759 1332 805 expedire
1370 759 1524 793 beniuole
1554 763 1786 805 promiserunt.
1818 763 1972 806 exceptis

120 819 281 854 duntaxat
311 820 371 853 illis
401 819 586 853 Baronibus
617 831 675 852 seu
705 819 889 853 Nobilibus.
920 824 973 866 qui
1003 821 1041 854 de
1070 831 1134 854 non
1164 820 1324 854 soluenda
1353 831 1412 853 seu
1438 831 1502 853 1101]
1524 820 1629 853 danda
1654 820 1773 854 Berua.
1795 821 1835 854 de
1857 826 1970 855 nostra

119 880 303 914 voluntate.
334 883 551 914 iuramentum
583 884 805 926 prestiterunt..
835 884 887 926 qui
917 882 955 914 ad
986 881 1188 915 solucionem
1218 883 1320 926 ipsius
1351 881 1460 914 Berne
1498 882 1684 914 nullatenus
1714 886 1879 916 tenentur.
1911 894 1971 915 ncc

119 952 192 975 eam
222 940 387 974 debebunt
417 940 496 974 dare
527 942 579 974 wt
610 941 782 986 expedire.
806 940 1014 987 Quapropter
1034 942 1243 975 considerato
1264 944 1388 986 ingenti
1410 942 1538 975 ardoris
1559 947 1590 975 et
1612 943 1805 976 deuocionis
1827 947 1970 989 ipsorum

119 1002 249 1036 alI'ectu.
279 1013 342 1047 quo
372 1013 452 1046 erga
484 1001 612 1046 Regale
641 1002 782 1039 culmen,
814 1005 845 1035 in
875 1005 1043 1048 premissis
1071 1002 1198 1037 feruide
1227 1002 1427 1038 alliciuntur.
1458 1004 1677 1048 volentesque
1706 1009 1799 1048 grata
1832 1007 1975 1037 vicissi-

121 1063 229 1096 tudine
266 1065 410 1108 ipsoi·mn
448 1073 627 1096 occurrere
665 1062 906 1098 beniuolencic.
946 1066 1152 1109 promisimus
1187 1068 1219 1096 et
1254 1066 1471 1110 promittimus
1507 1075 1567 1110 pro
1597 1065 1703 1103 nobis.
1735 1065 1912 1099 heredibus
1942 1070 1975 1098 et.

119 1123 372 1157 successoribus
403 1127 534 1157 nostris.
567 1123 650 1157 bona
683 1123 745 1157 lide
774 1129 804 1157 et
841 1124 1071 1157 Sacrosanctis
1099 1124 1307 1169 Ewangelijs
1344 1128 1439 1158 tactis
1475 1126 1702 1171 corporaliter.
1734 1129 1913 1160 ini-animus
1942 1131 1973 1160 et

120 1187 276 1218 iuramus.
308 1184 391 1230 quod
423 1184 462 1217 de
491 1189 605 1217 cetero
628 1187 656 1217 in
679 1189 885 1230 perpetuum.
909 1185 995 1218 nullo
1017 1196 1169 1230 vmquam
1190 1190 1352 1231 tempore.
1375 1198 1392 1219 11
1413 1186 1550 1232 prefatis
1571 1186 1763 1232 proceribus
1787 1187 1972 1221 [ἴθι-1111111115

118 1256 177 1278 seu
207 1245 329 1278 Incolis
358 1244 467 1282 Reoni
497 1246 644 1291 predicti.
676 1251 730 1279 aut
758 1245 798 1278 ab
829 1249 972 1291 ipsorum
1003 1245 1191 1289 liei-edibus,
1221 1246 1332 1280 liberis
1363 1251 1395 1280 et
1424 1247 1692 1287 successoribus.
1722 1260 1787 1282 non
1813 1248 1972 1282 debemus

119 1311 173 1339 aut
203 1317 389 1352 possiunus.
420 1306 559 1352 aliquam
591 1306 771 1339 Collectam
805 1307 995 1350 generalem
1032 1318 1091 1340 seu
1128 1307 1281 1342 Bernam.
1317 1312 1433 1353 petere
1462 1311 1602 1353 exigere
1640 1314 1696 1342 aut
1725 1312 1887 1355 recipere.
1919 1314 1971 1343 aut

119 1369 210 1411 exigi
240 1378 299 1400 seu
330 1370 443 1412 recipi.
474 1379 533 1412 111-1
562 1378 621 1400 nos
652 1368 749 1401 alium
780 1367 833 1401 vel
864 1368 955 1409 alios7
986 1367 1230 1413 quomodolibet
1261 1379 1416 1413 vmquam
1445 1372 1686 1415 permittemus.
1717 1369 1786 1404 Nisi
1818 1374 1848 1403 in
1878 1382 1970 1413 casu,

119 1439 183 1473 quo
213 1432 275 1461 tam
306 1427 346 1461 dc
373 1428 464 1461 dure.
496 1439 592 1472 quam
631 1428 671 1461 de
707 1428 886 1473 approbata
923 1428 1081 1462 hactenus
1116 1429 1370 1473 consuetudine7
1406 1433 1522 1464 merito
1560 1430 1665 1467 nobis.
1703 1436 1758 1465 aut
1794 1431 1971 1465 heredibus

119 1491 240 1522 nostris
269 1488 416 1522 debetur.
449 1494 480 1521 vt
511 1494 597 1534 puta.
628 1493 653 1522 si
683 1490 824 1534 aliquem
856 1490 993 1522 liliorum
1023 1494 1219 1533 nostrorum,
1242 1489 1361 1535 Regali
1382 1490 1581 1536 dyademate
1601 1495 1755 1525 coronari
1785 1495 1815 1526 in
1844 1492 1970 1537 Regem

118 1552 299 1587 continuat.
332 1555 385 1582 aut
415 1550 555 1593 aliquam
585 1562 628 1583 ex
659 1549 785 1584 liliabus
816 1553 946 1583 nostris.
978 1553 1003 1583 si
1033 1561 1113 1595 quas
1143 1550 1365 1589 habuerimus.
1397 1551 1471 1585 (lum
1501 1552 1538 1585 ad
1560 1564 1666 1586 annos
1688 1552 1815 1587 nubiles
1844 1565 1971 1599 perue-

119 1613 237 1643 nerint.
270 1613 378 1655 nuptui
410 1622 467 1643 scu
499 1611 537 1643 ad
570 1611 785 1644 maritandum
817 1611 1055 1644 tradiderimus,
1087 1611 1125 1644 Et
1151 1616 1320 1658 postquam
1344 1616 1495 1646 maritata
1517 1613 1625 1647 fuerit.
1648 1619 1763 1659 postea
1786 1626 1843 1660 per
1873 1617 1970 1648 vuius

118 1673 194 1704 anni
224 1674 383 1716 spacium.
415 1676 489 1704 tnnc
521 1674 623 1716 ipsam
655 1671 808 1705 Bet-nain.
840 1673 925 1705 licite
955 1676 985 1705 et
1014 1672 1054 1704 de
1083 1672 1175 1706 Jure.
1205 1676 1356 1718 recipere
1393 1678 1506 1719 petere
1544 1679 1575 1707 et
1604 1678 1745 1720 exigere
1774 1679 1968 1721 poterimus.

119 1744 136 1765 a
166 1732 360 1776 Regnicolis
391 1736 513 1765 nostris
543 1734 709 1777 predictis.
742 1733 893 1766 videlicet
931 1744 987 1777 per
1023 1733 1162 1766 mediam
1198 1745 1341 1767 marcam
1379 1735 1539 1779 Regalem
1571 1738 1687 1780 viginti
1726 1741 1801 1770 octo
1830 1748 1970 1781 grossos

118 1792 276 1826 duntaxat
312 1804 369 1838 pro
407 1793 511 1826 media
550 1804 660 1826 marca
699 1794 929 1839 computzmdo.
967 1793 1006 1825 dc
1044 1793 1188 1838 quolibet
1225 1794 1336 1828 Laneo
1371 1807 1428 1829 sen
1467 1808 1594 1830 manso.
1633 1796 1672 1830 Et
1710 1797 1749 1830 ad
1779 1798 1970 1843 ampliorem

117 1853 337 1898 predictorum
368 1857 577 1887 securitatem
608 1859 639 1887 et
668 1854 841 1887 cautelam.
864 1859 980 1900 sponte
1001 1859 1030 1887 et
1052 1854 1233 1888 deliberato
1253 1859 1373 1892 animo.
1397 1868 1457 1890 nos
1478 1857 1664 1901 obligamus
1685 1863 1715 1891 ct
1738 1858 1968 1891 sulnnittimns.

117 1913 158 1946 ad
189 1925 306 1959 penam
335 1917 506 1948 sentencie
536 1918 898 1948 excommunicat·ionis
928 1916 1067 1947 (amere
1096 1915 1216 1949 domini
1253 1927 1347 1962 pape.
1384 1929 1479 1963 quam
1517 1929 1576 1951 nos
1605 1924 1634 1951 et
1665 1918 1799 1952 Inclitus
1830 1919 1970 1952 liarolus

119 1973 264 2007 Mai-cluo
313 1974 394 2008 Mor.
439 1978 679 2020 primogenitus
721 1980 836 2009 noster
882 1975 1091 2018 karissimus.
1141 1981 1195 2009 aut
1237 1978 1289 2021 alij
1337 1982 1440 2012 nostri
1483 1978 1625 2012 heredes
1667 1984 1697 2012 et
1739 1991 1968 2013 successores.

118 2037 188 2079 ipso
218 2034 315 2068 l'acto.
347 2036 498 2069 volumus
529 2039 710 2070 incurrere.
742 2042 774 2070 ct
804 2040 871 2082 ipsa
903 2039 1073 2069 sentencia
1105 2037 1213 2082 ligari7
1241 2041 1266 2070 si
1297 2044 1413 2072 contra
1444 2040 1624 2085 predictam
1656 2045 1800 2073 nostram
1823 2043 1969 2085 promis-

119 2098 258 2128 sionem.
290 2095 383 2129 lidem
414 2101 443 2129 ct
473 2097 700 2130 duramentum
732 2101 913 2142 prestitum.
945 2108 1098 2142 vmqnam
1128 2097 1252 2139 facere,
1283 2104 1337 2132 aut
1364 2103 1480 2133 venire
1501 2105 1769 2145 attemptarcmus
1792 2129 1797 2134 .
1821 2102 1969 2146 prefatus

118 2158 223 2189 eciam
259 2156 398 2190 Karolus
435 2161 674 2202 primogenitus
712 2163 836 2191 noster.
874 2158 931 2191 sul·
968 2158 1041 2190 lidci
1077 2169 1136 2191 suc
1171 2162 1310 2203 puritate
1349 2164 1496 2205 promisit
1536 2162 1686 2195 similiter
1721 2167 1751 2195 ct
1782 2165 1910 2195 iurauit.
1941 2165 1968 2196 si

117 2216 203 2262 quod
239 2216 321 2250 absit
355 2218 395 2251 de
432 2218 492 2251 1106
531 2219 638 2252 medio
674 2219 873 2254 tolleremur.
911 2222 1018 2252 omnia
1056 2219 1200 2264 predicta
1231 2221 1413 2263 attendere,
1451 2227 1481 2255 et
1512 2222 1742 2255 inuiolabiliter
1770 2222 1966 2257 obseruare.

118 2277 153 2310 In
182 2281 274 2311 cuius
306 2281 351 2311 rei
380 2282 601 2313 testimonium
632 2279 841 2325 presentibus
871 2284 1018 2312 nostrum
1045 2280 1185 2323 sigillum
1207 2285 1257 2313 est
1277 2292 1473 2327 appensum.
1504 2282 1543 2316 Et
1566 2282 1635 2316 Nos
1656 2282 1798 2317 Karolus
1819 2283 1967 2318 Marcbio

117 2337 200 2371 Mor.
236 2341 473 2384 primogenitus
509 2339 630 2373 domini
665 2340 768 2384 Regis
800 2340 933 2373 Bocmie
964 2339 1098 2385 predicti
1128 2343 1236 2373 omnia
1272 2346 1304 2374 et
1338 2344 1465 2387 singula
1501 2346 1724 2389 suprascripta
1758 2348 1968 2390 promisimus

116 2398 202 2432 bona
234 2399 308 2434 lidc.
338 2400 553 2444 corporaliter
591 2404 727 2446 prestito
755 2401 948 2434 Juramcnto
984 2403 1211 2434 sacrosanctis
1248 2405 1342 2436 tactis
1376 2403 1596 2447 Ewang‘elijs.
1632 2403 1750 2437 illibata
1784 2405 1967 2439 obseruare

116 2464 150 2493 et
177 2464 372 2493 constanter
399 2461 575 2495 custodire.
606 2460 646 2494 Et
674 2465 699 2495 si
729 2473 882 2507 vmquam
913 2472 1010 2494 secus
1041 2462 1241 2496 faceremus.
1272 2467 1396 2497 extunc
1416 2465 1569 2497 volumus
1589 2468 1793 2499 sentenciam
1821 2476 1967 2499 excom-

116 2523 355 2554 municacionis
385 2520 525 2554 Camere
554 2522 673 2555 domini
703 2534 789 2568 pape
818 2533 913 2568 quam
945 2526 974 2555 in
1005 2533 1065 2555 nos
1095 2528 1214 2567 sponte
1243 2528 1365 2557 extunc
1393 2524 1540 2559 ferimuS.
1572 2528 1642 2571 ipso
1663 2526 1750 2560 sacto
1772 2529 1964 2560 incurrisse.

118 2580 240 2615 Harum
272 2585 460 2615 testimonio
491 2583 667 2619 literarum.
697 2583 815 2628 quibus
845 2583 994 2625 Sigillum
1026 2588 1172 2617 nostrum
1204 2595 1268 2617 vna
1297 2596 1370 2618 cmn
1400 2585 1508 2629 sigillo
1536 2586 1613 2619 dicti
1644 2587 1764 2620 domini
1796 2587 1965 2620 Genitoris

1802 2647 1861 2677 2⁴2*
