2184 2828
1071 119 1140 153 124

183 247 214 276 et
249 245 354 274 eciam
389 241 524 274 alterius
558 245 588 273 01
625 239 756 272 diuerse
791 238 995 272 condicionis
1031 247 1185 282 persone,
1219 239 1268 270 eis
1306 237 1485 270 aduocacie
1513 242 1546 271 et
1573 237 1673 270 tutele
1701 239 1803 282 ipsius
1832 236 2024 281 Monasterij

183 302 326 336 officium
357 301 586 341 vendicantes,
607 304 638 332 01
660 298 763 332 modis
783 298 866 342 alijs,
887 296 1074 331 hominibus
1096 301 1128 330 et
1146 296 1242 330 bonis
1262 296 1336 331 dicti
1356 296 1547 341 Monasterij
1569 309 1628 343 per
1649 297 1778 330 illicitas
1798 299 2025 343 inposiciones

183 367 247 396 tam
276 365 489 408 pecuniarum
519 371 615 406 quam
645 360 782 392 aliorum
811 369 948 392 onerum
982 356 1224 403 inportabilium
1251 360 1444 401 grauamina
1472 358 1595 392 inferre
1633 362 1663 390 et
1701 357 1875 391 violentias
1913 358 2026 391 multi-

182 423 285 469 plices
313 425 559 457 consueuerunt
595 425 628 454 et
664 420 770 454 adhuc
807 418 953 453 inferunt
987 421 1207 459 incessanter,
1244 417 1285 451 ob
1313 418 1400 462 quod
1428 418 1556 452 demum
1586 421 1691 463 ipsum
1720 417 1958 451 Monasterium
1986 417 2026 452 ad

182 489 366 517 extremum
395 483 555 516 deuenire
584 483 815 514 exterminium
844 483 1013 524 oporteret
1040 478 1109 512 Nos
1138 489 1237 523 super
1264 478 1420 524 predictis
1440 480 1568 523 iniurijs
1588 479 1686 523 digne
1706 482 1863 522 gerentes
1883 480 2026 512 animum

182 547 428 590 conpassiuum,
466 542 685 587 volentesque
721 551 821 586 super
854 542 955 585 ipsius
989 538 1183 573 Monasterii
1219 538 1518 579 incomoditatibus,
1561 539 1601 572 de
1643 538 1764 572 salubri
1805 543 1839 572 ut
1876 543 2028 572 tenemur

182 604 328 638 remedio
349 603 536 649 prouidere,
557 602 667 648 Ipsum
687 601 940 641 Monasterium,
961 611 1034 633 cum
1052 598 1203 633 omnibus
1218 603 1249 632 et
1264 600 1403 644 singulis
1420 599 1615 642 hominibus,
1633 599 1740 641 bonis,
1758 598 2026 644 possessionibus

181 664 441 711 quibuscumque
469 667 669 696 censeantur
696 660 895 702 nominibus,
925 661 1007 694 ultra
1037 659 1153 694 Thiam
1183 659 1235 693 uel
1264 670 1307 693 ex
1335 663 1396 694 ista
1427 665 1517 705 parte
1546 671 1604 694 seu
1631 659 1706 693 alibi
1726 659 1923 705 ubicumque
1943 661 2025 702 sitis,

182 729 214 759 in
243 729 390 759 nostram
419 726 658 770 protectionem
687 725 862 767 recipimus
892 720 1085 766 specialem,
1115 725 1150 754 vt
1178 723 1250 765 ipse
1279 720 1422 754 Sorores
1451 726 1566 754 nostre
1599 720 1698 755 tutele
1726 720 1855 753 sull'ulte
1882 720 2027 766 presidio

182 786 243 820 deo
272 787 486 831 omnipotenti
514 787 642 830 possint
669 782 772 817 libere
800 781 935 815 liberius
964 781 1126 823 famulari,
1155 781 1307 815 volentes
1327 785 1508 815 statuentes
1529 786 1561 815 et
1589 781 1813 815 decernentes
1833 783 2026 814 auctoritate

181 849 402 892 presencium,
438 849 474 878 vt
506 844 612 878 fidelis
647 847 760 877 noster
797 841 1014 876 Frenczlinus
1048 841 1270 875 Purchrauius
1302 846 1334 875 et
1367 841 1504 875 Villieus
1539 842 1579 875 de
1615 841 1820 887 Λ4)·0111101115
1855 845 1888 874 01
1920 840 2027 875 001105

182 907 263 940 alter
291 909 526 950 cuiuscumque
555 904 761 938 condicionis
795 906 916 936 existat
949 902 1131 936 aduocacie
1166 901 1310 935 officium
1347 902 1421 935 dicti
1457 901 1649 945 Monasterij
1685 912 1806 946 gerere
1841 905 1873 934 et
1904 900 2027 935 habere

182 967 301 1001 debeat
336 968 409 1000 loco
444 969 558 1003 nostri,
595 964 792 998 mandantes
825 966 886 1009 ipsi
922 962 1118 996 Frenczlino
1162 962 1368 1008 presentibus
1410 965 1540 996 seriose
1577 967 1612 995 vt
1647 965 1753 1008 ipsum
1789 961 2027 996 Monasterium

181 1028 344 1070 homines,
374 1032 406 1060 et
434 1026 519 1060 bona
548 1028 707 1059 vniuersa
738 1028 769 1058 et
798 1024 929 1068 singula
958 1023 998 1057 ad
1027 1026 1131 1069 ipsum
1161 1026 1365 1068 spec-tancia.
1395 1024 1499 1056 fretus
1521 1028 1630 1056 nostra
1652 1023 1858 1065 auctoritate,
1879 1026 2027 1068 tempore

181 1093 295 1123 nostre
324 1088 482 1121 absencie
511 1090 664 1132 protegat
692 1097 709 1118 a
739 1084 957 1131 quorumlibet
977 1083 1225 1128 grauaminibus
1255 1088 1286 1117 et
1313 1084 1480 1125 defendat,
1509 1083 1705 1117 Mandamus
1734 1084 1832 1117 etiam
1859 1085 2028 1116 vniuersis

182 1154 214 1183 et
241 1149 381 1193 singulis
412 1175 418 1182 .
451 1175 457 1181 .
488 1146 700 1190 Purchrauijs
731 1173 738 1179 .
770 1173 776 1179 .
808 1145 936 1181 villicis,
967 1143 1170 1178 Oflicialilms
1207 1143 1398 1190 Cetei-isque
1427 1147 1545 1178 nostris
1575 1143 1725 1177 fidelibus
1754 1155 1814 1189 per
1841 1142 2027 1177 Morauiam

181 1213 418 1254 cuiuscumque
448 1212 550 1242 status
578 1206 700 1241 fuerint
728 1211 839 1240 nostre
867 1208 981 1250 gracie
1011 1204 1070 1239 sub
1099 1209 1245 1250 optentu,
1275 1204 1482 1251 presentibus
1511 1210 1543 1238 et
1571 1204 1686 1238 suturis
1715 1208 1877 1249 quatenus
1906 1203 2028 1237 dictum

181 1270 419 1304 Monasterium
449 1269 599 1302 1101011105
628 1272 659 1301 01
687 1267 773 1301 bona
804 1266 843 1300 ad
878 1269 984 1311 ipsum
1021 1268 1237 1311 pertinencia,
1273 1270 1385 1299 contra
1424 1270 1613 1311 presentem
1650 1265 1886 1298 aduocacionis
1914 1268 2028 1298 nostre

180 1334 328 1377 graciam
349 1332 544 1376 inquietare,
560 1339 704 1373 grauare
719 1338 785 1361 non
802 1327 944 1361 audeant
960 1331 1012 1360 1101
1033 1326 1216 1371 aliqualiter
1235 1325 1437 1372 perturbare,
1455 1325 1740 1359 Contrasaeientes
1761 1325 2028 1369 indignacionem

182 1396 328 1426 nostram
370 1402 406 1424 se
442 1393 593 1424 nouerint
635 1391 783 1433 grauiter
820 1390 1025 1429 incursuros,
1061 1387 1184 1420 Harum
1226 1391 1409 1421 nostrarum
1445 1389 1633 1419 testimonio
1675 1386 1868 1428 litterarum,
1909 1384 2028 1419 Datum

184 1452 320 1485 Brvnne
351 1451 385 1484 ln
415 1451 466 1484 die
496 1450 591 1484 beate
619 1448 816 1495 Elyzabetb,
846 1459 933 1482 anno
963 1447 1083 1481 domini
1111 1447 1173 1481 ΜΟ.
1203 1447 1454 1481 Trecentesimo
1484 1446 1669 1480 Tricesimo
1699 1446 1858 1492 Septimo.

1312 1507 1375 1542 Per
1402 1507 1569 1541 dominum
1599 1506 1839 1540 Cancellarium
1867 1505 1923 1540 Pe.

490 1590 557 1618 (Das
582 1589 656 1622 Orig.
683 1589 729 1614 auf
749 1588 907 1621 Pergameni
933 1588 976 1613 mit
1000 1588 1084 1613 ciuem
1109 1587 1182 1612 stark
1208 1586 1398 1617 bcsrlitidigten
1420 1586 1512 1614 Sigille
1538 1587 1569 1611 im
1592 1586 1707 1611 ,λι-011110
1732 1586 1780 1611 (1οι
1804 1585 1925 1611 Ktosiers
1950 1584 2028 1611 illaria

593 1641 664 1673 Saat,
689 1642 721 1666 im
746 1649 778 1666 m.
805 1644 837 1666 st.
862 1640 1072 1666 Lamiesarctnve
1096 1640 1142 1665 Lit.
1169 1640 1193 1665 P.
1220 1647 1244 1664 0.
1270 1638 1333 1669 62.)

1059 1760 1159 1795 177.

191 1841 333 1883 l'ertrass
376 1840 540 1873 zoe-isvhen
581 1840 651 1873 dem
696 1839 867 1883 Znaymer
907 1837 1114 1871 Slmllrathc
1155 1837 1221 1870 mul
1255 1837 1325 1870 dem
1362 1835 1518 1869 Brnclrer
1554 1835 1646 1868 Abte
1679 1835 1815 1869 Johmm
1853 1834 1938 1868 iiber
1965 1835 2028 1867 das

182 1902 253 1935 (lem
284 1901 447 1934 lelzlc’ren
478 1899 682 1934 z-ustehemle
712 1899 834 1933 Reelet.
865 1899 926 1932 deu
964 1899 1134 1942 Zlmfflner
1168 1897 1403 1932 Statio-iduor
1436 1908 1604 1929 ernemwn
1641 1897 1707 1929 um!
1741 1908 1802 1929 ron
1838 1894 2027 1929 dem-selben

181 1964 278 1996 einen
286 1961 485 2006 ja'lerlz'cleen
502 1961 584 1994 Zz'ns
601 1960 760 1994 bezieleen
778 1972 818 1993 1-11
833 1960 962 2003 dit'rsen.
986 1959 1043 1994 De.
1063 1959 1212 2003 Znogsme
1227 1957 1291 1991 XI.
1309 1957 1388 1990 Kal.
1407 1957 1584 1990 Deeemhr.
1610 1956 1691 1996 (21.
1710 1955 1892 1997 Not-emb.)
1917 1955 1934 1989 1
1940 1954 1990 1989 33
1996 1955 2029 1990 7.

338 2038 427 2091 Nos
457 2056 613 2091 Nicolaus
643 2067 748 2097 gener
769 2055 938 2101 Stanislay
958 2055 1079 2089 Judex.
1101 2054 1256 2089 Nicolaus
1281 2053 1386 2086 dictus
1407 2052 1532 2096 l'rager
1553 2052 1717 2085 Fridlinus
1737 2051 1843 2085 dictus
1864 2050 2028 2093 Drucker,

182 2118 460 2151 Chunczmannus
490 2120 520 2151 in
551 2119 715 2163 superiori
744 2116 827 2150 foro.
850 2116 1007 2150 Nicolaus
1038 2115 1230 2160 Psonczagl*
1259 2113 1473 2153 Albusehius,
1504 2113 1674 2151 Rudlinus,
1697 2111 1848 2154 Schafer,
1870 2111 2028 2154 Ticlinus‚

183 2179 441 2223 Prumnagister.
479 2178 634 2212 Nicolaus
671 2177 847 2213 1101101101,
885 2177 1017 2210 Vlricus
1053 2176 1254 2221 Sturguncz‚
1290 2173 1504 2207 Frenczlinus
1542 2172 1726 2207 Vnst-hiber
1767 2177 1799 2206 et
1836 2171 2030 2206 Christanus

183 2238 346 2272 brasiator
375 2238 511 2272 Scabini
540 2249 600 2272 seu
628 2237 732 2271 Jurati
763 2238 861 2271 (fines
891 2249 931 2271 ac
965 2239 1166 2270 vniuersitas
1196 2235 1359 2269 1101111110111
1390 2234 1536 2268 Ciuitatis
1564 2233 1789 2279 Znoymensis
1819 2231 2030 2278 presentibus

183 2302 481 2343 recongnoscimus
525 2303 555 2332 et
597 2298 738 2332 fatemur
780 2301 946 2332 vniuersis
988 2297 1247 2343 subscriptorum
1288 2297 1440 2329 noticiam
1484 2294 1643 2328 habituris
1688 2293 1838 2327 eiusdem
1881 2292 2029 2327 Ciuitatis

184 2359 406 2405 Znoymensis
436 2359 588 2393 iudicium
618 2358 657 2392 ad
689 2358 914 2392 venerabilem
944 2358 1109 2391 dominum
1138 2357 1324 2391 Jobannem
1354 2355 1517 2389 Abhaiem
1547 2359 1579 2387 et
1598 2354 1805 2388 Conuentum
1834 2353 2027 2397 monasterij

184 2420 345 2454 Lucensis
374 2431 415 2453 ex
446 2423 668 2454 concessione
705 2430 764 2453 seu
800 2419 977 2453 donatione
1012 2418 1226 2453 Serenissimi
1261 2416 1380 2451 domini
1420 2418 1522 2449 nostri
1552 2415 1674 2449 domini
1702 2415 1865 2449 Jobannis
1893 2413 2029 2448 Boemie

185 2481 287 2525 Regis
323 2484 355 2513 01
392 2480 604 2525 Primogeniti
640 2482 690 2514 sui
725 2479 847 2513 domini
883 2482 985 2514 nostri
1022 2479 1141 2513 domini
1176 2477 1288 2512 Karoli
1324 2476 1462 2510 lllustris
1505 2475 1703 2510 marchionis
1744 2475 1893 2510 Morauie
1934 2473 2028 2508 dictis

185 2541 316 2575 domino
354 2539 476 2574 Abbati
511 2545 543 2574 et
578 2541 762 2575 Conuentui
797 2540 977 2574 liberaliter
1005 2544 1036 2573 et
1069 2542 1211 2584 gratuite
1246 2538 1330 2572 facta
1360 2540 1446 2570 omni
1476 2536 1556 2570 Jnrc
1586 2539 1798 2582 proprietatis
1831 2539 1864 2570 et
1894 2534 2028 2578 dominij

186 2605 317 2636 inantea
348 2604 511 2647 pertinere
541 2613 579 2635 110
609 2605 692 2635 inter
720 2605 812 2648 ipsos
841 2601 1006 2634 dominum
1037 2600 1199 2634 Abbutem
1229 2603 1259 2633 et
1289 2599 1494 2632 conuentum
1524 2602 1555 2631 et
1576 2597 1644 2631 Nos
1673 2597 1759 2631 dicte
1779 2597 1926 2631 Ciuitatis
1954 2598 2030 2630 vice
