2184 2828
971 84 1043 118 977

81 205 187 237 cionis
216 202 306 235 zelus
336 212 432 246 quain
462 213 544 247 erga
574 207 717 236 nostram
747 205 838 247 geris
868 202 1123 243 excellenciam„
1153 204 1187 234 te
1216 203 1263 234 sic
1292 205 1420 245 gratum
1451 203 1482 234 in
1510 203 1691 234 maiestatis
1712 205 1826 234 nostre
1847 211 1937 234 cou-

81 267 195 309 spectu
224 265 335 296 statuit
363 265 591 308 reputauimus
621 263 661 296 de
691 263 828 308 speciali
857 262 981 296 fauoris
1010 272 1147 295 munere
1175 260 1248 294 fore
1278 260 1411 305 dignum
1442 272 1504 306 qua
1534 266 1671 306 propter
1699 265 1732 294 te
1761 263 1792 294 2'11
1822 260 1937 305 capel·

83 326 193 358 lanum
221 327 370 356 nostrum
401 325 600 368 recepimus,
630 323 781 357 uolentes
810 328 843 357 ut
873 323 913 357 de
942 327 1056 357 cetero
1085 325 1116 355 in
1145 324 1290 367 ipsorum
1317 321 1564 367 capellanorum
1589 326 1776 355 nostrorum
1799 332 1936 356 numero

81 387 267 426 censearis,
298 387 513 429 ipsorumque
543 383 698 418 habearis
726 387 757 417 in
787 384 943 427 collegio.
973 383 1096 416 Harum
1126 383 1315 415 testimonio
1345 382 1539 416 litterarum.

783 504 1004 538 Donacmnes
1034 504 1232 537 reddituum.

238 564 307 598 'Nos
337 568 399 597 etc.

238 624 373 658 Tenore
411 627 621 671 presencium
663 625 855 671 profitemur
898 624 985 671 quod
1026 628 1199 671 cupientes
1243 627 1409 659 ciuitatem
1451 630 1599 659 nostram
1642 616 1818 671 replere(
1884 623 1939 676 Α»)

83 686 239 720 fecundia
267 686 394 719 vtilium
424 696 642 731 personarum
671 686 824 719 Hem-ico
853 685 1039 731 gladiatori,
1070 686 1140 720 vtili
1161 690 1192 719 et
1221 685 1399 719 artificioso
1428 689 1601 730 magistro,
1631 689 1684 732 qui
1713 677 1940 720 transtulit‘se

82 747 233 792 Prayam
262 745 302 780 ad
330 745 540 780 habitandum
570 749 602 780 iu
632 750 715 792 ipsa²
746 751 777 780 ut
807 757 848 780 eo
878 747 994 781 melius
1023 746 1146 781 ibidem
1174 752 1321 780 moretur
1341 751 1373 780 et
1393 750 1514 780 morari
1544 748 1727 792 perfectius
1756 747 1941 781 delectetur

82 809 324 842 concessimus.
354 805 396 840 X.
429 818 558 841 marcas
588 810 619 840 in
650 812 783 841 moneta
813 812 928 842 nostra
958 808 1086 853 Praye,
1116 807 1178 841 sibi
1209 813 1241 841 et
1270 810 1339 841 suis
1368 806 1561 841 heredibus.
1593 819 1680 842 auno
1716 807 1872 854 quolibet.
1908 810 1941 841 in

82 868 169 902 festo
198 867 318 910 iacobi,
348 868 602 914 persoluendas.
632 867 832 902 Mandantcs
861 871 1029 913 magistris
1058 873 1191 902 monete
1220 871 1508 914 quicumque'pro
1538 873 1689 914 tempore
1718 868 1851 911 suerint,
1881 868 1943 902 fir-

81 933 178 964 miter
206 934 239 962 et
266 932 398 975 precise
427 934 590 974 quatenus
620 929 707 963 dicto
735 929 924 974 gladiatori.
955 929 996 964 X.
1037 940 1168 963 marcas
1202 932 1344 974 argenti,
1381 940 1447 962 non
1485 932 1515 962 iu
1552 929 1698 963 denariis
1733 930 1790 963 sed
1821 933 1852 963 in
1883 940 1943 962 ar-

82 994 196 1036 gento,
225 992 257 1024 in
286 989 416 1036 prefato
446 989 530 1024 festo
559 989 647 1024 beati
676 989 783 1024 iacobi
814 990 948 1024 soluere
977 989 1132 1033 debeant,
1169 1000 1255 1024 anno
1292 988 1450 1036 quolibet,
1487 993 1668 1024 occasione
1704 995 1802 1036 atque
1837 989 1943 1024 tardi-

83 1055 152 1085 tate
181 1050 376 1097 quibuslibet
405 1051 519 1097 procul
549 1053 662 1085 moris.

644 1172 698 1206 De
727 1173 854 1206 eodem.
888 1172 1131 1215 (Donaciones
1160 1173 1381 1214 reddituum.)

241 1232 310 1267 Nos
339 1238 400 1267 etc.

241 1293 434 1328 Honorabili
469 1298 538 1327 uiro
577 1294 696 1328 dilecto
734 1294 909 1340 capellano
943 1298 974 1327 et
1002 1294 1203 1336 consiliario,
1239 1293 1393 1327 Domino.
1434 1293 1474 1327 B.
1507 1293 1689 1327 venerabili
1719 1294 1861 1336 decano,
1891 1296 1945 1340 qui

86 1354 321 1401 multiplicibus
357 1360 387 1388 et
426 1358 528 1399 gratis
563 1354 732 1401 obsequiis
768 1366 832 1400 que
867 1355 942 1388 olim
980 1354 1112 1387 domiuo
1142 1356 1226 1399 patri
1255 1359 1381 1396 nostro,
1412 1347 1526 1388 felicis⁴
1548 1357 1707 1388 memorie
1737 1357 1945 1388 necessitatis

88 1415 238 1450 exhibuit
267 1421 415 1462 tempore
445 1421 474 1449 et
504 1415 600 1449 nobis
630 1421 754 1462 prestat
789 1416 828 1449 ad
858 1427 1010 1462 presens„
1041 1425 1243 1460 suorumque
1272 1426 1399 1449 morum
1430 1415 1469 1448 ad
1500 1414 1673 1461 discipline
1702 1418 1851 1449 intuitum
1881 1426 1947 1449 non

89 1481 212 1510 tantum
250 1476 400 1511 fauorem
437 1482 584 1510 nostrum
625 1480 741 1510 meruit
777 1477 834 1510 sed
873 1477 1065 1521 largicionis
1101 1479 1249 1521 graciam
1285 1475 1442 1517 liberalis„
1480 1476 1588 1510 uillam
1624 1481 1769 1510 nostram
1805 1481 1948 1510 stantem

88 1540 180 1571 iuxta
211 1548 284 1571 cum
314 1537 467 1573 omnibus
498 1537 622 1570 iuribus
653 1542 686 1570 et
715 1540 903 1570 attinenciis
933 1540 1001 1571 suis
1031 1539 1262 1571 concessimus
1292 1537 1414 1571 tamdin
1444 1536 1549 1571 libere
1579 1548 1616 1571 ac
1655 1536 1794 1583 pacifice
1832 1540 1950 1584 possi-

88 1598 241 1632 dendam.
285 1598 392 1632 donec
431 1598 491 1631 sibi
528 1598 566 1631 de
605 1597 768 1632 beneficio
804 1597 1047 1643 prouiderimus
1077 1597 1307 1644 quodcumque
1336 1600 1368 1631 in
1398 1598 1565 1640 Boleemz‘a
1595 1601 1667 1632 sinc
1695 1598 1859 1632 Moram'a
1887 1597 1949 1632 sibi

89 1663 178 1693 esset
207 1659 286 1692 utile
315 1664 412 1705 atquc
442 1659 578 1692 decens.

247 1719 381 1753 'I'euore
417 1722 624 1765 presencium
662 1722 829 1753 vuiucrsis
871 1725 902 1753 et
939 1719 1077 1763 singulis
1116 1719 1266 1753 fidelibus
1305 1718 1428 1753 nostris
1467 1722 1706 1765 cuiuscumque
1744 1719 1950 1753 condicionis

90 1780 213 1814 fuerint
243 1783 374 1826 precise
405 1780 599 1813 mandantes
629 1785 792 1825 quatenus
823 1779 942 1813 dictum
979 1780 1139 1813 decanum
1175 1783 1204 1813 iu
1242 1780 1326 1814 dicta
1362 1780 1435 1814 uilla
1472 1785 1503 1814 et
1537 1780 1660 1814 iuribus
1695 1786 1727 1814 ct
1757 1783 1946 1814 attinenciis

90 1840 239 1875 eiusdem
269 1841 455 1875 nullatcnus
487 1840 663 1886 impediant
693 1840 750 1874 scd
782 1840 920 1886 pacilicc
949 1843 1055 1886 ipsum
1086 1843 1134 1874 eis
1163 1844 1207 1874 uti
1229 1844 1417 1886 permittant
1447 1844 1530 1875 sicut
1561 1841 1645 1887 (sic)
1676 1841 1945 1885 indignacionem

92 1905 238 1935 nostram
267 1904 499 1947 grauissimam
530 1904 716 1947 cupiuerint
744 1904 881 1934 euitare.

616 2022 807 2067 Eoeempeio
839 2034 861 2055 a
886 2034 1052 2067 processu
1082 2024 1128 2056 ad
1155 2024 1424 2068 apellit-ionem.

249 2082 285 2118 C.
314 2084 378 2118 Dei
407 2086 514 2128 gratia
545 2088 607 2117 etc.

252 2143 425 2178 Vniuersis
455 2144 605 2178 lidelibus
635 2147 703 2177 suis
738 2147 886 2187 graciam
916 2148 949 2177 ct
977 2155 1074 2177 omne
1105 2144 1235 2178 bonum.
1269 2144 1427 2190 Equitatis
1464 2145 1617 2178 imitanda
1649 2145 1767 2179 lenitas
1803 2150 1834 2178 et
1873 2148 1953 2179 exi-

93 2207 214 2250 gencia
243 2209 452 2245 necessitatis
482 2205 606 2239 inducit
637 2210 667 2238 ut
698 2205 746 2238 liis
777 2207 829 2250 qui
859 2204 985 2238 debiles
1016 2209 1047 2238 et
1078 2205 1238 2239 inhabiles
1270 2209 1278 2247 (
1397 2212 1404 2246 J
1434 2206 1472 2239 ad
1504 2206 1660 2239 tumultus
1690 2205 1829 2240 bellicos
1865 2209 1954 2240 serie

94 2264 276 2299 redduntur
311 2267 424 2299 inermi
467 2266 507 2301 ab
545 2266 799 2311 expedicionum
836 2265 922 2298 tedio
958 2265 1162 2310 benignitate
1209 2266 1293 2300 bona
1331 2270 1423 2311 regia
1462 2266 1643 2300 liberentur
1677 2277 1716 2300 ea
1753 2272 1889 2314 propter
1918 2271 1953 2300 ln

95 2325 262 2360 discretus
298 2325 402 2360 tidelis
446 2330 547 2361 nostri
582 2329 763 2360 senectutis
798 2326 938 2367 desidia,
976 2326 1170 2360 lassitudine
1205 2332 1392 2361 maceratus
1427 2331 1556 2373 ineptus
1592 2327 1748 2361 reddatur
1776 2328 1814 2361 ad
1846 2338 1954 2361 exer-

95 2389 207 2429 citum‚
245 2391 433 2432 pugnantes
471 2393 565 2422 actus
611 2390 663 2432 qui
699 2387 770 2421 solo
813 2387 946 2420 iuuenili
983 2386 1116 2420 feruore
1152 2388 1292 2421 letantur
1328 2388 1540 2433 gaudentque
1576 2391 1686 2422 animo
1721 2399 1758 2422 se
1788 2388 1953 2422 virilitatis

95 2446 242 2481 brachiis
288 2458 452 2481 exercere
497 2459 569 2482 cum
606 2453 758 2493 tanquam
793 2459 907 2481 senem
946 2451 1117 2481 emeritum
1157 2452 1187 2481 et
1222 2451 1424 2494 antiquitatis
1461 2448 1604 2492 longetia
1640 2449 1828 2483 confectum
1867 2453 1954 2482 etate

96 2510 240 2542 omnium
271 2508 525 2554 expedicionum
555 2515 741 2543 nostrarum
772 2512 802 2542 iu
832 2519 961 2553 genere
989 2520 1271 2554 quarumcumque
1307 2514 1340 2543 et
1370 2521 1428 2555 per
1456 2520 1698 2555 quamcumque
1734 2515 1853 2543 terram
1893 2520 1955 2544 nos

96 2571 186 2614 ipsas
216 2572 402 2602 instaurare
431 2572 618 2613 contigerit.
653 2569 834 2603 libertatem
865 2579 960 2614 quam
991 2568 1029 2602 ad
1066 2580 1244 2615 personam
1280 2581 1372 2603 suam
1411 2573 1550 2614 pertinet
1589 2575 1706 2604 tenore
1742 2573 1953 2616 presencium
