2184 2828
74 245 223 292 hospitali
253 244 288 278 S.
318 242 446 278 Nicolai
475 253 534 289 pre
572 241 697 276 foribus
732 244 876 276 ciuitatis
915 241 1137 287 Oppauiensis
1161 267 1168 273 .
1188 267 1194 273 .
1213 266 1220 273 .
1245 241 1293 274 sic
1330 240 1415 284 quod
1454 239 1517 274 dno
1551 238 1761 273 sacerdotes.
1801 238 1919 284 quibus

74 306 270 341 cottidianus
297 307 405 338 victus
433 306 465 337 in
495 303 579 337 dicto
600 303 750 349 hospitali
778 314 838 350 per
856 305 1062 348 provisorem
1084 300 1255 346 hospitalis
1283 304 1438 334 continue
1467 300 1627 334 tribuatur
1655 304 1687 333 et
1710 302 1770 345 ipsi
1799 311 1919 334 sacer-

74 367 167 401 dotes
199 364 256 399 vl.
287 375 415 399 marcas
451 367 623 411 percipere
658 375 717 410 pro
744 367 890 410 ipsorum
920 366 1037 397 ainictu
1066 366 1099 395 et
1127 361 1199 395 aliis
1227 364 1429 395 necessariis
1465 361 1619 403 debeant.
1649 360 1774 405 relique
1809 365 1918 393 autem

75 427 130 461 vl.
160 437 270 460 marce
298 428 422 459 seniori
451 427 634 471 prouisori.
653 452 660 458 .
679 436 756 471 ‚pro
785 425 934 471 ampliori
963 422 1135 457 commodo
1163 426 1195 456 et
1222 421 1371 468 profectu
1393 421 1563 467 hospitalis
1584 424 1700 455 venire
1723 420 1859 454 debent.
1879 448 1885 454 .
1904 447 1911 454 .

73 488 157 534 quod
188 486 432 521 contii-mamus.

380 566 506 599 (Auszug
530 572 577 590 aus
602 564 661 590 dem
687 564 761 598 orig.
794 566 837 590 niit
863 564 922 590 dem
952 563 1159 597 geu-olinlichen
1185 561 1278 596 Sigille
1304 563 1336 588 im
1362 561 1477 587 Arctove
1503 561 1550 587 der
1574 560 1740 588 Kommende
1765 560 1793 586 S.
1812 559 1918 586 Joliann

482 625 512 642 zu
536 616 670 651 Troppau.
695 616 811 642 verl'asst
835 616 917 642 durch
942 617 973 643 A.
999 615 1129 647 Boczek.)

943 718 1049 755 961.

218 780 289 833 K.
319 798 396 833 Kar}
426 798 482 833 IV.
514 802 626 833 nimmt
657 798 715 833 das
745 799 879 832 Kloster
907 810 946 832 zu
976 798 1123 832 Kainenz
1152 800 1183 830 in
1213 799 1330 830 seinen
1368 795 1502 829 Sclmtz,
1551 794 1605 828 Dt.
1644 805 1684 828 zu
1723 793 1920 837 Sturmberg

74 860 132 894 ³27.
164 859 364 905 September
394 859 503 893 1349.

382 938 555 971 Olitgetlieilt
582 947 633 964 xon
660 939 718 964 (leni
744 939 768 964 k.
795 939 915 964 Provinz.
943 939 1088 965 Arcluvare
1113 946 1142 963 zu
1168 936 1289 969 Breslau,
1314 936 1358 962 Dr.
1386 935 1594 965 XYattenbaeh.)

947 1059 1054 1095 96⁶2.

73 1138 222 1171 dolatum.
253 1138 405 1181 Bisclzof
426 1149 488 1171 con
521 1137 665 1175 Olmzitz„
696 1137 817 1181 hefree‘l
846 1138 900 1171 die
928 1136 1113 1171 Menscleen
1141 1137 1198 1170 des
1228 1136 1389 1169 Kloslers
1418 1134 1611 1168 Pus-tomen
1633 1133 1760 1166 welche
1780 1132 1920 1176 ciusdem

73 1199 317 1242 bisclaeoflicleen
350 1199 478 1232 Giltern
508 1199 659 1233 wolmen.
692 1211 752 1232 eon
782 1199 852 1232 ilem
886 1198 1048 1232 (ferie-lete
1076 1198 1136 1231 der
1162 1197 1259 1241 Burs]
1294 1196 1438 1230 Melle'tz.
1484 1195 1543 1229 Dt.
1583 1195 1753 1236 Ulonmez.
1798 1195 1828 1226 2⁶11
1864 1194 1917 1225 die

626 1259 655 1293 b.
686 1260 855 1293 Jerouimt’
884 1260 964 1301 (30.
996 1257 1218 1303 September]
1251 1257 1362 1291 1349.

235 1318 281 1372 ln
311 1341 444 1372 nominc
474 1343 588 1372 sancte
618 1341 768 1372 trinitatis
797 1343 827 1371 et
858 1338 1025 1371 indi-<idue
1054 1341 1187 1371 vnitatis
1217 1340 1318 1382 patris
1347 1341 1378 1370 et
1398 1336 1451 1370 tilii
1473 1340 1503 1369 ct
1525 1338 1658 1381 spiritus
1680 1336 1785 1367 sancti
1808 1344 1917 1366 amen.

73 1397 142 1431 Nos
170 1398 344 1433 Jobannes
374 1399 425 1432 dei
456 1404 487 1432 et
516 1399 696 1444 apostolice
727 1399 815 1432 sedis
845 1402 959 1441 gracia
990 1401 1166 1445 episcopus
1196 1398 1431 1431 Olomucensis
1462 1395 1646 1430 venerabili
1682 1394 1851 1428 abbatisse
1890 1398 1921 1426 ct

74 1463 252 1493 conuentui
277 1461 572 1494 sanctimonialium
594 1463 783 1493 monasterii
801 1461 839 1493 ad
862 1460 1037 1493 infant-iam
1060 1459 1234 1492 saluatoris
1255 1462 1284 1492 in
1307 1458 1460 1503 Pustinyr
1479 1457 1604 1490 ordinis
1625 1459 1729 1489 sancti
1754 1454 1922 1488 Benedicti

73 1531 204 1553 suarum
235 1520 443 1554 fundacionis
473 1525 503 1554 et
533 1521 689 1566 dyocesis
720 1525 749 1554 in
781 1526 985 1566 perpetumn.
1018 1521 1178 1561 Quamuis
1207 1522 1364 1553 vniuerse
1395 1522 1461 1552 vite
1489 1518 1652 1562 regularis
1673 1514 1921 1562 professoribus

74 1581 113 1614 ad
152 1581 362 1627 inpendenda
397 1592 499 1628 opera
536 1581 695 1625 karitatis.
729 1587 758 1615 et
797 1593 838 1614 ex
875 1585 1019 1614 iniuncto
1058 1580 1150 1614 nobis
1186 1580 1296 1614 diuine
1337 1580 1602 1626 dispensacionis
1639 1579 1821 1610 ministerio
1860 1587 1921 1609 nos

72 1642 277 1685 generaliter
303 1645 491 1676 senciamus
520 1642 696 1676 obnoxios.
727 1642 914 1688 specialiter
943 1647 1051 1675 tamen
1081 1641 1119 1674 ad
1151 1646 1299 1675 sacratas
1330 1644 1478 1685 virgines
1508 1640 1570 1673 deo
1601 1639 1739 1672 dicatas.
1771 1637 1920 1670 dextram

74 1712 134 1735 nos
163 1701 259 1736 decet
289 1703 474 1736 extendere
505 1703 735 1737 ninnilicencie
764 1706 907 1749 pietatis.
945 1714 1008 1747 que
1047 1705 1076 1736 in
1112 1713 1195 1735 sexu
1230 1701 1391 1746 fragiliori
1424 1703 1636 1747 asperitatem
1672 1701 1740 1731 vite
1778 1697 1921 1731 subcunt

73 1765 224 1797 arcioris.
254 1768 286 1796 et
314 1775 331 1797 a
360 1765 464 1797 seculi
495 1764 588 1797 liuius
618 1769 827 1810 sequestrate
862 1763 1045 1796 turbinibus
1075 1766 1145 1796 eius
1183 1762 1425 1796 oblectamenta
1460 1762 1657 1808 despiciunt.
1695 1759 1755 1792 soli
1790 1757 1920 1791 Clu-isto

74 1824 228 1857 inherere
258 1824 474 1858 contendunt.
505 1828 555 1858 eni
586 1836 622 1857 sc
651 1829 730 1857 voto
760 1824 881 1857 celebri
912 1824 1169 1869 demon-lerunt.
1200 1823 1243 1857 nil
1273 1823 1313 1856 de
1342 1823 1441 1856 rebus
1478 1824 1673 1856 transitoriis
1711 1819 1918 1853 meditantes.

75 1885 183 1918 talium
214 1896 331 1931 nempe
360 1889 485 1919 meritis
515 1886 553 1920 ad
585 1889 675 1932 pacis
706 1891 737 1919 ct
767 1886 1012 1918 consolacionis
1042 1890 1156 1917 eterne
1185 1895 1359 1929 speramus
1388 1884 1520 1917 domino
1546 1883 1707 1927 largiente
1729 1882 1919 1926 pertinaci-e

76 1947 248 1979 visionem.
279 1946 352 1979 dum
383 1950 431 1980 eis
461 1947 499 1980 ad
530 1946 778 1992 obsequendum
810 1947 941 1979 domino
971 1948 1135 1991 presentis
1166 1947 1256 1990 pacis
1286 1949 1315 1978 et
1356 1945 1596 1990 tranquillitatis
1630 1954 1668 1975 ac
1709 1942 1919 1974 necessitatis

76 2007 266 2050 temporalis
295 2012 403 2052 aptam
433 2012 464 2041 et
494 2008 666 2054 pacitiram
696 2010 927 2040 constituimus
959 2009 1174 2039 mansionem.
1206 2005 1274 2039 Nos
1303 2008 1402 2050 igitur
1431 2010 1594 2050 tamquam
1626 2002 1731 2037 tidelis
1768 2003 1921 2046 pronis-or

77 2065 184 2099 sutura
214 2067 331 2101 volens
361 2068 541 2102 excludere
570 2069 716 2114 pericula
747 2073 777 2101 ct
808 2068 957 2111 singulas
987 2069 1097 2112 sopire
1135 2070 1166 2099 et
1200 2066 1362 2099 snss'ocare
1397 2069 1603 2099 vexaciones
1639 2068 1669 2096 ct
1706 2061 1918 2095 tui-bariones

77 2130 281 2160 sacratarum
311 2131 475 2173 virginum
506 2133 569 2162 tam
602 2131 810 2174 presencium
840 2138 935 2172 quam
967 2127 1148 2160 suturarum
1178 2131 1433 2173 ceteroruniqne
1462 2126 1648 2160 ‹⁷›l'lieialimn
1683 2128 1714 2156 et
1752 2122 1917 2155 bominum

77 2188 222 2220 claustri.
252 2188 402 2223 volumus
424 2194 454 2223 et
475 2193 703 2224 constituimus
723 2200 795 2223 cuin
818 2199 984 2222 consensu
1005 2192 1035 2221 et
1057 2192 1181 2220 matura
1203 2187 1448 2222 deliberacione
1469 2189 1681 2233 plurimisque
1702 2183 1916 2217 consiliorum

76 2247 331 2281 tractacionibus
361 2249 495 2284 fratrum
525 2256 713 2285 nostrorum
744 2250 993 2283 karissimorum
1023 2251 1258 2282 canonicorum
1295 2253 1325 2282 et
1361 2249 1579 2282 dominorum.
1619 2244 1748 2278 Nicolai
1785 2243 1914 2276 decani.

77 2307 299 2341 Bartliolomei
330 2313 496 2355 prepositi.
527 2311 696 2345 Witkonis
732 2310 970 2356 arcliydiaconi
1005 2314 1037 2343 et
1074 2309 1205 2353 capituli
1243 2311 1344 2342 nostri
1378 2310 1622 2343 Olonna-ensis.
1656 2307 1914 2351 pronunciamus

76 2368 240 2401 omnibus.
285 2369 322 2401 ad
359 2381 440 2414 quos
478 2383 615 2416 presens
648 2374 836 2418 peruenerit
866 2373 1021 2415 scriptum
1051 2375 1286 2416 cuiuscumque
1314 2371 1436 2406 suerint
1471 2375 1575 2404 status
1611 2368 1661 2401 uel
1699 2366 1915 2401 condicionis.

76 2429 161 2473 quod
191 2428 341 2462 homines
371 2434 560 2476 monasterij
591 2432 631 2466 ad
660 2432 836 2466 infanciam
866 2431 1043 2464 saluatoris
1073 2433 1102 2464 in
1124 2431 1220 2477 opido
1238 2431 1389 2478 l'ustniyr
1409 2433 1586 2471 constituti.
1609 2429 1745 2474 aliisque
1765 2425 1916 2461 omnibus

78 2489 164 2523 villis
194 2492 224 2523 in
256 2489 349 2523 bonis
379 2492 624 2536 episcopalibus
653 2492 708 2526 vbi
740 2493 889 2526 homines
918 2491 1055 2537 predicti
1093 2495 1285 2525 monasterii
1322 2492 1420 2526 babiti
1459 2492 1509 2525 uel
1548 2489 1688 2524 habendi
1722 2489 1843 2522 fuerint
1875 2486 1914 2519 ad

77 2560 218 2594 presens
247 2555 276 2583 et
306 2553 336 2583 in
373 2561 482 2584 ewmn
513 2551 552 2584 ab
581 2552 731 2587 omnibus
761 2551 919 2586 iudicibus
949 2556 980 2585 et
1015 2550 1212 2585 officialibus
1241 2557 1272 2586 et
1304 2556 1460 2599 precipue
1496 2554 1597 2585 castri
1631 2552 1735 2584 nostri
1770 2548 1912 2593 Melyn.

77 2614 130 2656 qui
161 2621 248 2644 nunc
277 2615 350 2644 sunt
380 2611 431 2643 ucl
462 2613 492 2644 in
523 2610 664 2646 futurum
693 2613 825 2655 fuerint.
855 2615 1031 2646 eximimus
1059 2616 1093 2645 et
1120 2617 1295 2658 exemptos
1321 2613 1480 2647 babemus
1501 2612 1540 2646 ab
1560 2598 1674 2646 eorum
1695 2610 1911 2659 potestatibus
