<?xml version="1.0" encoding="UTF-8"?>
<!DOCTYPE html PUBLIC "-//W3C//DTD XHTML 1.0 Transitional//EN"
    "http://www.w3.org/TR/xhtml1/DTD/xhtml1-transitional.dtd">
<html xmlns="http://www.w3.org/1999/xhtml" xml:lang="en" lang="en">
 <head>
  <title>
</title>
<meta http-equiv="Content-Type" content="text/html;charset=utf-8" />
  <meta name='ocr-system' content='tesseract 3.04.00' />
  <meta name='ocr-capabilities' content='ocr_page ocr_carea ocr_par ocr_line ocrx_word'/>
</head>
<body>
  <div class='ocr_page' id='page_1' title='image "./codexdiplomaticu07morauoft_0236.png"; bbox 0 0 2184 2828; ppageno 0'>
   <div class='ocr_carea' id='block_1_1' title="bbox 1060 117 1133 152">
    <p class='ocr_par' dir='ltr' id='par_1_1' title="bbox 1060 117 1133 152">
     <span class='ocr_line' id='line_1_1' title="bbox 1060 117 1133 152; baseline -0.027 0"><span class='ocrx_word' id='word_1_1' title='bbox 1060 117 1133 152; x_wconf 68' lang='lat'>168</span> 
     </span>
    </p>
   </div>
   <div class='ocr_carea' id='block_1_2' title="bbox 171 234 2022 1129">
    <p class='ocr_par' dir='ltr' id='par_1_2' title="bbox 171 234 2022 1129">
     <span class='ocr_line' id='line_1_2' title="bbox 172 234 2017 282; baseline -0.002 -10"><span class='ocrx_word' id='word_1_2' title='bbox 172 239 256 272; x_wconf 85' lang='lat' dir='ltr'>auiae</span> <span class='ocrx_word' id='word_1_3' title='bbox 284 241 386 282; x_wconf 76' lang='lat' dir='ltr'>regiae</span> <span class='ocrx_word' id='word_1_4' title='bbox 414 236 614 271; x_wconf 80' lang='lat' dir='ltr'>fundationis</span> <span class='ocrx_word' id='word_1_5' title='bbox 643 240 764 269; x_wconf 80' lang='lat' dir='ltr'>nostrae</span> <span class='ocrx_word' id='word_1_6' title='bbox 793 246 853 269; x_wconf 91' lang='lat' dir='ltr'>sen</span> <span class='ocrx_word' id='word_1_7' title='bbox 882 235 921 269; x_wconf 89' lang='lat' dir='ltr'>ad</span> <span class='ocrx_word' id='word_1_8' title='bbox 950 238 1056 281; x_wconf 85' lang='lat' dir='ltr'>ipsum</span> <span class='ocrx_word' id='word_1_9' title='bbox 1084 237 1318 268; x_wconf 85' lang='lat' dir='ltr'>monasterium</span> <span class='ocrx_word' id='word_1_10' title='bbox 1343 237 1558 280; x_wconf 80' lang='lat' dir='ltr'>spectantium</span> <span class='ocrx_word' id='word_1_11' title='bbox 1580 235 1660 269; x_wconf 90' lang='lat' dir='ltr'>alias</span> <span class='ocrx_word' id='word_1_12' title='bbox 1688 245 1748 280; x_wconf 90' lang='lat' dir='ltr'>per</span> <span class='ocrx_word' id='word_1_13' title='bbox 1777 261 1784 268; x_wconf 91' lang='lat'><strong>.</strong></span> <span class='ocrx_word' id='word_1_14' title='bbox 1815 261 1821 267; x_wconf 91' lang='lat'><em>.</em></span> <span class='ocrx_word' id='word_1_15' title='bbox 1853 234 2017 268; x_wconf 89' lang='lat' dir='ltr'>dominum</span> 
     </span>
     <span class='ocr_line' id='line_1_3' title="bbox 172 294 2018 342; baseline -0.002 -11"><span class='ocrx_word' id='word_1_16' title='bbox 172 302 205 331; x_wconf 88' lang='lat' dir='ltr'>et</span> <span class='ocrx_word' id='word_1_17' title='bbox 233 301 418 342; x_wconf 81' lang='lat' dir='ltr'>genitorem</span> <span class='ocrx_word' id='word_1_18' title='bbox 447 301 594 331; x_wconf 88' lang='lat' dir='ltr'>nostrum</span> <span class='ocrx_word' id='word_1_19' title='bbox 624 295 663 329; x_wconf 88' lang='lat' dir='ltr'>ab</span> <span class='ocrx_word' id='word_1_20' title='bbox 693 298 741 330; x_wconf 90' lang='lat' dir='ltr'>eis</span> <span class='ocrx_word' id='word_1_21' title='bbox 770 296 930 329; x_wconf 87' lang='lat' dir='ltr'>alienatas</span> <span class='ocrx_word' id='word_1_22' title='bbox 968 300 999 328; x_wconf 86' lang='lat' dir='ltr'>et</span> <span class='ocrx_word' id='word_1_23' title='bbox 1034 306 1093 340; x_wconf 85' lang='lat' dir='ltr'>per</span> <span class='ocrx_word' id='word_1_24' title='bbox 1126 305 1200 327; x_wconf 87' lang='lat' dir='ltr'>eum</span> <span class='ocrx_word' id='word_1_25' title='bbox 1238 294 1308 328; x_wconf 87' lang='lat' dir='ltr'>aliis</span> <span class='ocrx_word' id='word_1_26' title='bbox 1343 294 1505 339; x_wconf 85' lang='lat' dir='ltr'>obligatas</span> <span class='ocrx_word' id='word_1_27' title='bbox 1541 295 1581 329; x_wconf 88' lang='lat' dir='ltr'>de</span> <span class='ocrx_word' id='word_1_28' title='bbox 1609 297 1828 341; x_wconf 73' lang='lat' dir='ltr'>perceptione</span> <span class='ocrx_word' id='word_1_29' title='bbox 1855 294 2018 328; x_wconf 81' lang='lat' dir='ltr'>fructuum</span> 
     </span>
     <span class='ocr_line' id='line_1_4' title="bbox 172 354 2017 402; baseline -0.002 -11"><span class='ocrx_word' id='word_1_30' title='bbox 172 369 233 391; x_wconf 92' lang='lat' dir='ltr'>nos</span> <span class='ocrx_word' id='word_1_31' title='bbox 253 360 514 402; x_wconf 83' lang='lat' dir='ltr'>contingentium</span> <span class='ocrx_word' id='word_1_32' title='bbox 543 360 575 390; x_wconf 93' lang='lat' dir='ltr'>in</span> <span class='ocrx_word' id='word_1_33' title='bbox 604 356 724 390; x_wconf 89' lang='lat' dir='ltr'>urbura</span> <span class='ocrx_word' id='word_1_34' title='bbox 750 356 1006 390; x_wconf 85' lang='lat' dir='ltr'>aurifodinarum</span> <span class='ocrx_word' id='word_1_35' title='bbox 1027 366 1130 401; x_wconf 82' lang='lat' dir='ltr'>prope</span> <span class='ocrx_word' id='word_1_36' title='bbox 1150 357 1274 388; x_wconf 86' lang='lat' dir='ltr'>curiam</span> <span class='ocrx_word' id='word_1_37' title='bbox 1295 354 1394 400; x_wconf 88' lang='lat' dir='ltr'>Siaps</span> <span class='ocrx_word' id='word_1_38' title='bbox 1414 366 1519 401; x_wconf 89' lang='lat' dir='ltr'>nuper</span> <span class='ocrx_word' id='word_1_39' title='bbox 1537 359 1745 389; x_wconf 86' lang='lat' dir='ltr'>inventarum</span> <span class='ocrx_word' id='word_1_40' title='bbox 1768 366 1827 400; x_wconf 88' lang='lat' dir='ltr'>per</span> <span class='ocrx_word' id='word_1_41' title='bbox 1846 354 2017 401; x_wconf 81' lang='lat' dir='ltr'>praet&#39;atum</span> 
     </span>
     <span class='ocr_line' id='line_1_5' title="bbox 172 414 2018 462; baseline -0.002 -10"><span class='ocrx_word' id='word_1_42' title='bbox 172 418 338 452; x_wconf 90' lang='lat' dir='ltr'>dominum</span> <span class='ocrx_word' id='word_1_43' title='bbox 367 423 399 452; x_wconf 86' lang='lat' dir='ltr'>et</span> <span class='ocrx_word' id='word_1_44' title='bbox 427 421 612 462; x_wconf 78' lang='lat' dir='ltr'>genitorem</span> <span class='ocrx_word' id='word_1_45' title='bbox 641 422 789 451; x_wconf 88' lang='lat' dir='ltr'>nostrum</span> <span class='ocrx_word' id='word_1_46' title='bbox 817 427 923 462; x_wconf 90' lang='lat' dir='ltr'>usque</span> <span class='ocrx_word' id='word_1_47' title='bbox 951 416 991 449; x_wconf 90' lang='lat' dir='ltr'>ad</span> <span class='ocrx_word' id='word_1_48' title='bbox 1020 417 1267 461; x_wconf 73' lang='lat' dir='ltr'>perceptionem</span> <span class='ocrx_word' id='word_1_49' title='bbox 1287 418 1539 461; x_wconf 82' lang='lat' dir='ltr'>quingentarum</span> <span class='ocrx_word' id='word_1_50' title='bbox 1560 426 1806 460; x_wconf 75' lang='lat' dir='ltr'>sexagenarum</span> <span class='ocrx_word' id='word_1_51' title='bbox 1828 418 1889 461; x_wconf 86' lang='lat' dir='ltr'>ipsi</span> <span class='ocrx_word' id='word_1_52' title='bbox 1910 414 2018 449; x_wconf 86' lang='lat' dir='ltr'>abbati</span> 
     </span>
     <span class='ocr_line' id='line_1_6' title="bbox 172 475 2018 522; baseline -0.002 -10"><span class='ocrx_word' id='word_1_53' title='bbox 172 483 204 512; x_wconf 89' lang='lat' dir='ltr'>et</span> <span class='ocrx_word' id='word_1_54' title='bbox 233 506 240 513; x_wconf 90' lang='lat'><strong>.</strong></span> <span class='ocrx_word' id='word_1_55' title='bbox 272 506 279 512; x_wconf 93' lang='lat'>.</span> <span class='ocrx_word' id='word_1_56' title='bbox 310 481 488 513; x_wconf 80' lang='lat' dir='ltr'>conventui</span> <span class='ocrx_word' id='word_1_57' title='bbox 517 488 578 512; x_wconf 87' lang='lat' dir='ltr'>seu</span> <span class='ocrx_word' id='word_1_58' title='bbox 606 477 692 511; x_wconf 85' lang='lat' dir='ltr'>dicto</span> <span class='ocrx_word' id='word_1_59' title='bbox 721 480 922 511; x_wconf 84' lang='lat' dir='ltr'>monasterio</span> <span class='ocrx_word' id='word_1_60' title='bbox 951 476 1090 522; x_wconf 81' lang='lat' dir='ltr'>provide</span> <span class='ocrx_word' id='word_1_61' title='bbox 1120 475 1224 509; x_wconf 83' lang='lat' dir='ltr'>factas</span> <span class='ocrx_word' id='word_1_62' title='bbox 1253 475 1474 521; x_wconf 81' lang='lat' dir='ltr'>approbamus</span> <span class='ocrx_word' id='word_1_63' title='bbox 1504 479 1618 521; x_wconf 84' lang='lat' dir='ltr'>eisque</span> <span class='ocrx_word' id='word_1_64' title='bbox 1656 480 1803 509; x_wconf 89' lang='lat' dir='ltr'>nostrum</span> <span class='ocrx_word' id='word_1_65' title='bbox 1832 475 2018 521; x_wconf 80' lang='lat' dir='ltr'>praebemus</span> 
     </span>
     <span class='ocr_line' id='line_1_7' title="bbox 171 535 2019 584; baseline -0.002 -11"><span class='ocrx_word' id='word_1_66' title='bbox 171 550 372 573; x_wconf 86' lang='lat' dir='ltr'>consensum</span> <span class='ocrx_word' id='word_1_67' title='bbox 407 541 531 584; x_wconf 88' lang='lat' dir='ltr'>pariter</span> <span class='ocrx_word' id='word_1_68' title='bbox 565 542 598 571; x_wconf 86' lang='lat' dir='ltr'>et</span> <span class='ocrx_word' id='word_1_69' title='bbox 631 549 817 572; x_wconf 81' lang='lat' dir='ltr'>assensum.</span> <span class='ocrx_word' id='word_1_70' title='bbox 851 536 1045 570; x_wconf 84' lang='lat' dir='ltr'>Mandamus</span> <span class='ocrx_word' id='word_1_71' title='bbox 1080 538 1179 580; x_wconf 78' lang='lat' dir='ltr'>igitur</span> <span class='ocrx_word' id='word_1_72' title='bbox 1212 535 1393 569; x_wconf 86' lang='lat' dir='ltr'>nrburariis</span> <span class='ocrx_word' id='word_1_73' title='bbox 1427 539 1458 569; x_wconf 92' lang='lat' dir='ltr'>in</span> <span class='ocrx_word' id='word_1_74' title='bbox 1492 536 1612 582; x_wconf 69' lang='lat' dir='ltr'>Knyna</span> <span class='ocrx_word' id='word_1_75' title='bbox 1649 539 1794 582; x_wconf 86' lang='lat' dir='ltr'>paternis</span> <span class='ocrx_word' id='word_1_76' title='bbox 1829 540 1862 569; x_wconf 89' lang='lat' dir='ltr'>et</span> <span class='ocrx_word' id='word_1_77' title='bbox 1896 539 2019 570; x_wconf 88' lang='lat' dir='ltr'>nostris</span> 
     </span>
     <span class='ocr_line' id='line_1_8' title="bbox 173 596 2019 642; baseline -0.002 -9"><span class='ocrx_word' id='word_1_78' title='bbox 173 600 324 633; x_wconf 85' lang='lat' dir='ltr'>fidelibus</span> <span class='ocrx_word' id='word_1_79' title='bbox 353 599 479 633; x_wconf 87' lang='lat' dir='ltr'>dilectis</span> <span class='ocrx_word' id='word_1_80' title='bbox 509 599 644 632; x_wconf 88' lang='lat' dir='ltr'>firmiter</span> <span class='ocrx_word' id='word_1_81' title='bbox 673 603 704 632; x_wconf 89' lang='lat' dir='ltr'>et</span> <span class='ocrx_word' id='word_1_82' title='bbox 732 598 888 639; x_wconf 38' lang='lat' dir='ltr'>districte?</span> <span class='ocrx_word' id='word_1_83' title='bbox 919 601 1079 642; x_wconf 88' lang='lat' dir='ltr'>quatenus</span> <span class='ocrx_word' id='word_1_84' title='bbox 1109 596 1215 630; x_wconf 85' lang='lat' dir='ltr'>dictos</span> <span class='ocrx_word' id='word_1_85' title='bbox 1245 624 1251 630; x_wconf 94' lang='lat'><em>.</em></span> <span class='ocrx_word' id='word_1_86' title='bbox 1284 623 1290 630; x_wconf 92' lang='lat'>.</span> <span class='ocrx_word' id='word_1_87' title='bbox 1322 596 1472 630; x_wconf 83' lang='lat' dir='ltr'>abbatem</span> <span class='ocrx_word' id='word_1_88' title='bbox 1501 601 1532 630; x_wconf 89' lang='lat' dir='ltr'>et</span> <span class='ocrx_word' id='word_1_89' title='bbox 1562 624 1568 630; x_wconf 97' lang='lat'>.</span> <span class='ocrx_word' id='word_1_90' title='bbox 1601 625 1607 631; x_wconf 84' lang='lat'><strong>.</strong></span> <span class='ocrx_word' id='word_1_91' title='bbox 1637 600 1839 630; x_wconf 83' lang='lat' dir='ltr'>conventum</span> <span class='ocrx_word' id='word_1_92' title='bbox 1876 599 1908 630; x_wconf 91' lang='lat' dir='ltr'>in</span> <span class='ocrx_word' id='word_1_93' title='bbox 1937 607 2019 642; x_wconf 88' lang='lat' dir='ltr'>per-</span> 
     </span>
     <span class='ocr_line' id='line_1_9' title="bbox 172 657 2020 706; baseline -0.002 -12"><span class='ocrx_word' id='word_1_94' title='bbox 172 664 324 706; x_wconf 87' lang='lat' dir='ltr'>ceptione</span> <span class='ocrx_word' id='word_1_95' title='bbox 352 659 514 693; x_wconf 84' lang='lat' dir='ltr'>fructuum</span> <span class='ocrx_word' id='word_1_96' title='bbox 545 659 775 706; x_wconf 78' lang='lat' dir='ltr'>praedictorum</span> <span class='ocrx_word' id='word_1_97' title='bbox 803 669 869 692; x_wconf 91' lang='lat' dir='ltr'>non</span> <span class='ocrx_word' id='word_1_98' title='bbox 898 658 1088 703; x_wconf 50' lang='lat' dir='ltr'>impedi-ann</span> <span class='ocrx_word' id='word_1_99' title='bbox 1118 657 1176 691; x_wconf 89' lang='lat' dir='ltr'>sed</span> <span class='ocrx_word' id='word_1_100' title='bbox 1215 660 1305 702; x_wconf 86' lang='lat' dir='ltr'>ipsos</span> <span class='ocrx_word' id='word_1_101' title='bbox 1334 659 1366 690; x_wconf 91' lang='lat' dir='ltr'>in</span> <span class='ocrx_word' id='word_1_102' title='bbox 1395 661 1602 691; x_wconf 81' lang='lat' dir='ltr'>assecutione</span> <span class='ocrx_word' id='word_1_103' title='bbox 1638 657 1818 691; x_wconf 87' lang='lat' dir='ltr'>eorundem</span> <span class='ocrx_word' id='word_1_104' title='bbox 1846 668 1950 702; x_wconf 87' lang='lat' dir='ltr'>usque</span> <span class='ocrx_word' id='word_1_105' title='bbox 1980 657 2020 691; x_wconf 88' lang='lat' dir='ltr'>ad</span> 
     </span>
     <span class='ocr_line' id='line_1_10' title="bbox 172 717 2019 766; baseline -0.002 -12"><span class='ocrx_word' id='word_1_106' title='bbox 172 721 426 766; x_wconf 84' lang='lat' dir='ltr'>completionem</span> <span class='ocrx_word' id='word_1_107' title='bbox 455 720 613 754; x_wconf 85' lang='lat' dir='ltr'>dictarum</span> <span class='ocrx_word' id='word_1_108' title='bbox 634 723 886 765; x_wconf 79' lang='lat' dir='ltr'>quingentarum</span> <span class='ocrx_word' id='word_1_109' title='bbox 913 728 1161 762; x_wconf 79' lang='lat' dir='ltr'>sexagenarum</span> <span class='ocrx_word' id='word_1_110' title='bbox 1181 722 1415 751; x_wconf 83' lang='lat' dir='ltr'>manuteneant</span> <span class='ocrx_word' id='word_1_111' title='bbox 1434 722 1465 751; x_wconf 85' lang='lat' dir='ltr'>et:</span> <span class='ocrx_word' id='word_1_112' title='bbox 1485 718 1675 760; x_wconf 69' lang='lat' dir='ltr'>defendant,</span> <span class='ocrx_word' id='word_1_113' title='bbox 1697 720 1824 763; x_wconf 83' lang='lat' dir='ltr'>ipsique</span> <span class='ocrx_word' id='word_1_114' title='bbox 1844 717 2019 759; x_wconf 74' lang='lat' dir='ltr'>urbm-arii,</span> 
     </span>
     <span class='ocr_line' id='line_1_11' title="bbox 173 777 2021 827; baseline -0.002 -12"><span class='ocrx_word' id='word_1_115' title='bbox 173 785 226 827; x_wconf 91' lang='lat' dir='ltr'>qui</span> <span class='ocrx_word' id='word_1_116' title='bbox 263 792 349 814; x_wconf 87' lang='lat' dir='ltr'>nunc</span> <span class='ocrx_word' id='word_1_117' title='bbox 385 785 472 822; x_wconf 60' lang='lat' dir='ltr'>sunt,</span> <span class='ocrx_word' id='word_1_118' title='bbox 508 785 540 814; x_wconf 90' lang='lat' dir='ltr'>et</span> <span class='ocrx_word' id='word_1_119' title='bbox 575 783 628 824; x_wconf 83' lang='lat' dir='ltr'>qni</span> <span class='ocrx_word' id='word_1_120' title='bbox 670 791 729 825; x_wconf 88' lang='lat' dir='ltr'>pro</span> <span class='ocrx_word' id='word_1_121' title='bbox 771 783 919 824; x_wconf 90' lang='lat' dir='ltr'>tempore</span> <span class='ocrx_word' id='word_1_122' title='bbox 960 778 1091 812; x_wconf 88' lang='lat' dir='ltr'>fuerint.</span> <span class='ocrx_word' id='word_1_123' title='bbox 1124 805 1129 811; x_wconf 95' lang='lat'>.</span> <span class='ocrx_word' id='word_1_124' title='bbox 1162 805 1169 811; x_wconf 92' lang='lat'>.</span> <span class='ocrx_word' id='word_1_125' title='bbox 1200 777 1350 811; x_wconf 83' lang='lat' dir='ltr'>abbatem</span> <span class='ocrx_word' id='word_1_126' title='bbox 1392 782 1423 811; x_wconf 92' lang='lat' dir='ltr'>et</span> <span class='ocrx_word' id='word_1_127' title='bbox 1464 783 1663 812; x_wconf 81' lang='lat' dir='ltr'>conventum</span> <span class='ocrx_word' id='word_1_128' title='bbox 1706 777 1880 824; x_wconf 72' lang='lat' dir='ltr'>praedictos</span> <span class='ocrx_word' id='word_1_129' title='bbox 1921 789 2021 824; x_wconf 83' lang='lat' dir='ltr'>super</span> 
     </span>
     <span class='ocr_line' id='line_1_12' title="bbox 173 837 2019 886; baseline -0.002 -11"><span class='ocrx_word' id='word_1_130' title='bbox 173 844 404 886; x_wconf 79' lang='lat' dir='ltr'>assignatione</span> <span class='ocrx_word' id='word_1_131' title='bbox 432 840 616 885; x_wconf 87' lang='lat' dir='ltr'>hujusmodi</span> <span class='ocrx_word' id='word_1_132' title='bbox 647 850 781 873; x_wconf 77' lang='lat' dir='ltr'>suinmae</span> <span class='ocrx_word' id='word_1_133' title='bbox 811 839 918 872; x_wconf 86' lang='lat' dir='ltr'>taliter</span> <span class='ocrx_word' id='word_1_134' title='bbox 945 837 1198 880; x_wconf 72' lang='lat' dir='ltr'>assecurabunt,</span> <span class='ocrx_word' id='word_1_135' title='bbox 1228 838 1312 883; x_wconf 88' lang='lat' dir='ltr'>quod</span> <span class='ocrx_word' id='word_1_136' title='bbox 1334 841 1449 872; x_wconf 83' lang='lat' dir='ltr'>merito</span> <span class='ocrx_word' id='word_1_137' title='bbox 1470 838 1609 872; x_wconf 88' lang='lat' dir='ltr'>debeant</span> <span class='ocrx_word' id='word_1_138' title='bbox 1630 841 1825 872; x_wconf 88' lang='lat' dir='ltr'>contentari.</span> <span class='ocrx_word' id='word_1_139' title='bbox 1857 838 2019 872; x_wconf 85' lang='lat' dir='ltr'>Praeterea</span> 
     </span>
     <span class='ocr_line' id='line_1_13' title="bbox 174 898 2020 945; baseline -0.001 -10"><span class='ocrx_word' id='word_1_140' title='bbox 174 903 339 945; x_wconf 77' lang='lat' dir='ltr'>volumus,</span> <span class='ocrx_word' id='word_1_141' title='bbox 376 906 409 935; x_wconf 90' lang='lat' dir='ltr'>ut</span> <span class='ocrx_word' id='word_1_142' title='bbox 443 902 548 935; x_wconf 83' lang='lat' dir='ltr'>dictos</span> <span class='ocrx_word' id='word_1_143' title='bbox 578 929 585 935; x_wconf 91' lang='lat'>.</span> <span class='ocrx_word' id='word_1_144' title='bbox 617 927 624 934; x_wconf 86' lang='lat'><strong>.</strong></span> <span class='ocrx_word' id='word_1_145' title='bbox 655 899 806 934; x_wconf 85' lang='lat' dir='ltr'>abbatem</span> <span class='ocrx_word' id='word_1_146' title='bbox 842 904 875 933; x_wconf 86' lang='lat' dir='ltr'>et</span> <span class='ocrx_word' id='word_1_147' title='bbox 904 927 911 933; x_wconf 93' lang='lat'>.</span> <span class='ocrx_word' id='word_1_148' title='bbox 942 927 949 933; x_wconf 91' lang='lat'>.</span> <span class='ocrx_word' id='word_1_149' title='bbox 980 904 1181 933; x_wconf 83' lang='lat' dir='ltr'>conventum</span> <span class='ocrx_word' id='word_1_150' title='bbox 1218 901 1250 932; x_wconf 92' lang='lat' dir='ltr'>in</span> <span class='ocrx_word' id='word_1_151' title='bbox 1287 902 1354 932; x_wconf 85' lang='lat' dir='ltr'>suis</span> <span class='ocrx_word' id='word_1_152' title='bbox 1384 898 1525 943; x_wconf 78' lang='lat' dir='ltr'>juribus,</span> <span class='ocrx_word' id='word_1_153' title='bbox 1561 902 1633 933; x_wconf 81' lang='lat' dir='ltr'>sive</span> <span class='ocrx_word' id='word_1_154' title='bbox 1669 902 1701 933; x_wconf 90' lang='lat' dir='ltr'>in</span> <span class='ocrx_word' id='word_1_155' title='bbox 1737 900 1842 943; x_wconf 68' lang='lat' dir='ltr'>sitvis‚</span> <span class='ocrx_word' id='word_1_156' title='bbox 1879 901 1953 934; x_wconf 87' lang='lat' dir='ltr'>sive</span> <span class='ocrx_word' id='word_1_157' title='bbox 1988 902 2020 933; x_wconf 90' lang='lat' dir='ltr'>in</span> 
     </span>
     <span class='ocr_line' id='line_1_14' title="bbox 173 959 2021 1009; baseline -0.002 -13"><span class='ocrx_word' id='word_1_158' title='bbox 173 962 319 1009; x_wconf 84' lang='lat' dir='ltr'>partibus</span> <span class='ocrx_word' id='word_1_159' title='bbox 354 962 502 996; x_wconf 88' lang='lat' dir='ltr'>colendis</span> <span class='ocrx_word' id='word_1_160' title='bbox 537 973 594 996; x_wconf 84' lang='lat' dir='ltr'>seu</span> <span class='ocrx_word' id='word_1_161' title='bbox 638 964 669 995; x_wconf 87' lang='lat' dir='ltr'>in</span> <span class='ocrx_word' id='word_1_162' title='bbox 705 961 778 994; x_wconf 79' lang='lat' dir='ltr'>aliis</span> <span class='ocrx_word' id='word_1_163' title='bbox 814 960 1073 1006; x_wconf 85' lang='lat' dir='ltr'>quibuscumque</span> <span class='ocrx_word' id='word_1_164' title='bbox 1109 962 1218 993; x_wconf 84' lang='lat' dir='ltr'>causis</span> <span class='ocrx_word' id='word_1_165' title='bbox 1252 959 1379 1005; x_wconf 83' lang='lat' dir='ltr'>praesati</span> <span class='ocrx_word' id='word_1_166' title='bbox 1413 959 1574 993; x_wconf 86' lang='lat' dir='ltr'>urburarii</span> <span class='ocrx_word' id='word_1_167' title='bbox 1609 959 1797 993; x_wconf 86' lang='lat' dir='ltr'>omnimode</span> <span class='ocrx_word' id='word_1_168' title='bbox 1839 959 2021 994; x_wconf 85' lang='lat' dir='ltr'>defendere</span> 
     </span>
     <span class='ocr_line' id='line_1_15' title="bbox 173 1019 2022 1066; baseline -0.001 -10"><span class='ocrx_word' id='word_1_169' title='bbox 173 1023 316 1057; x_wconf 89' lang='lat' dir='ltr'>debeant</span> <span class='ocrx_word' id='word_1_170' title='bbox 345 1027 377 1056; x_wconf 90' lang='lat' dir='ltr'>et</span> <span class='ocrx_word' id='word_1_171' title='bbox 404 1026 499 1064; x_wconf 66' lang='lat' dir='ltr'>tueri,</span> <span class='ocrx_word' id='word_1_172' title='bbox 530 1021 644 1056; x_wconf 89' lang='lat' dir='ltr'>harum</span> <span class='ocrx_word' id='word_1_173' title='bbox 674 1024 761 1055; x_wconf 88' lang='lat' dir='ltr'>serie</span> <span class='ocrx_word' id='word_1_174' title='bbox 790 1026 823 1054; x_wconf 86' lang='lat' dir='ltr'>et</span> <span class='ocrx_word' id='word_1_175' title='bbox 851 1024 1040 1054; x_wconf 88' lang='lat' dir='ltr'>testimonio</span> <span class='ocrx_word' id='word_1_176' title='bbox 1069 1021 1261 1054; x_wconf 88' lang='lat' dir='ltr'>litterarum.</span> <span class='ocrx_word' id='word_1_177' title='bbox 1291 1019 1411 1053; x_wconf 91' lang='lat' dir='ltr'>Datum</span> <span class='ocrx_word' id='word_1_178' title='bbox 1438 1019 1677 1054; x_wconf 80' lang='lat' dir='ltr'>Nurembercli.</span> <span class='ocrx_word' id='word_1_179' title='bbox 1703 1023 1813 1066; x_wconf 86' lang='lat' dir='ltr'>quinta</span> <span class='ocrx_word' id='word_1_180' title='bbox 1835 1019 1917 1054; x_wconf 83' lang='lat' dir='ltr'>feria</span> <span class='ocrx_word' id='word_1_181' title='bbox 1945 1024 2022 1054; x_wconf 85' lang='lat' dir='ltr'>ante</span> 
     </span>
     <span class='ocr_line' id='line_1_16' title="bbox 173 1080 2019 1129; baseline -0.002 -12"><span class='ocrx_word' id='word_1_182' title='bbox 173 1083 293 1117; x_wconf 85' lang='lat' dir='ltr'>festum</span> <span class='ocrx_word' id='word_1_183' title='bbox 314 1083 450 1129; x_wconf 86' lang='lat' dir='ltr'>Philippi</span> <span class='ocrx_word' id='word_1_184' title='bbox 471 1087 503 1116; x_wconf 88' lang='lat' dir='ltr'>et</span> <span class='ocrx_word' id='word_1_185' title='bbox 523 1082 639 1116; x_wconf 80' lang='lat' dir='ltr'>Jacobi</span> <span class='ocrx_word' id='word_1_186' title='bbox 656 1082 878 1128; x_wconf 89' lang='lat' dir='ltr'>apostolorum</span> <span class='ocrx_word' id='word_1_187' title='bbox 895 1084 1045 1127; x_wconf 78' lang='lat' dir='ltr'>proxima</span> <span class='ocrx_word' id='word_1_188' title='bbox 1062 1092 1148 1114; x_wconf 86' lang='lat' dir='ltr'>anno</span> <span class='ocrx_word' id='word_1_189' title='bbox 1165 1080 1287 1114; x_wconf 87' lang='lat' dir='ltr'>domini</span> <span class='ocrx_word' id='word_1_190' title='bbox 1303 1081 1472 1115; x_wconf 82' lang='lat' dir='ltr'>millesimo</span> <span class='ocrx_word' id='word_1_191' title='bbox 1488 1084 1721 1115; x_wconf 86' lang='lat' dir='ltr'>trecentesimo</span> <span class='ocrx_word' id='word_1_192' title='bbox 1738 1083 1904 1115; x_wconf 85' lang='lat' dir='ltr'>tricesimo</span> <span class='ocrx_word' id='word_1_193' title='bbox 1919 1091 2019 1115; x_wconf 90' lang='lat' dir='ltr'>nono.</span> 
     </span>
    </p>
   </div>
   <div class='ocr_carea' id='block_1_3' title="bbox 483 1159 2021 1243">
    <p class='ocr_par' dir='ltr' id='par_1_3' title="bbox 483 1159 2021 1243">
     <span class='ocr_line' id='line_1_17' title="bbox 483 1159 2021 1193; baseline -0.001 -6"><span class='ocrx_word' id='word_1_194' title='bbox 483 1161 567 1191; x_wconf 75' lang='lat' dir='ltr'>(Nacti</span> <span class='ocrx_word' id='word_1_195' title='bbox 593 1162 667 1187; x_wconf 73' lang='lat' dir='ltr'>einer</span> <span class='ocrx_word' id='word_1_196' title='bbox 692 1161 828 1186; x_wconf 45' lang='lat' dir='ltr'>,th-&lt;christ</span> <span class='ocrx_word' id='word_1_197' title='bbox 853 1161 885 1186; x_wconf 90' lang='lat' dir='ltr'>im</span> <span class='ocrx_word' id='word_1_198' title='bbox 910 1160 935 1186; x_wconf 82' lang='lat' dir='ltr'>k.</span> <span class='ocrx_word' id='word_1_199' title='bbox 961 1160 1050 1185; x_wconf 82' lang='lat' dir='ltr'>bolim.</span> <span class='ocrx_word' id='word_1_200' title='bbox 1076 1160 1193 1185; x_wconf 71' lang='lat' dir='ltr'>Muscam</span> <span class='ocrx_word' id='word_1_201' title='bbox 1220 1167 1266 1184; x_wconf 89' lang='lat' dir='ltr'>ans</span> <span class='ocrx_word' id='word_1_202' title='bbox 1291 1159 1349 1185; x_wconf 83' lang='lat' dir='ltr'>(lein</span> <span class='ocrx_word' id='word_1_203' title='bbox 1375 1159 1448 1193; x_wconf 82' lang='lat' dir='ltr'>Orig.</span> <span class='ocrx_word' id='word_1_204' title='bbox 1473 1161 1496 1185; x_wconf 93' lang='lat' dir='ltr'>in</span> <span class='ocrx_word' id='word_1_205' title='bbox 1522 1159 1569 1185; x_wconf 82' lang='lat' dir='ltr'>der</span> <span class='ocrx_word' id='word_1_206' title='bbox 1593 1160 1618 1185; x_wconf 84' lang='lat' dir='ltr'>k.</span> <span class='ocrx_word' id='word_1_207' title='bbox 1645 1160 1670 1185; x_wconf 84' lang='lat' dir='ltr'>k.</span> <span class='ocrx_word' id='word_1_208' title='bbox 1696 1159 2021 1186; x_wconf 64' lang='lat' dir='ltr'>[nivei-sinitsbibtiothek</span> 
     </span>
     <span class='ocr_line' id='line_1_18' title="bbox 587 1211 1284 1243; baseline -0.004 -4"><span class='ocrx_word' id='word_1_209' title='bbox 587 1222 616 1239; x_wconf 83' lang='lat' dir='ltr'>zu</span> <span class='ocrx_word' id='word_1_210' title='bbox 641 1214 717 1243; x_wconf 61' lang='lat' dir='ltr'>t’rag.</span> <span class='ocrx_word' id='word_1_211' title='bbox 744 1213 859 1239; x_wconf 84' lang='lat' dir='ltr'>Bobmer</span> <span class='ocrx_word' id='word_1_212' title='bbox 883 1212 934 1238; x_wconf 73' lang='lat' dir='ltr'>Ad.</span> <span class='ocrx_word' id='word_1_213' title='bbox 960 1212 991 1238; x_wconf 88' lang='lat' dir='ltr'>ll.</span> <span class='ocrx_word' id='word_1_214' title='bbox 1019 1213 1045 1237; x_wconf 77' lang='lat' dir='ltr'>S,</span> <span class='ocrx_word' id='word_1_215' title='bbox 1072 1211 1142 1237; x_wconf 69' lang='lat'><strong>343.</strong></span> <span class='ocrx_word' id='word_1_216' title='bbox 1169 1220 1193 1237; x_wconf 91' lang='lat' dir='ltr'>n.</span> <span class='ocrx_word' id='word_1_217' title='bbox 1220 1211 1284 1243; x_wconf 74' lang='lat'><strong>33.)</strong></span> 
     </span>
    </p>
   </div>
   <div class='ocr_carea' id='block_1_4' title="bbox 173 1332 2020 1457">
    <p class='ocr_par' dir='ltr' id='par_1_4' title="bbox 173 1332 2020 1457">
     <span class='ocr_line' id='line_1_19' title="bbox 1046 1332 1151 1367; baseline -0.019 0"><span class='ocrx_word' id='word_1_218' title='bbox 1046 1332 1151 1367; x_wconf 73' lang='lat'>2:33.</span> 
     </span>
     <span class='ocr_line' id='line_1_20' title="bbox 173 1409 2020 1457; baseline -0.001 -12"><span class='ocrx_word' id='word_1_219' title='bbox 173 1413 286 1457; x_wconf 66' lang='lat' dir='ltr'>[sonis]</span> <span class='ocrx_word' id='word_1_220' title='bbox 313 1412 450 1445; x_wconf 73' lang='lat' dir='ltr'>Jolnmn</span> <span class='ocrx_word' id='word_1_221' title='bbox 481 1424 542 1445; x_wconf 75' lang='lat' dir='ltr'>ron</span> <span class='ocrx_word' id='word_1_222' title='bbox 575 1412 722 1445; x_wconf 76' lang='lat' dir='ltr'>Bolemen</span> <span class='ocrx_word' id='word_1_223' title='bbox 753 1412 818 1444; x_wconf 77' lang='lat' dir='ltr'>mul</span> <span class='ocrx_word' id='word_1_224' title='bbox 850 1410 1039 1455; x_wconf 65' lang='lat' dir='ltr'>JIarliyruf</span> <span class='ocrx_word' id='word_1_225' title='bbox 1066 1410 1157 1443; x_wconf 74' lang='lat' dir='ltr'>Ii&#39;arl</span> <span class='ocrx_word' id='word_1_226' title='bbox 1192 1422 1255 1443; x_wconf 75' lang='lat' dir='ltr'>con</span> <span class='ocrx_word' id='word_1_227' title='bbox 1293 1409 1435 1443; x_wconf 73' lang='lat' dir='ltr'>Makron</span> <span class='ocrx_word' id='word_1_228' title='bbox 1471 1410 1691 1454; x_wconf 66' lang='lat' dir='ltr'>fflmelettn&#39;yen</span> <span class='ocrx_word' id='word_1_229' title='bbox 1720 1410 1782 1443; x_wconf 80' lang='lat' dir='ltr'>den</span> <span class='ocrx_word' id='word_1_230' title='bbox 1812 1411 1869 1443; x_wconf 75' lang='lat' dir='ltr'>mit</span> <span class='ocrx_word' id='word_1_231' title='bbox 1903 1409 2020 1444; x_wconf 69' lang='lat' dir='ltr'>Ulriclz</span> 
     </span>
    </p>
   </div>
   <div class='ocr_carea' id='block_1_5' title="bbox 174 1470 2019 1572">
    <p class='ocr_par' dir='ltr' id='par_1_5' title="bbox 174 1470 2019 1572">
     <span class='ocr_line' id='line_1_21' title="bbox 174 1470 2019 1517; baseline -0.002 -11"><span class='ocrx_word' id='word_1_232' title='bbox 174 1485 234 1507; x_wconf 76' lang='lat' dir='ltr'>cote</span> <span class='ocrx_word' id='word_1_233' title='bbox 265 1473 428 1506; x_wconf 64' lang='lat' dir='ltr'>Xeahmzs</span> <span class='ocrx_word' id='word_1_234' title='bbox 458 1472 722 1517; x_wconf 65' lang='lat' dir='ltr'>yc²s‹·lel(tss‹⁵ta(¹12</span> <span class='ocrx_word' id='word_1_235' title='bbox 762 1471 893 1504; x_wconf 51' lang='lat' dir='ltr'>&#39;sauses‘</span> <span class='ocrx_word' id='word_1_236' title='bbox 927 1472 985 1504; x_wconf 64' lang='lat' dir='ltr'>(les</span> <span class='ocrx_word' id='word_1_237' title='bbox 1021 1472 1125 1504; x_wconf 73' lang='lat' dir='ltr'>(intes</span> <span class='ocrx_word' id='word_1_238' title='bbox 1159 1471 1289 1504; x_wconf 71' lang='lat' dir='ltr'>Bduon·</span> <span class='ocrx_word' id='word_1_239' title='bbox 1319 1472 1376 1514; x_wconf 63' lang='lat' dir='ltr'>fiir</span> <span class='ocrx_word' id='word_1_240' title='bbox 1413 1470 1558 1503; x_wconf 61' lang='lat' dir='ltr'>&#39;selim-le.</span> <span class='ocrx_word' id='word_1_241' title='bbox 1592 1470 1649 1504; x_wconf 79' lang='grc' dir='ltr'>ΠΙ.</span> <span class='ocrx_word' id='word_1_242' title='bbox 1681 1473 1712 1503; x_wconf 80' lang='lat' dir='ltr'>in</span> <span class='ocrx_word' id='word_1_243' title='bbox 1748 1470 1956 1514; x_wconf 73' lang='lat' dir='ltr'>Lamlslmta,</span> <span class='ocrx_word' id='word_1_244' title='bbox 1986 1472 2019 1504; x_wconf 81' lang='lat' dir='ltr'>iu</span> 
     </span>
     <span class='ocr_line' id='line_1_22' title="bbox 643 1531 1552 1572; baseline -0.002 -7"><span class='ocrx_word' id='word_1_245' title='bbox 643 1534 796 1565; x_wconf 72' lang='lat' dir='ltr'>erastino</span> <span class='ocrx_word' id='word_1_246' title='bbox 826 1533 1049 1565; x_wconf 68' lang='lat' dir='ltr'>Ascensiom&#39;s</span> <span class='ocrx_word' id='word_1_247' title='bbox 1077 1532 1203 1565; x_wconf 62' lang='lat' dir='ltr'>domim*</span> <span class='ocrx_word' id='word_1_248' title='bbox 1232 1532 1287 1572; x_wconf 84' lang='lat'>(7.</span> <span class='ocrx_word' id='word_1_249' title='bbox 1319 1531 1410 1572; x_wconf 76' lang='lat' dir='ltr'>Mai)</span> <span class='ocrx_word' id='word_1_250' title='bbox 1443 1531 1552 1564; x_wconf 70' lang='lat'>13:35).</span> 
     </span>
    </p>
   </div>
   <div class='ocr_carea' id='block_1_6' title="bbox 171 1610 2022 2331">
    <p class='ocr_par' dir='ltr' id='par_1_6' title="bbox 171 1610 2022 2331">
     <span class='ocr_line' id='line_1_23' title="bbox 327 1610 2022 1672; baseline -0.001 -10"><span class='ocrx_word' id='word_1_251' title='bbox 327 1610 416 1663; x_wconf 53' lang='lat' dir='ltr'>Ros</span> <span class='ocrx_word' id='word_1_252' title='bbox 462 1628 634 1662; x_wconf 82' lang='lat' dir='ltr'>Johannes</span> <span class='ocrx_word' id='word_1_253' title='bbox 681 1628 733 1661; x_wconf 86' lang='lat' dir='ltr'>dei</span> <span class='ocrx_word' id='word_1_254' title='bbox 774 1631 888 1672; x_wconf 80' lang='lat' dir='ltr'>gracia</span> <span class='ocrx_word' id='word_1_255' title='bbox 931 1627 1066 1661; x_wconf 84' lang='lat' dir='ltr'>Boemie</span> <span class='ocrx_word' id='word_1_256' title='bbox 1113 1627 1188 1661; x_wconf 79' lang='lat' dir='ltr'>Rex</span> <span class='ocrx_word' id='word_1_257' title='bbox 1234 1638 1273 1660; x_wconf 90' lang='lat' dir='ltr'>ac</span> <span class='ocrx_word' id='word_1_258' title='bbox 1319 1626 1618 1670; x_wconf 80' lang='lat' dir='ltr'>Lucemburgensis</span> <span class='ocrx_word' id='word_1_259' title='bbox 1665 1626 1796 1669; x_wconf 84' lang='lat' dir='ltr'>Comes,</span> <span class='ocrx_word' id='word_1_260' title='bbox 1844 1625 1916 1660; x_wconf 91' lang='lat' dir='ltr'>Nec</span> <span class='ocrx_word' id='word_1_261' title='bbox 1955 1637 2022 1660; x_wconf 91' lang='lat' dir='ltr'>non</span> 
     </span>
     <span class='ocr_line' id='line_1_24' title="bbox 173 1687 2022 1735; baseline -0.001 -12"><span class='ocrx_word' id='word_1_262' title='bbox 173 1689 314 1723; x_wconf 76' lang='lat' dir='ltr'>Karotus</span> <span class='ocrx_word' id='word_1_263' title='bbox 344 1692 446 1735; x_wconf 86' lang='lat' dir='ltr'>ipsius</span> <span class='ocrx_word' id='word_1_264' title='bbox 475 1692 715 1735; x_wconf 64' lang='lat' dir='ltr'>primogenitus</span> <span class='ocrx_word' id='word_1_265' title='bbox 744 1688 890 1722; x_wconf 87' lang='lat' dir='ltr'>marchio</span> <span class='ocrx_word' id='word_1_266' title='bbox 918 1688 1068 1721; x_wconf 77' lang='lat' dir='ltr'>Moranie</span> <span class='ocrx_word' id='word_1_267' title='bbox 1098 1688 1259 1721; x_wconf 85' lang='lat' dir='ltr'>Constare</span> <span class='ocrx_word' id='word_1_268' title='bbox 1287 1687 1439 1721; x_wconf 89' lang='lat' dir='ltr'>volumus</span> <span class='ocrx_word' id='word_1_269' title='bbox 1469 1691 1584 1720; x_wconf 84' lang='lat' dir='ltr'>tenore</span> <span class='ocrx_word' id='word_1_270' title='bbox 1605 1690 1814 1732; x_wconf 85' lang='lat' dir='ltr'>presencium</span> <span class='ocrx_word' id='word_1_271' title='bbox 1840 1689 2022 1721; x_wconf 86' lang='lat' dir='ltr'>vniuersis.</span> 
     </span>
     <span class='ocr_line' id='line_1_25' title="bbox 173 1746 2021 1796; baseline -0.002 -11"><span class='ocrx_word' id='word_1_272' title='bbox 173 1750 267 1792; x_wconf 86' lang='lat' dir='ltr'>Quod</span> <span class='ocrx_word' id='word_1_273' title='bbox 304 1761 365 1784; x_wconf 77' lang='lat' dir='ltr'>nos</span> <span class='ocrx_word' id='word_1_274' title='bbox 398 1753 681 1796; x_wconf 87' lang='lat' dir='ltr'>permutacionem</span> <span class='ocrx_word' id='word_1_275' title='bbox 716 1752 801 1783; x_wconf 88' lang='lat' dir='ltr'>inter</span> <span class='ocrx_word' id='word_1_276' title='bbox 837 1760 899 1782; x_wconf 89' lang='lat' dir='ltr'>nos</span> <span class='ocrx_word' id='word_1_277' title='bbox 935 1753 967 1782; x_wconf 90' lang='lat' dir='ltr'>et</span> <span class='ocrx_word' id='word_1_278' title='bbox 1002 1749 1131 1782; x_wconf 82' lang='lat' dir='ltr'>fidetem</span> <span class='ocrx_word' id='word_1_279' title='bbox 1165 1753 1310 1783; x_wconf 88' lang='lat' dir='ltr'>nostrum</span> <span class='ocrx_word' id='word_1_280' title='bbox 1346 1747 1491 1781; x_wconf 83' lang='lat' dir='ltr'>Vtricum</span> <span class='ocrx_word' id='word_1_281' title='bbox 1529 1747 1569 1780; x_wconf 91' lang='lat' dir='ltr'>de</span> <span class='ocrx_word' id='word_1_282' title='bbox 1606 1746 1813 1790; x_wconf 76' lang='lat' dir='ltr'>Nouudomo,</span> <span class='ocrx_word' id='word_1_283' title='bbox 1849 1747 1890 1781; x_wconf 89' lang='lat' dir='ltr'>de</span> <span class='ocrx_word' id='word_1_284' title='bbox 1926 1747 2021 1781; x_wconf 90' lang='lat' dir='ltr'>bonis</span> 
     </span>
     <span class='ocr_line' id='line_1_26' title="bbox 174 1807 2022 1855; baseline -0.002 -10"><span class='ocrx_word' id='word_1_285' title='bbox 174 1814 295 1845; x_wconf 78' lang='lat' dir='ltr'>nostris</span> <span class='ocrx_word' id='word_1_286' title='bbox 324 1814 354 1844; x_wconf 91' lang='lat' dir='ltr'>in</span> <span class='ocrx_word' id='word_1_287' title='bbox 385 1811 484 1845; x_wconf 85' lang='lat' dir='ltr'>Teicz</span> <span class='ocrx_word' id='word_1_288' title='bbox 514 1816 546 1844; x_wconf 87' lang='lat' dir='ltr'>et</span> <span class='ocrx_word' id='word_1_289' title='bbox 575 1813 743 1844; x_wconf 86' lang='lat' dir='ltr'>vniuersis</span> <span class='ocrx_word' id='word_1_290' title='bbox 778 1820 893 1843; x_wconf 88' lang='lat' dir='ltr'>eorum</span> <span class='ocrx_word' id='word_1_291' title='bbox 932 1812 1145 1855; x_wconf 86' lang='lat' dir='ltr'>pertinenciis</span> <span class='ocrx_word' id='word_1_292' title='bbox 1180 1820 1252 1843; x_wconf 89' lang='lat' dir='ltr'>cum</span> <span class='ocrx_word' id='word_1_293' title='bbox 1291 1808 1384 1843; x_wconf 91' lang='lat' dir='ltr'>bonis</span> <span class='ocrx_word' id='word_1_294' title='bbox 1418 1811 1485 1842; x_wconf 83' lang='lat' dir='ltr'>suis</span> <span class='ocrx_word' id='word_1_295' title='bbox 1521 1811 1551 1841; x_wconf 89' lang='lat' dir='ltr'>in</span> <span class='ocrx_word' id='word_1_296' title='bbox 1591 1808 1719 1841; x_wconf 81' lang='lat' dir='ltr'>Banow</span> <span class='ocrx_word' id='word_1_297' title='bbox 1748 1811 1778 1842; x_wconf 90' lang='lat' dir='ltr'>in</span> <span class='ocrx_word' id='word_1_298' title='bbox 1809 1807 1959 1842; x_wconf 76' lang='lat' dir='ltr'>Mei-auia</span> <span class='ocrx_word' id='word_1_299' title='bbox 1989 1810 2022 1842; x_wconf 89' lang='lat' dir='ltr'>in</span> 
     </span>
     <span class='ocr_line' id='line_1_27' title="bbox 174 1867 2022 1916; baseline -0.002 -11"><span class='ocrx_word' id='word_1_300' title='bbox 174 1871 269 1906; x_wconf 84' lang='lat' dir='ltr'>Metis</span> <span class='ocrx_word' id='word_1_301' title='bbox 299 1871 448 1915; x_wconf 74' lang='lat' dir='ltr'>Vngarie</span> <span class='ocrx_word' id='word_1_302' title='bbox 477 1874 559 1913; x_wconf 68' lang='lat' dir='ltr'>sitis.</span> <span class='ocrx_word' id='word_1_303' title='bbox 589 1876 621 1905; x_wconf 85' lang='lat' dir='ltr'>et</span> <span class='ocrx_word' id='word_1_304' title='bbox 650 1870 801 1904; x_wconf 90' lang='lat' dir='ltr'>omnibus</span> <span class='ocrx_word' id='word_1_305' title='bbox 831 1875 861 1903; x_wconf 86' lang='lat' dir='ltr'>et</span> <span class='ocrx_word' id='word_1_306' title='bbox 886 1870 1023 1913; x_wconf 75' lang='lat' dir='ltr'>singulis</span> <span class='ocrx_word' id='word_1_307' title='bbox 1044 1870 1084 1903; x_wconf 91' lang='lat' dir='ltr'>ad</span> <span class='ocrx_word' id='word_1_308' title='bbox 1104 1873 1175 1915; x_wconf 87' lang='lat' dir='ltr'>ipsa</span> <span class='ocrx_word' id='word_1_309' title='bbox 1197 1869 1433 1916; x_wconf 70' lang='lat' dir='ltr'>spectantibus,</span> <span class='ocrx_word' id='word_1_310' title='bbox 1456 1873 1583 1902; x_wconf 87' lang='lat' dir='ltr'>maturo</span> <span class='ocrx_word' id='word_1_311' title='bbox 1605 1871 1848 1902; x_wconf 86' lang='lat' dir='ltr'>interueniente</span> <span class='ocrx_word' id='word_1_312' title='bbox 1868 1867 2022 1902; x_wconf 84' lang='lat' dir='ltr'>hincinde</span> 
     </span>
     <span class='ocr_line' id='line_1_28' title="bbox 172 1929 2020 1979; baseline -0.003 -12"><span class='ocrx_word' id='word_1_313' title='bbox 172 1933 311 1967; x_wconf 76' lang='lat' dir='ltr'>consitio</span> <span class='ocrx_word' id='word_1_314' title='bbox 339 1932 444 1979; x_wconf 86' lang='lat' dir='ltr'>pridie</span> <span class='ocrx_word' id='word_1_315' title='bbox 472 1944 583 1965; x_wconf 82' lang='lat' dir='ltr'>coram</span> <span class='ocrx_word' id='word_1_316' title='bbox 614 1931 776 1965; x_wconf 87' lang='lat' dir='ltr'>nobilibus</span> <span class='ocrx_word' id='word_1_317' title='bbox 806 1942 845 1964; x_wconf 93' lang='lat' dir='ltr'>ac</span> <span class='ocrx_word' id='word_1_318' title='bbox 873 1931 944 1965; x_wconf 86' lang='lat' dir='ltr'>aliis</span> <span class='ocrx_word' id='word_1_319' title='bbox 975 1931 1148 1976; x_wconf 70' lang='lat' dir='ltr'>iidedignis</span> <span class='ocrx_word' id='word_1_320' title='bbox 1176 1930 1315 1977; x_wconf 86' lang='lat' dir='ltr'>prouide</span> <span class='ocrx_word' id='word_1_321' title='bbox 1335 1930 1451 1964; x_wconf 85' lang='lat' dir='ltr'>factam</span> <span class='ocrx_word' id='word_1_322' title='bbox 1472 1932 1558 1962; x_wconf 91' lang='lat' dir='ltr'>omni</span> <span class='ocrx_word' id='word_1_323' title='bbox 1580 1941 1620 1963; x_wconf 86' lang='lat' dir='ltr'>eo</span> <span class='ocrx_word' id='word_1_324' title='bbox 1641 1929 1738 1963; x_wconf 88' lang='lat' dir='ltr'>modo</span> <span class='ocrx_word' id='word_1_325' title='bbox 1758 1934 1789 1963; x_wconf 86' lang='lat' dir='ltr'>et</span> <span class='ocrx_word' id='word_1_326' title='bbox 1810 1929 2020 1971; x_wconf 83' lang='lat' dir='ltr'>condicione,</span> 
     </span>
     <span class='ocr_line' id='line_1_29' title="bbox 172 1989 2021 2039; baseline -0.002 -12"><span class='ocrx_word' id='word_1_327' title='bbox 172 1993 288 2039; x_wconf 83' lang='lat' dir='ltr'>quibus</span> <span class='ocrx_word' id='word_1_328' title='bbox 331 1997 419 2027; x_wconf 82' lang='lat' dir='ltr'>iuxta</span> <span class='ocrx_word' id='word_1_329' title='bbox 463 1992 735 2026; x_wconf 84' lang='lat' dir='ltr'>informacionem</span> <span class='ocrx_word' id='word_1_330' title='bbox 772 1991 926 2025; x_wconf 85' lang='lat' dir='ltr'>nobilium</span> <span class='ocrx_word' id='word_1_331' title='bbox 962 2003 1001 2025; x_wconf 91' lang='lat' dir='ltr'>ac</span> <span class='ocrx_word' id='word_1_332' title='bbox 1036 1992 1195 2025; x_wconf 85' lang='lat' dir='ltr'>baronum</span> <span class='ocrx_word' id='word_1_333' title='bbox 1232 1996 1417 2025; x_wconf 87' lang='lat' dir='ltr'>nostrornm</span> <span class='ocrx_word' id='word_1_334' title='bbox 1455 1989 1540 2023; x_wconf 79' lang='lat' dir='ltr'>dicta</span> <span class='ocrx_word' id='word_1_335' title='bbox 1584 1993 1786 2035; x_wconf 85' lang='lat' dir='ltr'>permutacio</span> <span class='ocrx_word' id='word_1_336' title='bbox 1828 1989 2021 2024; x_wconf 80' lang='lat' dir='ltr'>ratificanda</span> 
     </span>
     <span class='ocr_line' id='line_1_30' title="bbox 171 2051 2020 2098; baseline -0.002 -11"><span class='ocrx_word' id='word_1_337' title='bbox 171 2057 349 2088; x_wconf 78' lang='lat' dir='ltr'>exstiterit.</span> <span class='ocrx_word' id='word_1_338' title='bbox 371 2058 402 2087; x_wconf 90' lang='lat' dir='ltr'>et</span> <span class='ocrx_word' id='word_1_339' title='bbox 428 2056 459 2087; x_wconf 89' lang='lat' dir='ltr'>in</span> <span class='ocrx_word' id='word_1_340' title='bbox 488 2064 553 2097; x_wconf 88' lang='lat' dir='ltr'>qno</span> <span class='ocrx_word' id='word_1_341' title='bbox 583 2058 645 2086; x_wconf 84' lang='lat' dir='ltr'>tam</span> <span class='ocrx_word' id='word_1_342' title='bbox 675 2053 780 2086; x_wconf 87' lang='lat' dir='ltr'>dictus</span> <span class='ocrx_word' id='word_1_343' title='bbox 810 2052 940 2086; x_wconf 84' lang='lat' dir='ltr'>Vtricus</span> <span class='ocrx_word' id='word_1_344' title='bbox 970 2064 1065 2098; x_wconf 88' lang='lat' dir='ltr'>quam</span> <span class='ocrx_word' id='word_1_345' title='bbox 1094 2056 1142 2086; x_wconf 88' lang='lat' dir='ltr'>sui</span> <span class='ocrx_word' id='word_1_346' title='bbox 1173 2051 1314 2086; x_wconf 88' lang='lat' dir='ltr'>heredes</span> <span class='ocrx_word' id='word_1_347' title='bbox 1343 2053 1457 2084; x_wconf 87' lang='lat' dir='ltr'>merito</span> <span class='ocrx_word' id='word_1_348' title='bbox 1487 2054 1671 2084; x_wconf 86' lang='lat' dir='ltr'>contentari</span> <span class='ocrx_word' id='word_1_349' title='bbox 1702 2055 1865 2096; x_wconf 73' lang='lat' dir='ltr'>poterunt,</span> <span class='ocrx_word' id='word_1_350' title='bbox 1895 2053 2020 2084; x_wconf 82' lang='lat' dir='ltr'>nostris</span> 
     </span>
     <span class='ocr_line' id='line_1_31' title="bbox 173 2111 2022 2160; baseline -0.002 -11"><span class='ocrx_word' id='word_1_351' title='bbox 173 2117 275 2149; x_wconf 76' lang='lat' dir='ltr'>literis</span> <span class='ocrx_word' id='word_1_352' title='bbox 304 2115 480 2149; x_wconf 83' lang='lat' dir='ltr'>ratiticare.</span> <span class='ocrx_word' id='word_1_353' title='bbox 510 2113 696 2160; x_wconf 85' lang='lat' dir='ltr'>approbare</span> <span class='ocrx_word' id='word_1_354' title='bbox 725 2118 755 2147; x_wconf 88' lang='lat' dir='ltr'>et</span> <span class='ocrx_word' id='word_1_355' title='bbox 785 2114 984 2147; x_wconf 81' lang='lat' dir='ltr'>confirmare</span> <span class='ocrx_word' id='word_1_356' title='bbox 1011 2113 1174 2155; x_wconf 75' lang='lat' dir='ltr'>volumus⁷</span> <span class='ocrx_word' id='word_1_357' title='bbox 1196 2113 1370 2153; x_wconf 77' lang='lat' dir='ltr'>dilacione,</span> <span class='ocrx_word' id='word_1_358' title='bbox 1391 2111 1660 2145; x_wconf 67' lang='lat' dir='ltr'>contradit-etone</span> <span class='ocrx_word' id='word_1_359' title='bbox 1680 2123 1738 2145; x_wconf 85' lang='lat' dir='ltr'>seu</span> <span class='ocrx_word' id='word_1_360' title='bbox 1759 2111 1821 2145; x_wconf 81' lang='lat' dir='ltr'>alia</span> <span class='ocrx_word' id='word_1_361' title='bbox 1842 2114 2022 2145; x_wconf 83' lang='lat' dir='ltr'>occasione</span> 
     </span>
     <span class='ocr_line' id='line_1_32' title="bbox 173 2171 2020 2221; baseline -0.001 -14"><span class='ocrx_word' id='word_1_362' title='bbox 173 2176 315 2221; x_wconf 73' lang='lat' dir='ltr'>qualibet</span> <span class='ocrx_word' id='word_1_363' title='bbox 343 2186 408 2209; x_wconf 93' lang='lat' dir='ltr'>non</span> <span class='ocrx_word' id='word_1_364' title='bbox 438 2174 605 2208; x_wconf 83' lang='lat' dir='ltr'>obstante.</span> <span class='ocrx_word' id='word_1_365' title='bbox 638 2174 758 2208; x_wconf 83' lang='lat' dir='ltr'>Harum</span> <span class='ocrx_word' id='word_1_366' title='bbox 789 2179 976 2208; x_wconf 87' lang='lat' dir='ltr'>nostrarum</span> <span class='ocrx_word' id='word_1_367' title='bbox 1006 2176 1194 2207; x_wconf 86' lang='lat' dir='ltr'>testimonio</span> <span class='ocrx_word' id='word_1_368' title='bbox 1223 2174 1402 2216; x_wconf 63' lang='lat' dir='ltr'>literarum,</span> <span class='ocrx_word' id='word_1_369' title='bbox 1431 2171 1546 2217; x_wconf 82' lang='lat' dir='ltr'>quibus</span> <span class='ocrx_word' id='word_1_370' title='bbox 1576 2177 1688 2205; x_wconf 86' lang='lat' dir='ltr'>nostra</span> <span class='ocrx_word' id='word_1_371' title='bbox 1725 2172 1832 2217; x_wconf 75' lang='lat' dir='ltr'>sigilla</span> <span class='ocrx_word' id='word_1_372' title='bbox 1868 2171 2020 2206; x_wconf 84' lang='lat' dir='ltr'>duximus</span> 
     </span>
     <span class='ocr_line' id='line_1_33' title="bbox 172 2231 2020 2281; baseline -0.002 -12"><span class='ocrx_word' id='word_1_373' title='bbox 172 2237 400 2281; x_wconf 80' lang='lat' dir='ltr'>appendenda.</span> <span class='ocrx_word' id='word_1_374' title='bbox 458 2235 578 2269; x_wconf 88' lang='lat' dir='ltr'>Datum</span> <span class='ocrx_word' id='word_1_375' title='bbox 614 2238 645 2268; x_wconf 90' lang='lat' dir='ltr'>in</span> <span class='ocrx_word' id='word_1_376' title='bbox 680 2234 859 2268; x_wconf 82' lang='lat' dir='ltr'>Lantsbuta</span> <span class='ocrx_word' id='word_1_377' title='bbox 890 2238 920 2269; x_wconf 92' lang='lat' dir='ltr'>in</span> <span class='ocrx_word' id='word_1_378' title='bbox 951 2235 1103 2269; x_wconf 84' lang='lat' dir='ltr'>Crastino</span> <span class='ocrx_word' id='word_1_379' title='bbox 1133 2235 1353 2268; x_wconf 76' lang='lat' dir='ltr'>Ascensionis</span> <span class='ocrx_word' id='word_1_380' title='bbox 1390 2232 1520 2266; x_wconf 88' lang='lat' dir='ltr'>Domini</span> <span class='ocrx_word' id='word_1_381' title='bbox 1550 2232 1650 2266; x_wconf 87' lang='lat' dir='ltr'>Anno</span> <span class='ocrx_word' id='word_1_382' title='bbox 1688 2232 1810 2266; x_wconf 87' lang='lat' dir='ltr'>domini</span> <span class='ocrx_word' id='word_1_383' title='bbox 1844 2231 2020 2267; x_wconf 80' lang='lat' dir='ltr'>Millesimo</span> 
     </span>
     <span class='ocr_line' id='line_1_34' title="bbox 171 2295 764 2331; baseline 0 -2"><span class='ocrx_word' id='word_1_384' title='bbox 171 2296 414 2331; x_wconf 73' lang='lat' dir='ltr'>Triceutesinio</span> <span class='ocrx_word' id='word_1_385' title='bbox 444 2297 628 2331; x_wconf 84' lang='lat' dir='ltr'>Tricesimo</span> <span class='ocrx_word' id='word_1_386' title='bbox 657 2295 764 2329; x_wconf 83' lang='lat' dir='ltr'>Nono.</span> 
     </span>
    </p>
   </div>
   <div class='ocr_carea' id='block_1_7' title="bbox 481 2365 2019 2409">
    <p class='ocr_par' dir='ltr' id='par_1_7' title="bbox 481 2365 2019 2409">
     <span class='ocr_line' id='line_1_35' title="bbox 481 2365 2019 2409; baseline -0.003 -8"><span class='ocrx_word' id='word_1_387' title='bbox 481 2376 564 2404; x_wconf 69' lang='grc' dir='ltr'>[Νειι-Ιι</span> <span class='ocrx_word' id='word_1_388' title='bbox 589 2376 649 2401; x_wconf 81' lang='lat' dir='ltr'>dem</span> <span class='ocrx_word' id='word_1_389' title='bbox 674 2374 747 2406; x_wconf 63' lang='lat' dir='ltr'>orig.</span> <span class='ocrx_word' id='word_1_390' title='bbox 773 2376 817 2400; x_wconf 79' lang='lat' dir='ltr'>mit</span> <span class='ocrx_word' id='word_1_391' title='bbox 845 2376 910 2400; x_wconf 80' lang='lat' dir='ltr'>zwei</span> <span class='ocrx_word' id='word_1_392' title='bbox 941 2375 1133 2408; x_wconf 72' lang='lat' dir='ltr'>beschadigten</span> <span class='ocrx_word' id='word_1_393' title='bbox 1160 2374 1270 2409; x_wconf 80' lang='lat' dir='ltr'>Sigittcn</span> <span class='ocrx_word' id='word_1_394' title='bbox 1300 2374 1332 2399; x_wconf 87' lang='lat' dir='ltr'>im</span> <span class='ocrx_word' id='word_1_395' title='bbox 1359 2372 1472 2398; x_wconf 72' lang='lat' dir='ltr'>Arctnivc</span> <span class='ocrx_word' id='word_1_396' title='bbox 1504 2372 1551 2398; x_wconf 75' lang='lat' dir='ltr'>des</span> <span class='ocrx_word' id='word_1_397' title='bbox 1577 2372 1672 2398; x_wconf 78' lang='lat' dir='ltr'>Grnsen</span> <span class='ocrx_word' id='word_1_398' title='bbox 1705 2365 1802 2398; x_wconf 62' lang='lat' dir='ltr'>Cei-nin</span> <span class='ocrx_word' id='word_1_399' title='bbox 1832 2380 1861 2398; x_wconf 83' lang='lat' dir='ltr'>zu</span> <span class='ocrx_word' id='word_1_400' title='bbox 1886 2371 2019 2403; x_wconf 68' lang='lat' dir='ltr'>Nouimus,</span> 
     </span>
    </p>
   </div>
   <div class='ocr_carea' id='block_1_8' title="bbox 582 2426 1008 2461">
    <p class='ocr_par' dir='ltr' id='par_1_8' title="bbox 582 2426 1008 2461">
     <span class='ocr_line' id='line_1_36' title="bbox 582 2426 1008 2461; baseline -0.002 -8"><span class='ocrx_word' id='word_1_401' title='bbox 582 2427 793 2461; x_wconf 62' lang='lat' dir='ltr'>abgrcsrtirieben</span> <span class='ocrx_word' id='word_1_402' title='bbox 820 2428 851 2454; x_wconf 80' lang='grc' dir='ltr'>Α.</span> <span class='ocrx_word' id='word_1_403' title='bbox 878 2426 1008 2455; x_wconf 62' lang='lat' dir='ltr'>Boczekst</span> 
     </span>
    </p>
   </div>
  </div>
 </body>
</html>
