2184 2828
988 67 1091 123 1003ἶ

260 191 377 227 Nullus
407 201 489 236 ergo
519 189 660 224 fidelium
690 191 876 222 nostrorum
897 197 1039 232 presens
1059 185 1267 232 priuilegium
1288 183 1472 229 infringere
1493 184 1545 217 uel
1572 183 1749 217 molestare
1774 187 1966 230 presumat:

107 259 135 291 si
165 258 272 290 autem
302 255 334 286 in
363 256 487 286 tantam
516 251 712 285 temeritatis
741 247 912 282 audaciam
941 249 1130 293 proruperit
1162 249 1197 278 ut
1222 249 1337 278 contra
1363 244 1547 291 predictum
1577 244 1627 277 uel
1649 243 1713 277 alio
1739 243 1964 289 predictorum

106 317 231 357 facere,
262 314 315 347 uel
334 314 501 346 contraire
531 312 728 358 presumatis
758 319 823 342 non
853 308 959 342 solum
987 309 1102 352 gracia
1132 310 1245 340 nostra
1274 309 1436 352 priuatum
1466 316 1504 339 se
1535 307 1676 347 nouerit?
1714 303 1772 338 sed
1809 308 1963 349 tanquam

107 376 285 411 uoluntatis
314 377 426 408 nostre
456 373 669 406 temerarium
698 373 963 415 contemptorem
992 371 1101 414 ipsum
1130 377 1216 414 pena
1246 365 1356 400 dehita
1384 369 1572 412 puniemus.

320 520 480 555 Vendit-io
509 519 626 552 iudicia·
653 519 685 551 in
714 518 858 550 ciuitate
888 516 929 550 P.
960 527 1033 549 cum
1062 526 1127 549 cna
1155 515 1252 548 domo
1282 517 1316 547 et
1344 514 1534 548 molendino
1565 515 1597 547 in
1627 513 1754 547 Albea.

263 598 332 633 Nos
367 597 419 633 W.
450 597 502 631 dei
530 598 643 642 gracia
672 599 736 628 ete.

265 659 384 694 Notum
412 660 579 692 uniuersis
608 656 759 697 facimus7
790 660 853 689 tam
889 653 1102 700 presentibus
1132 664 1228 699 quam
1258 652 1374 686 futuris
1404 653 1490 699 quod
1526 664 1588 687 nos
1623 652 1778 686 iudicium
1814 654 1847 685 in
1878 653 1966 684 ciui-

109 726 177 756 tate
206 725 337 756 nostra.
357 719 414 753 .P.
444 730 517 753 cum
547 729 612 751 vna
642 717 738 751 domo
768 719 801 749 in
830 715 946 749 eadem
977 717 1111 749 ciuitate
1139 720 1173 750 et
1201 726 1268 749 vno
1298 714 1487 748 molendino
1516 725 1589 748 eum
1619 713 1662 747 X.
1692 716 1774 747 rotis
1802 715 1834 746 in
1854 711 1968 746 Albea

109 787 144 817 et
171 786 313 828 quatuor
329 781 445 814 laneos
474 783 506 813 in
535 778 609 812 uilla
640 783 671 811 et
699 777 762 811 VII
790 777 907 810 laneos
936 779 986 810 in.
1006 777 1117 810 .uilla.
1137 775 1277 810 .iiber0s
1306 780 1338 810 et
1367 786 1441 809 cum
1470 774 1715 821 piscacionibus
1744 777 1777 807 in
1813 783 1898 818 aqua
1937 777 1967 806 et

111 844 185 878 aliis
213 841 338 876 iuribus
367 844 430 874 rite
459 840 498 874 ad
527 839 612 874 idem
642 838 798 872 iudicium
828 837 1057 883 spectantibus
1085 836 1296 871 vendidimus
1325 835 1482 870 fratribus
1511 835 1551 869 de
1584 835 1724 869 Goz-Iiez-
1753 839 1786 868 et
1819 837 1967 880 ipsorum

110 903 289 938 heredibus
318 913 377 948 pro
409 902 433 935 C
461 912 592 936 marcas
620 899 822 934 hereditarie
850 898 1107 945 possidendam:
1136 901 1366 944 promittentes
1400 900 1460 931 eis.
1498 901 1614 930 tenore
1651 898 1819 942 presentis
1855 897 1968 941 scripti

111 963 294 999 defendere
324 968 355 997 et
384 967 553 996 antestare
582 962 666 995 dicta
697 960 781 995 bona
812 954 929 994 contra
959 959 1137 1006 quemlibet
1166 969 1237 1001 eos„
1267 958 1319 992 uel
1349 968 1462 992 eorum
1493 956 1639 991 heredis.
1677 955 1717 989 de
1752 959 1833 1001 ipsis
1874 954 1969 989 bonis

111 1029 273 1071 impetere
302 1023 469 1057 volentem
498 1022 584 1057 infra
612 1025 706 1056 trium
743 1032 904 1056 annorum
940 1023 1089 1066 spacium
1125 1031 1144 1053 a
1179 1019 1255 1053 data
1290 1018 1570 1052 numerandorum
1607 1020 1838 1063 presencium.
1878 1020 1970 1050 iuxta

113 1084 387 1120 consuetudinem
417 1088 533 1118 nostre
563 1088 663 1117 terre.
692 1081 735 1116 Et
764 1085 792 1116 si
820 1081 906 1116 forte
935 1083 1028 1126 ipsos
1049 1080 1232 1115 defendere
1252 1091 1319 1114 non
1339 1090 1517 1126 possumus
1538 1084 1616 1113 tunc
1635 1084 1745 1112 tamen
1766 1078 1807 1112 de
1827 1080 1969 1125 pecunia

113 1145 354 1181 defalcabimus
383 1145 435 1178 uel
463 1149 686 1178 restauremus
714 1147 871 1189 quantum
899 1145 992 1175 iuxta
1023 1144 1186 1175 iusticiam
1225 1144 1477 1175 estimacionum
1514 1139 1692 1186 proborum
1729 1142 1876 1173 uirorum
1913 1149 1968 1172 res

113 1207 255 1242 ualuerit
282 1209 315 1240 in
344 1217 406 1252 qua
437 1208 529 1251 ipsos
559 1216 624 1238 non
653 1207 817 1251 potuimus
848 1202 1040 1237 defensare.

269 1267 386 1301 Datum
416 1271 480 1300 etc.

118 1407 300 1450 (Donaeio
312 1417 377 1451 pro
394 1406 544 1440 remedio
561 1406 673 1438 atn'me
686 1406 866 1449 (servitoris.¹
889 1405 973 1437 iuris
989 1406 1199 1448 patronatus
1220 1404 1251 1435 in
1277 1401 1444 1436 ecelesia.
1465 1401 1532 1434 .()l
1538 1412 1566 1434 m
1577 1413 1596 1433 el
1606 1401 1747 1434 censis
1768 1399 1969 1443 dioecesis.)

278 1485 313 1520 1⁷.
345 1484 396 1518 dei
424 1486 538 1529 gracia
567 1488 631 1516 etc.

270 1545 362 1579 Inter
390 1556 488 1578 curas
518 1546 630 1577 conti-
659 1545 674 1588 (
779 1547 794 1589 j
823 1554 906 1577 nuas
936 1542 1055 1588 quibus
1090 1542 1164 1576 aula
1193 1544 1297 1576 nostri
1334 1544 1478 1588 pectoris
1514 1545 1649 1574 estuans
1684 1542 1827 1584 agitatur
1846 1538 1877 1572 id
1897 1538 1969 1572 fre-

117 1611 260 1651 quenter
288 1609 432 1640 occurrit
461 1605 601 1650 qualiter
630 1607 738 1638 amine
767 1605 843 1638 olim
872 1607 1036 1649 genitoris
1066 1606 1172 1637 nostri
1202 1603 1335 1636 domini.
1369 1603 1407 1635 0.
1446 1602 1547 1635 incliti
1583 1603 1674 1645 reglis
1710 1600 1874 1634 Boleemie
1910 1610 1974 1645 ope

117 1666 284 1711 suffragiis
313 1677 552 1707 succuramus;
582 1665 648 1699 Sed
679 1676 751 1699 cum
781 1665 904 1699 nullum
933 1669 998 1699 tam
1027 1664 1151 1698 efficax
1187 1664 1343 1697 auxilium
1381 1673 1478 1709 quam
1514 1662 1793 1696 eleemositmrmn
1834 1660 1973 1705 largicio

119 1731 151 1761 et
179 1730 339 1773 precipue
368 1727 450 1761 locis
480 1727 646 1771 religiosis
675 1729 706 1760 in
736 1725 853 1771 quibus
883 1737 941 1771 pro
971 1725 1202 1759 defunctorum
1224 1723 1396 1758 animabus
1417 1728 1530 1757 oratur
1555 1722 1688 1757 assidue
1709 1725 1845 1767 prestita
1868 1721 1975 1755 ualeat

119 1791 258 1834 reperiri
287 1792 404 1821 tenore
434 1788 601 1833 priuilegii
630 1790 797 1833 presentis
826 1791 938 1820 notum
968 1786 1107 1820 facimus
1137 1788 1305 1820 x‘niuersis
1334 1790 1398 1819 tam
1429 1788 1522 1818 istius
1552 1787 1647 1817 etatis
1668 1782 1855 1816 hominibus
1878 1792 1974 1828 quam

119 1847 241 1891 future„
271 1848 357 1893 quod
388 1848 471 1881 Nox.
502 1858 561 1894 pro
590 1847 738 1881 remedio
767 1851 875 1881 anime
904 1850 1006 1894 patris
1035 1850 1141 1882 nostri
1170 1850 1221 1880 ius
1251 1850 1444 1892 patronatus
1465 1845 1549 1891 quod
1571 1844 1756 1885 habuimus,
1779 1843 1831 1876 uel
1852 1842 1976 1876 habere

121 1911 286 1954 potuimus
314 1912 346 1942 in
376 1910 538 1942 ecclesia.
557 1908 656 1942 ,Oles
686 1908 863 1955 dyocesis.
883 1907 1011 1942 ,abbati
1040 1911 1071 1942 ei
1099 1910 1277 1941 conuentui
1308 1909 1497 1941 monasterii
1528 1905 1568 1939 de
1600 1906 1672 1938 Gar
1701 1909 1867 1938 eteorum
1894 1914 1977 1937 suc-

124 1968 320 2004 cessoribus
349 1973 581 2004 concessimus
610 1974 770 2015 perpetuo
799 1969 1006 2015 possidendi„
1037 1970 1190 2004 uolentes
1219 1973 1253 2002 ut
1282 1967 1382 2002 abbas
1411 1972 1442 2001 et
1472 1970 1656 2000 conuentus
1677 1965 1752 1999 dicti
1772 1967 1977 2006 monasterii,

125 2031 322 2074 quicumque
351 2041 411 2076 pro
441 2035 590 2076 tempore
619 2029 751 2073 suerint,
782 2030 900 2064 dictum
930 2033 982 2064 ius
1011 2035 1206 2076 patronatus
1226 2028 1370 2063 habeant
1390 2034 1421 2062 et
1441 2032 1601 2074 perpetuo
1623 2026 1816 2073 possideant
1840 2025 1979 2072 pacifice

125 2094 157 2123 et
185 2092 304 2135 quiete.
333 2090 372 2125 In
399 2093 501 2137 ipsos.
533 2102 576 2124 ex
614 2095 705 2124 certa
742 2095 853 2124 nostra
889 2094 1048 2133 sciencia,
1086 2094 1136 2125 ius
1175 2101 1272 2124 omne
1311 2094 1343 2123 et
1381 2089 1558 2122 dominium
1589 2087 1676 2133 quod
1712 2086 1889 2129 habemus⁷
1927 2086 1979 2120 uel

123 2149 250 2184 habere
270 2161 453 2196 possumus,
476 2155 508 2185 in
529 2154 601 2198 ipso
624 2151 771 2198 plenarie
791 2150 1043 2195 transferentes,
1065 2157 1100 2186 ut
1120 2150 1269 2185 eiusdem
1291 2153 1371 2184 iuris
1394 2150 1469 2184 siant
1493 2149 1582 2182 velut
1606 2149 1743 2192 legitimi
1764 2158 1978 2193 possesores.

281 2209 398 2246 Datum
420 2218 484 2246 etc.

388 2358 566 2396 (Danaeia
594 2360 700 2394 eccle.
735 2359 1003 2403 Olmuceusaess
1034 2362 1084 2394 ila
1115 2364 1226 2393 tamen
1257 2362 1291 2392 nl
1316 2357 1491 2403 prebenda
1518 2358 1720 2400 formetur.)

285 2435 323 2469 Ο.
355 2436 417 2470 dei.
447 2441 561 2481 gracia
591 2443 654 2472 etc.

282 2495 405 2530 Parere
434 2498 637 2543 parentibus,
669 2499 742 2532 dum
773 2501 805 2532 in
835 2501 941 2532 uicem
972 2502 1179 2545 preeminent
1201 2510 1240 2532 ac
1263 2497 1406 2532 honores
1427 2495 1632 2542 impendere.v
1661 2494 1766 2528 filialis
1788 2493 1983 2538 obsequium

128 2559 206 2590 satis
235 2559 347 2602 utique
376 2557 440 2591 late
470 2558 585 2603 claret²
615 2571 653 2594 ac
683 2562 744 2593 iam
775 2558 939 2593 defunctis
968 2563 1030 2606 piis
1059 2560 1181 2594 adesse
1211 2559 1376 2603 suffragiis
1406 2561 1436 2591 et
1467 2556 1670 2590 honorabilis
1700 2565 1764 2602 ope
1799 2553 1980 2588 subuenire
