2184 2828
162 255 193 283 et
226 253 430 290 nostrorum,
464 246 789 280 W'ratislauiensium
824 247 917 279 iustis
952 243 1104 290 precibus
1139 243 1364 277 fauorabiliter
1397 243 1560 281 inclinati„
1590 243 1674 276 dicte
1703 243 1823 275 ciuitati
1852 240 2002 274 VVratis-

161 310 301 343 laniensi
338 313 370 342 et
405 309 610 342 vniuersitati
649 309 751 351 ipsius
787 316 903 339 omnes
938 305 1141 338 donaciones
1169 306 1408 337 concessiones
1436 305 1648 336 inmunitates
1677 301 1844 335 libertates
1873 304 1943 334 iura
1971 305 2003 334 et

161 369 333 415 priuilegia
368 370 447 414 ipsis
482 378 541 412 per
575 377 691 400 omnes
727 370 759 399 et
795 366 944 409 singulos
981 363 1237 410 predecessores
1270 367 1418 404 nostros,
1455 368 1488 396 et
1521 363 1708 408 specialiter
1742 372 1802 407 per
1835 361 2001 394 dominum

161 434 309 463 nostrum
337 431 522 473 genitorem
552 426 751 472 predictum,
782 425 855 459 data
885 430 917 458 ct
945 435 1127 458 concessa.
1158 426 1189 456 in
1218 423 1354 467 singulis
1383 423 1526 457 articulis
1555 427 1586 456 et
1614 422 1769 455 clausulis
1797 421 2001 463 eorumdem,

161 490 441 535 qualitercumque
469 489 645 527 innotatis,
675 491 707 520 et
735 488 878 519 maxime
907 485 992 530 quod
1021 496 1038 517 a
1076 495 1198 517 corona
1228 484 1337 525 Regni
1366 483 1498 517 Boeinie
1527 483 1663 529 predicti
1697 493 1760 515 non
1791 481 1910 514 debent
1937 481 2002 514 ali-

162 550 299 595 qualiter
318 549 466 590 alienari,
487 546 546 580 sub
567 546 676 580 debito
696 549 867 579 iuramenti
889 548 1026 590 prestiti,
1047 556 1110 589 quo
1131 543 1200 578 Nos
1220 543 1345 589 pridem
1366 543 1514 577 dominus
1534 546 1664 587 genitor
1683 546 1796 575 noster
1815 541 2003 586 sepedictus

161 622 222 644 suo
251 612 434 643 iuramento
463 610 636 647 astrinxit„
665 611 760 651 prout
788 609 817 638 111
841 605 1022 651 priuilegiJs
1042 604 1184 649 desuper
1203 604 1287 637 datis
1307 603 1498 637 euideneius
1528 603 1732 645 declaratur,
1762 606 1793 635 et
1821 612 1884 647 quo
1904 604 2003 634 etiam

162 673 344 703 iuramento
373 678 490 701 omnes
519 671 651 701 nostros
680 677 896 701 successores
924 665 1033 709 Regni
1054 665 1190 697 Boemie
1219 666 1357 707 astringi
1385 664 1537 698 volumus
1567 675 1605 696 ac
1634 666 1729 696 etiam
1759 665 1831 696 sine
1860 660 2004 707 qualibet

161 732 341 763 occasione
369 727 526 772 obligari,
555 726 768 760 Ratilieamus
797 725 1017 771 approbamus
1046 729 1078 758 et
1106 724 1349 768 gratilieamus‚
1379 727 1457 769 ipsis
1485 729 1631 757 nostrum
1661 723 1806 765 benigne
1833 721 2004 767 prebendo

160 800 360 824 consensum
394 790 517 834 pariter
551 792 583 820 et
619 797 811 827 assensum,
850 786 1002 819 volentes
1037 788 1086 818 eis
1121 788 1152 818 in
1188 784 1276 818 nullo
1310 787 1439 829 penitus
1472 784 1653 828 derogare„
1683 787 1733 817 set
1761 794 1801 816 ea
1829 784 1944 828 pocius
1972 784 2004 814 in

161 849 311 884 omnibus
344 848 384 882 ad
419 852 538 882 statum
573 851 770 880 conuertere
806 846 986 879 meliorem.
1043 845 1166 879 Harum
1203 849 1389 878 nostrarum
1417 844 1620 878 Testimonio
1656 844 1853 884 litterarum,
1888 841 2005 888 quibus

162 915 307 944 nostrum
335 911 440 943 maius
471 908 621 951 Sigillum
651 907 804 940 duximus
833 906 1098 952 ampendendum.
1128 906 1247 939 Datum
1276 904 1511 947 wratislaum,
1541 905 1641 938 Anno
1670 904 1801 937 Domini
1830 902 2003 936 Millesimo

161 970 410 1003 Trecentesimo
447 967 712 1011 Quadragesimo
750 966 877 1008 Primo„
910 966 993 1000 feria
1026 966 1172 1000 secunda
1208 968 1358 1012 proxima
1394 970 1466 1012 post
1501 965 1621 999 festum
1657 964 1827 998 beatorum
1856 963 2006 997 Mauricii

163 1035 193 1063 et
223 1033 390 1064 sociorum
419 1031 501 1061 eius.

467 1106 552 1138 (ΝΜ-11
577 1106 636 1131 dem
662 1106 735 1135 (li-ig.
769 1106 814 1130 aul*
836 1106 955 1139 Pergam.
982 1107 1026 1131 mit
1050 1107 1135 1131 einem
1162 1105 1351 1138 angeliaugteu
1376 1104 1551 1138 Reitersigille
1575 1105 1607 1129 im
1626 1104 1741 1129 [λι-111116
1766 1102 1907 1128 derselben
1930 1102 2004 1128 Stadt

571 1158 619 1183 sul·
649 1158 685 1182 lit.
713 1158 743 1182 F.
776 1157 808 1189 2,
841 1158 1000 1191 miigetheilt
1030 1166 1091 1183 vom
1122 1157 1252 1183 Arrhivar
1281 1156 1325 1182 Dr.
1351 1156 1537 1182 WVattenbacli.
1584 1156 1665 1181 Klose
1690 1163 1742 1180 von
1767 1155 1875 1180 Breslau
1902 1153 2003 1183 2172.

572 1209 688 1235 [3111111161-
714 1209 782 1234 Ami.
809 1209 839 1234 ll.
866 1210 892 1235 S.
920 1208 979 1235 344
1005 1218 1029 1235 n.
1056 1208 1104 1235 42.
1131 1209 1246 1235 Bolimer
1270 1209 1313 1234 hat
1336 1208 1409 1234 diese
1434 1207 1559 1233 Urhunde
1584 1216 1639 1233 zum
1666 1206 1714 1232 25.
1740 1206 1923 1241 September.)

1032 1338 1139 1373 359.

166 1418 357 1457 Boleslaw.
388 1417 526 1462 Herzoq
553 1428 616 1450 ‘con
652 1417 829 1450 Mas-oriere,
864 1416 930 1449 und
957 1415 1050 1449 Hert·
1079 1427 1140 1449 1·οη
1171 1415 1294 1452 Ploelr,
1328 1414 1518 1458 scerspriclet
1551 1415 1623 1446 dem
1659 1413 1884 1458 Marltyrafen
1917 1413 2007 1446 Karl

165 1489 226 1511 con
248 1478 404 1513 Mdhren.
434 1478 514 1511 dass
535 1489 572 1511 er
591 1478 648 1511 {lm
668 1477 756 1510 nacla
784 1477 857 1510 dem
882 1476 972 1510 Tode
1000 1477 1058 1509 des
1080 1477 1210 1520 li'o'm'gls
1229 1476 1365 1509 ,lahaim
1393 1486 1457 1508 von
1478 1474 1626 1508 Bolmeen
1656 1474 1709 1507 als
1736 1476 1853 1508 selaeu
1883 1474 2004 1508 recht-

164 1540 331 1583 tm't'sse'gsen
371 1538 485 1571 Herm
519 1538 733 1571 anei-hemma
772 1538 880 1571 crolle.
935 1537 995 1570 Dt.
1036 1537 1229 1570 Postumia.
1260 1538 1291 1569 in
1329 1537 1478 1569 crastino
1508 1535 1546 1568 S.
1583 1535 1764 1568 illz'cleaelis
1792 1534 2008 1578 Archanqeli

846 1597 927 1640 (30.
958 1596 1179 1641 Septembeij
1213 1595 1320 1630 1341.

316 1674 404 1728 Nos
433 1693 605 1727 Boleslaus
635 1721 641 1727 .
672 1693 723 1727 dei
751 1696 864 1737 gracia
895 1720 902 1726 .
932 1692 1011 1726 Dux
1038 1691 1193 1726 Mazovie
1223 1719 1229 1725 .
1259 1696 1292 1725 et
1319 1691 1468 1725 dominus
1497 1690 1667 1724 Plocensis
1688 1717 1695 1724 .
1716 1690 2004 1735 Recognoscimus

162 1765 220 1800 pro
250 1753 345 1788 nobis
375 1781 382 1787 .
413 1758 446 1788 et
474 1756 595 1788 nostris
624 1753 803 1788 heredibus
835 1781 840 1787 .
871 1758 989 1787 tenore
1017 1755 1229 1798 presencium
1259 1779 1266 1786 .
1288 1756 1320 1785 et
1347 1750 1598 1785 successoribus
1626 1754 1793 1785 vniuersis
1823 1778 1830 1784 .
1851 1750 1938 1796 quod
1966 1750 2006 1784 ad

163 1817 416 1860 requisicionem
445 1819 476 1848 et
504 1814 691 1848 mandatum
709 1842 715 1848 .
734 1815 947 1848 Serenissimi
976 1813 1136 1859 Principis
1154 1840 1160 1846 .
1178 1813 1308 1846 Domini
1335 1813 1438 1845 nostri
1465 1811 1636 1845 Karissimi
1656 1811 1789 1845 Domini
1816 1810 1978 1845 ι1011331115
1999 1837 2006 1844 .

163 1874 269 1908 Incliti
298 1874 402 1919 Regis
433 1902 440 1908 .
469 1875 629 1908 Bohemie
659 1902 665 1908 .
696 1874 790 1908 nobis
820 1873 1006 1920 patentibus
1034 1874 1150 1907 litteris
1179 1876 1246 1907 suis
1273 1872 1392 1906 factum
1423 1899 1429 1904 .
1458 1871 1636 1916 Magnifice
1666 1872 1808 1917 Principi
1836 1871 1970 1905 domino
2000 1898 2006 1904 .

164 1935 287 1969 Karulo
326 1962 332 1968 .
362 1937 464 1980 ipsius
501 1935 622 1969 domiui
660 1935 764 1979 Regis
803 1935 1027 1979 Primogenito
1063 1961 1070 1968 .
1108 1934 1289 1967 Mai-ebioni
1334 1959 1341 1966 .
1376 1931 1526 1965 Morauie
1556 1960 1563 1965 .
1600 1932 1858 1977 Consanguineo
1891 1936 2006 1966 nostro

164 1995 364 2037 Karissimo7
393 1999 425 2028 et
452 1998 520 2029 suis
548 1995 746 2037 heredibus,
775 2000 807 2028 et
835 1994 1088 2029 successoribus
1119 2022 1125 2028 .
1155 1994 1292 2027 fecimus
1320 1997 1351 2026 et
1378 1992 1586 2038 presentibus
1615 1992 1754 2026 facimus
1783 1995 1981 2038 promissum
1999 2019 2006 2025 .

166 2055 252 2089 bona
280 2059 313 2089 et
341 2058 472 2089 sincera
500 2060 612 2089 nostra
647 2055 728 2096 fide,
764 2058 796 2088 in
830 2066 903 2088 emn
932 2066 1048 2089 casum
1085 2082 1092 2088 .
1123 2058 1152 2089 si
1179 2053 1262 2099 quod
1291 2053 1389 2091 absit,
1419 2052 1599 2097 predictum
1628 2052 1793 2086 dominum
1822 2057 1969 2086 nostrum
1999 2079 2006 2085 .

167 2115 296 2160 Regem
326 2142 332 2148 .
363 2114 522 2149 Bohemie
551 2143 558 2149 .
589 2115 753 2149 decedere
783 2118 958 2160 contigerit
986 2114 1026 2148 31)
1055 2114 1117 2149 hac
1144 2118 1211 2149 vita
1243 2142 1249 2147 .
1279 2117 1399 2147 extunc
1427 2115 1532 2158 ipsum
1562 2113 1726 2146 dominum
1755 2113 1912 2147 Karulum
1942 2140 1949 2146 .
1978 2117 2009 2146 et

167 2187 231 2209 non
260 2176 358 2209 alium
379 2203 386 2209 .
407 2179 543 2209 racione
572 2179 832 2221 primogeniture
860 2187 931 2215 sue„
962 2176 1036 2214 vel„
1065 2186 1105 2209 eo
1134 2186 1199 2209 non
1227 2177 1395 2215 exstante„
1425 2172 1568 2206 heredes
1597 2178 1630 2206 et
1658 2184 1874 2207 successores
1904 2184 2006 2207 suos.

167 2247 225 2280 pro
253 2236 401 2270 Dominis
430 2239 550 2270 nostris
578 2236 764 2280 legittiiiiiS‚
802 2241 835 2270 et
868 2236 1070 2270 naturalibus
1100 2235 1222 2269 habere
1256 2234 1404 2268 volumus
1439 2238 1471 2266 et
1498 2233 1673 2277 debemus,
1703 2237 1818 2279 eisque
1845 2239 1969 2267 extunc
1999 2260 2005 2265 .

169 2295 353 2340 homagium
385 2323 391 2329 .
422 2296 586 2330 fidelitatis
615 2301 766 2342 prestare
794 2296 924 2331 solitum
954 2323 961 2329 .
991 2301 1023 2330 et
1051 2300 1253 2330 consuetum.
1296 2293 1419 2327 Harum
1447 2298 1634 2328 nostrarum
1666 2322 1672 2328 .
1703 2296 1890 2329 testimonio
1916 2294 2007 2327 litte—

168 2366 275 2388 rarum
298 2383 304 2389 .
326 2355 443 2401 quibus
471 2361 618 2390 nostrum
639 2356 789 2401 Sigillum
810 2357 963 2391 duximus
983 2356 1245 2402 appendendum.
1275 2355 1394 2388 Actum
1415 2358 1447 2387 et
1465 2354 1584 2387 Datum
1605 2354 1782 2397 Pomianie,
1811 2358 1843 2388 111
1862 2356 2007 2388 crastino

171 2415 283 2448 Sancti
312 2415 482 2451 Michaelis
514 2444 520 2450 .
550 2416 755 2461 Archangeli
785 2444 791 2451 .
822 2417 891 2451 Sub
920 2418 1020 2451 Anno
1049 2417 1171 2451 domini
1197 2415 1371 2450 Millesimo
1400 2413 1500 2447 000Ο
1528 2414 1602 2448 XL⁰
1629 2418 1744 2460 primo.

475 2495 559 2527 (Nach
585 2496 658 2521 einer
682 2496 818 2522 Absrlirilt
841 2497 874 2521 im
898 2496 924 2522 k.
951 2496 1039 2521 belim.
1065 2496 1182 2521 Museum
1207 2502 1252 2520 aus
1281 2493 1340 2518 ‹lem
1366 2492 1438 2525 Orig.
1465 2492 1512 2518 des
1536 2493 1562 2518 k.
1588 2493 1612 2518 k.
1639 2494 1754 2527 gelieim.
1780 2492 1952 2519 Hosarchives
1977 2499 2006 2516 zu

578 2547 668 2573 u'ien.
695 2547 871 2580 Abgedruckt
894 2548 936 2573 bei
962 2547 1072 2573 Goldast
1096 2548 1120 2572 in
1145 2546 1326 2580 Snpplemeut.
1351 2548 1434 2570 actor.
1460 2544 1590 2578 publicor.
1616 2546 1643 2571 S.
1670 2545 1724 2570 27¹
1754 2553 1779 2571 n.
1803 2543 1883 2570 XXV.
1908 2543 2002 2575 Vei-gl.

578 2599 688 2624 Dobner
711 2599 871 2625 lllonument.
897 2599 941 2626 lv,
967 2599 993 2624 S.
1020 2598 1080 2625 306
1105 2607 1129 2624 11.
1155 2597 1279 2629 CLVIII.)
