2184 2828
986 271 1091 307 408.

109 353 219 397 Ko'niq
254 352 408 385 Kaze‘mz‘r
440 362 505 385 von
537 350 643 384 Polen
674 350 863 395 rersprz‘clct
906 351 978 383 dem
1014 348 1236 393 Mai-Ityrafen
1273 347 1363 381 Karl
1395 359 1460 381 eon
1490 348 1654 393 Haletem„
1695 348 1766 381 dem
1795 348 1954 393 Herzoqe

109 413 281 447 Boleslaw
313 424 375 446 ron
403 412 583 446 Selelesien
614 412 679 444 and
706 412 826 445 (Iessea
856 411 1006 453 Solamen,
1038 410 1101 443 und
1129 409 1201 442 clem
1229 408 1389 451 Hem-oye.
1418 408 1586 441 Mlmlaus
1615 421 1677 442 ron
1705 408 1864 453 Troppaec
1894 411 1959 442 nuc!

109 472 258 507 Ratz'bor
285 473 339 506 die
368 472 430 506 ilem
460 472 704 516 rerpfs'imleleu
726 472 850 505 Sladle
880 472 946 504 clud
970 471 1106 515 Buryeu
1136 469 1313 504 Namslaec.
1345 468 1603 513 Kreulz-eulmrgy
1634 481 1664 502 u.
1685 481 1713 503 s.
1737 481 1774 503 w.
1806 470 1957 503 zat-eleli—

107 533 289 576 zustellen,
325 532 448 567 sobald
481 544 519 566 er
555 531 732 576 bezilylz‘clc
766 533 827 566 der
862 532 1099 575 Psumlsumme
1133 529 1387 574 sicheryestellb
1421 531 1494 562 sein
1531 531 1622 563 wit-d.
1679 530 1738 564 Dt.
1776 530 1957 573 Cracomk,

543 592 700 626 Sabbata
724 596 806 637 post
834 593 981 626 Asc-ens.
1011 592 1135 626 domini
1164 590 1245 633 (11.
1275 590 1370 633 Mai)
1403 589 1514 623 1342.

261 669 351 723 Ros
379 688 565 722 Kazimirus
594 687 647 722 dei
675 691 790 732 gracia
818 687 895 721 Rex
924 687 1070 729 polonie,
1098 688 1315 732 promittimus
1336 685 1470 719 Tenore
1489 689 1717 731 presencium,
1747 686 1835 721 bona
1865 686 1929 720 fide
1952 714 1958 720 .

107 747 413 783 Excellentissimis
449 754 482 783 et
517 748 706 793 Magnificis
734 747 954 794 principibus,
985 747 1141 789 dominis,
1170 746 1294 780 Karolo
1325 746 1446 780 domini
1476 746 1580 790 Regis
1609 746 1834 791 Primogenito
1862 747 1960 781 Mar-

108 809 218 843 chioni
247 809 408 853 Morauie‚
438 809 595 843 Bolezlao
625 813 656 843 et
685 811 755 843 suis
784 809 872 853 filijs,
904 808 1108 842 Wenceslao
1137 811 1169 841 et
1197 806 1377 849 Ludwico‚
1415 807 1525 841 Slezie
1560 811 1593 840 et
1626 806 1782 851 Nicoiao,
1819 807 1959 853 Opauie„

108 875 140 904 et
168 870 370 916 Ratyborie‚
400 869 571 913 Ducibus,
602 869 758 903 Ciuitates
788 874 821 903 et
855 869 1064 903 llluniciones
1096 867 1339 905 Namslauiam.
1376 866 1655 912 Creucmburch,
1691 868 1892 914 Byczinam⁷
1929 873 1961 902 et

109 930 345 972 Chuneenstat„
374 930 469 964 nobis
497 942 556 977 pro
586 930 706 965 Tribus
733 929 865 964 Milibus
886 929 1072 963 Marcarum
1099 939 1293 973 grossorum
1324 928 1534 961 denariorum
1555 928 1788 974 pragensium,
1818 929 1960 974 polonici

107 995 298 1038 pagamenti
326 1003 386 1037 per
414 1002 485 1033 eos,
514 994 547 1025 in
576 990 663 1025 festo
693 990 818 1024 Sancte
848 990 1016 1024 Trinitatis
1044 992 1208 1036 proximo,
1238 988 1432 1033 obligandas
1463 1000 1502 1022 ac
1530 1000 1646 1023 onmes
1676 1000 1792 1023 eorum
1822 990 1959 1023 litteras.

107 1056 334 1097 cuiuscunque
354 1052 497 1086 Tenoris
517 1051 651 1095 fuerint,
681 1050 777 1085 nobis
798 1062 896 1091 nunc,
925 1055 957 1084 et
976 1055 1086 1093 antea,
1116 1049 1250 1083 traditas
1272 1060 1374 1095 super
1393 1049 1468 1092 illis7
1498 1053 1606 1083 statim
1636 1055 1810 1096 postquam
1840 1053 1959 1083 cancie

108 1112 148 1147 de
176 1112 344 1147 soluendis
379 1112 504 1147 eisdem
534 1112 654 1146 Trtbus
684 1112 845 1145 dictarum
875 1122 1059 1145 marcarum
1088 1110 1235 1153 Munius,
1271 1110 1367 1144 nobis
1395 1109 1482 1144 facta
1520 1110 1637 1145 fuerit.
1672 1115 1705 1144 et
1734 1122 1847 1144 eorum
1878 1122 1961 1157 pro-

108 1177 208 1208 missa
238 1174 450 1220 expleuerint
477 1177 573 1220 prout
601 1175 634 1206 in
663 1183 777 1206 eorum
806 1173 922 1206 litteris
952 1171 1137 1205 huiusmodi
1174 1174 1362 1205 continetur
1391 1198 1398 1205 .
1429 1174 1625 1213 restituere,
1663 1183 1700 1205 ac
1730 1171 1852 1208 libere.
1890 1174 1962 1205 sine

108 1237 224 1281 quauis
252 1234 443 1268 difficultate
471 1234 594 1268 cedere
623 1233 663 1267 de
692 1233 816 1267 eisdem
846 1233 882 1266 In
911 1235 1005 1266 euius
1032 1235 1082 1265 rei
1110 1234 1330 1266 testimonium
1360 1237 1538 1278 presentes
1568 1232 1636 1266 fieri
1667 1237 1698 1266 et
1719 1232 1825 1278 Sigilli
1855 1235 1958 1267 nostri

109 1298 299 1338 munimine„
328 1295 493 1329 voluimus
521 1296 728 1329 communiri.
758 1294 879 1327 Actum
909 1298 942 1327 et
969 1293 1090 1327 Datum
1111 1292 1291 1326 Cracouie.
1320 1292 1466 1327 Sabbato
1495 1297 1569 1339 post
1598 1292 1718 1327 festum
1738 1294 1960 1328 Ascensionis

110 1355 233 1390 domini
260 1358 414 1402 proximo
442 1355 544 1390 Anno
572 1354 760 1388 Natiuitatis
790 1354 937 1388 eiusdem
966 1353 1140 1388 Millesimo
1169 1353 1421 1388 Trecentesimo
1452 1354 1718 1398 Quadragesimo
1746 1354 1907 1388 secundo.

417 1443 504 1475 (Nach
527 1443 603 1469 einer
620 1442 759 1468 Abschrift
782 1443 815 1468 im
832 1441 858 1468 k.
877 1442 966 1468 bolim.
984 1441 1102 1467 Museum
1126 1449 1173 1467 aus
1197 1441 1257 1467 dem
1275 1440 1349 1475 Orig.
1376 1441 1425 1467 des
1442 1441 1468 1467 k.
1487 1441 1513 1467 k.
1532 1442 1594 1476 geli.
1614 1442 1789 1468 Hosarchives
1807 1450 1837 1467 zu
1855 1442 1961 1473 Wien.)

989 1569 1094 1606 409.

110 1660 319 1701 ΚαίΙιενῖηα,
355 1659 476 1695 We'twe
504 1659 563 1693 des
583 1658 744 1692 Harllz'eb
773 1670 837 1692 'con
867 1657 1066 1699 Bosa-occia,
1094 1657 1237 1691 schenkt
1271 1658 1331 1692 der
1355 1658 1484 1692 Kz’relze
1512 1660 1545 1691 in
1575 1658 1718 1692 Sludm‘c
1747 1661 1833 1692 z-wei
1851 1659 1960 1692 Ze'us-

113 1721 178 1755 und
205 1719 409 1755 andertkalb
437 1721 500 1754 ode
520 1720 637 1754 Lalme
665 1721 709 1753 im
727 1719 838 1762 Dorfe
857 1718 1044 1751 Meelmom.
1074 1717 1134 1751 Dt.
1161 1718 1373 1762 Boscowz'ez,
1400 1720 1467 1763 fer.
1490 1719 1556 1752 III.
1586 1721 1619 1753 in
1644 1721 1670 1763 f.
1701 1720 1960 1753 Petttleeeosles.

862 1778 942 1821 (21.
972 1779 1065 1821 alaz)
1103 1777 1213 1812 1342.

267 1857 357 1910 Nos
394 1875 574 1910 Katberina
611 1876 726 1909 relicta
761 1874 924 1921 quondam
959 1873 1080 1907 domini
1113 1873 1262 1908 Hartlebi
1297 1874 1336 1909 de
1365 1874 1575 1918 Boscowitz‚
1615 1880 1730 1909 tenore
1759 1878 1960 1921 presentium

112 1936 402 1982 Recognoscimus
432 1939 611 1978 vniuersis‚
643 1935 739 1977 Quod
768 1936 808 1969 de
838 1935 973 1981 speciali
1001 1934 1155 1968 Jesconis
1184 1934 1239 1968 filii
1268 1938 1371 1969 nostri
1400 1935 1565 1969 karissimi
1594 1935 1803 1981 beneplacito
1833 1940 1865 1969 et
1894 1946 1962 1968 vo-

113 1998 252 2041 luntatea
287 1997 328 2032 ob
364 1997 501 2043 predicti
538 1997 612 2030 olim
650 1996 771 2030 domini
807 1997 909 2029 nosti-i
944 1994 1092 2028 Ilartlebi
1126 1997 1236 2028 anime
1269 1995 1408 2030 salutem
1445 2000 1476 2029 et
1510 2000 1695 2030 nostrorum
1732 1999 1962 2041 peccaminum

115 2057 307 2100 remedium,
337 2062 369 2092 et
397 2061 427 2092 in
458 2057 618 2092 honorem
648 2060 752 2091 sancti
782 2056 886 2100 Egidii
917 2055 1136 2093 confessoris,
1175 2055 1327 2090 Ecclesie
1356 2059 1387 2090 in
1417 2056 1493 2090 villa
1524 2061 1637 2090 nostra
1668 2056 1817 2090 Studnitz
1845 2083 1852 2089 .
1881 2055 1962 2089 duos

115 2118 230 2151 laneos
265 2118 439 2152 censuales
474 2118 600 2152 locatos
629 2146 635 2152 .
665 2123 696 2152 et
732 2119 868 2152 alterum
898 2115 1063 2149 dimidium
1098 2115 1229 2148 laneum
1257 2143 1264 2149 .
1292 2127 1441 2161 pronunc
1478 2117 1645 2150 desertum
1674 2144 1679 2149 .
1708 2127 1781 2149 cum
1811 2115 1962 2150 omnibus

117 2189 229 2212 eorum
259 2177 391 2212 Juribus
420 2178 501 2212 Jure
531 2181 750 2225 proprietario
780 2178 905 2211 (lamus.
936 2176 1039 2209 libere
1068 2178 1099 2209 in
1128 2175 1204 2209 villa
1233 2175 1413 2211 Mechnow
1442 2180 1522 2211 sitos
1558 2177 1598 2210 ad
1630 2177 1747 2210 dictam
1778 2176 1961 2210 Ecclesiam

116 2243 276 2285 perpetuo
305 2239 529 2284 pertinendos,
560 2244 590 2273 et
619 2251 661 2273 ne
691 2243 760 2285 ipsa
790 2238 930 2272 ecclesia
961 2240 991 2270 in
1021 2238 1089 2270 suis
1118 2235 1250 2270 Juribus
1280 2241 1312 2270 et
1340 2236 1543 2271 libertatibus
1573 2239 1744 2271 consuetis
1772 2240 1804 2270 et
1832 2236 1960 2271 debitis.

117 2311 176 2346 per
204 2303 336 2332 nostros
366 2310 581 2334 successores
611 2312 654 2333 ex
683 2302 877 2344 ignorancie
906 2308 1019 2337 causa,
1050 2296 1195 2330 fraudari
1224 2297 1335 2330 valeat
1362 2298 1415 2331 vel
1437 2298 1570 2339 turbari,
1600 2296 1751 2330 omnibus
1771 2301 1803 2331 et
1824 2297 1962 2341 singulis

117 2360 328 2394 notificamus
358 2370 531 2405 expresse,
562 2360 646 2405 quod
676 2361 774 2406 plena
803 2359 929 2393 decima
959 2357 999 2391 de
1029 2357 1127 2390 Curie
1155 2359 1227 2391 siue
1255 2357 1365 2390 allodii
1402 2358 1521 2392 ibidem
1551 2361 1581 2391 in
1613 2357 1763 2391 Studnitz
1792 2361 1901 2402 agris„
1932 2362 1961 2391 et

120 2420 268 2454 decimus
298 2420 452 2453 denarius
481 2420 521 2453 de
542 2420 632 2454 Silua
661 2420 701 2454 ad
730 2420 847 2454 dictam
877 2418 986 2452 villam
1016 2421 1200 2463 spectante,
1230 2420 1257 2451 si
1286 2428 1357 2451 eam
1378 2421 1409 2451 in
1430 2423 1522 2464 parte
1543 2418 1596 2451 vel
1617 2420 1648 2451 in
1669 2422 1736 2451 toto
1756 2418 1853 2452 vendi
1875 2429 1962 2451 con-

118 2483 244 2525 tigerit‚
283 2492 321 2513 ac
360 2480 485 2513 decima
524 2484 644 2514 minuta
681 2480 721 2514 ab
758 2480 922 2514 hominum
958 2477 1076 2511 ibidem
1105 2477 1317 2511 residentium
1348 2482 1438 2522 agris
1468 2506 1474 2512 .
1503 2477 1643 2523 plebano
1678 2481 1781 2524 ipsius
1812 2479 1962 2512 Hei-lesio

119 2544 171 2586 qui
192 2546 252 2575 est.
275 2541 327 2574 vel
349 2543 400 2584 qni
423 2544 569 2585 tempore
590 2541 698 2583 fuerin
728 2553 786 2587 pro
807 2541 1053 2574 snstvntacione
1074 2537 1143 2571 (lari
1165 2537 1261 2570 debet
1281 2542 1311 2571 et
1341 2538 1380 2571 ad
1410 2538 1548 2571 eandem
1580 2537 1764 2572 Ecclesiam
1795 2542 1962 2585 perpetuis

120 2601 319 2647 temporibus
348 2600 534 2646 pertinebit⁷
566 2600 600 2633 ln
629 2604 721 2636 cuius
751 2604 798 2635 rei
827 2602 1047 2634 testimoniium
1069 2598 1218 2643 Sigillum
1247 2598 1383 2643 predicti
1412 2599 1575 2643 quondam
1605 2599 1725 2632 domini
1754 2600 1963 2633 conthoralis

1817 2659 1858 2687 35
