2184 2828
143 244 355 275 terminorum
386 243 529 285 ipsorum
559 238 684 284 absque
713 242 829 272 iniuria
866 243 911 284 et*
931 241 1149 284 oppressione
1183 248 1392 283 quacumque
1427 240 1568 281 exigere
1603 241 1635 270 et
1670 239 1821 281 recipere
1859 235 1993 270 studeas

143 301 330 345 diligenter.
360 303 537 333 universas
567 310 729 344 personas
761 299 895 333 easdem
925 299 965 332 ad
996 300 1192 333 solutionem
1222 297 1317 331 liuius
1339 297 1466 330 decime
1496 297 1681 331 faciendam
1702 296 1882 331 secundnm
1912 308 1994 342 pre—

144 365 276 395 missmn
315 361 445 395 modum
491 363 687 394 auctoritate
729 365 841 394 nostra
880 372 938 405 per
977 370 1152 393 censuram
1188 358 1450 391 ecclesiasticam
1495 363 1525 391 et
1559 361 1657 391 etiam
1694 360 1992 402 sequestratimiem

144 422 305 456 fructuum
335 421 519 454 reddituum
547 425 579 454 et
608 425 828 466 proventuum
850 421 1152 454 ecclesiasticorum
1183 429 1316 452 suorum
1346 421 1376 451 in
1408 418 1531 451 eisdem
1562 422 1623 451 tuis
1644 417 1785 451 Civitate
1815 422 1847 450 et
1868 417 1994 450 diocesi

143 485 405 517 consistentium.
436 484 463 515 si
493 481 655 526 expedire
684 481 819 519 viderisq
851 482 1071 526 appellatione
1099 483 1225 513 remota
1255 479 1454 524 compellas
1493 483 1590 524 tuque
1619 482 1715 512 etiam
1744 478 1784 511 de
1813 477 1994 511 redditibus

143 547 175 577 et
202 542 419 589 proventibus
449 545 510 575 tuis
545 543 784 575 ecclesiasticis
821 542 981 575 decimam
1016 539 1201 575 huiusmodi
1230 539 1410 573 secundum
1449 542 1667 576 taxationem„
1698 543 1753 572 aut
1782 539 1912 572 modum
1942 538 1995 570 vcl

143 615 267 638 morem
297 608 329 637 et
357 603 632 637 consuetudinem
662 602 871 648 supradictos
900 614 959 648 per
987 602 1107 635 dictum
1127 601 1299 634 Biennium
1320 603 1352 634 in
1380 600 1504 633 eisdem
1527 603 1674 633 terminis
1703 611 1776 633 eum
1806 602 1996 642 integritate

143 665 330 711 persolvas,
360 663 597 708 assignandam
628 663 757 708 prefato
787 663 884 707 Regi.
915 667 969 696 aut
998 663 1040 696 illi
1070 663 1124 695 vel
1152 662 1225 695 illis.
1256 672 1352 705 quem
1384 660 1437 694 vel
1466 672 1548 705 qnos
1585 660 1669 693 idem
1699 661 1773 694 Rex
1803 660 1843 693 ad
1873 670 1997 704 recep-

143 728 265 759 tionem
294 724 481 759 huiusmodi
510 724 638 758 decime
667 723 847 769 deputabib
879 726 920 756 ita
942 723 1027 769 quod
1056 728 1088 756 tu
1109 727 1139 756 et
1159 722 1222 756 alie
1243 733 1387 767 persone
1410 722 1640 754 ecclesiastice
1661 721 1848 766 supradicte
1869 725 1996 754 tuarum

144 785 295 819 Civitatis
324 790 356 819 et
385 785 530 819 diocesis
558 796 624 818 non
655 787 832 818 teneamini
863 789 1041 818 monetam.
1071 794 1134 829 que
1162 794 1222 829 pro
1251 781 1436 815 huiusmodi
1466 781 1595 815 decima
1625 782 1835 827 persolvetur
1864 781 1998 814 deferre

143 847 197 880 vel
218 847 397 888 destinare,
427 846 482 880 vel
511 845 708 879 solutionem
738 848 810 879 eius
840 844 953 878 facere
984 849 1077 878 extra
1107 849 1178 877 tuas
1201 842 1375 876 Civitatem
1397 847 1429 876 et
1455 843 1615 875 diocesim
1638 842 1827 887 prelibatus.
1859 846 1888 875 et
1910 840 1996 885 quod

144 907 330 941 huiusmodi
359 907 477 941 solutio
515 906 643 939 decime
673 905 725 939 siat
757 905 882 951 absque
911 905 1020 951 aliquo
1049 915 1151 938 onere
1180 904 1320 937 illorum.
1351 916 1367 937 a
1397 903 1516 948 quibus
1546 903 1672 936 decima
1703 902 1887 936 huiusmodi
1917 913 1999 947 pei·—

144 968 303 1010 solvetun
332 970 395 1001 nisi
426 972 457 1001 te
485 972 517 1000 et
546 969 698 1012 personis
729 969 806 1011 ipsis
836 966 921 999 sorte
950 964 1178 999 deficientibus
1206 967 1239 998 in
1268 963 1415 997 eiusdem
1445 963 1573 997 decime
1594 964 1759 997 solutione
1788 967 1819 996 in
1849 965 1998 996 terminis

145 1028 330 1074 prelibatis,
369 1028 411 1061 ob
448 1027 633 1061 huiusmodi
670 1032 757 1060 tuum
793 1032 823 1060 et
860 1030 1003 1072 ipsorum
1041 1026 1203 1060 defectum
1240 1036 1411 1070 expensas
1456 1025 1526 1058 lieri
1562 1029 1748 1070 oporteret7
1784 1024 1823 1057 ad
1861 1034 1998 1069 quarunt

145 1092 386 1123 restitutionem
425 1093 456 1122 te
490 1093 521 1122 et
556 1091 645 1134 ipsas
683 1090 787 1121 teneri
822 1088 974 1121 volumus
1010 1091 1041 1120 et
1076 1089 1226 1130 astringi.
1284 1086 1376 1126 Quod
1413 1088 1439 1118 si
1470 1085 1555 1118 l'orte
1585 1090 1615 1118 te
1645 1085 1697 1118 vel
1729 1084 1999 1118 Subcollectores

146 1150 314 1196 predictos
343 1161 402 1195 per
431 1153 461 1183 te
490 1149 529 1182 ad
560 1148 781 1193 colligendum
812 1153 842 1181 et
872 1149 1097 1193 recipiendum
1127 1146 1312 1181 huiusmodi
1342 1147 1502 1180 decimam
1525 1146 1743 1192 deputandos.
1774 1150 1829 1178 aut
1858 1146 1999 1189 aliquem

146 1211 199 1245 vet
236 1211 363 1257 aliquos
398 1221 442 1243 ex
476 1210 601 1244 eisdem
641 1210 786 1243 delicere
825 1209 908 1242 soi-u—
938 1212 1106 1253 continget
1135 1211 1165 1242 in
1194 1209 1357 1243 solutione
1387 1208 1473 1241 dicte
1503 1207 1631 1240 decime
1662 1210 1691 1240 in
1722 1209 1871 1239 terminis
1900 1210 2000 1238 ante-

146 1271 257 1314 dictis‚
288 1272 395 1305 taliter
423 1271 650 1313 deiicientem,
681 1282 741 1304 seu
771 1270 984 1303 deficientes.
1020 1269 1142 1303 similes
1177 1272 1361 1303 sententias
1397 1279 1478 1313 quas
1514 1279 1573 1313 per
1610 1272 1641 1300 te
1670 1267 1723 1300 vel
1754 1266 2000 1310 Subilelee-atos

144 1335 235 1378 ipsos
264 1331 304 1365 ad
333 1327 568 1365 executionem
598 1332 806 1365 collectionis
837 1330 1022 1364 liniusmoili
1053 1330 1182 1363 decime
1202 1329 1409 1376 deputandos
1439 1329 1580 1375 proferri
1610 1331 1796 1372 contigerit.
1829 1331 2000 1360 inem-rere

146 1393 299 1426 volumus
319 1395 390 1438 ipso
412 1392 509 1426 sacto.
539 1404 556 1425 a
579 1391 697 1438 quibus
718 1396 791 1438 post
812 1391 1071 1425 satisl'aetitmem
1093 1391 1232 1425 debitam
1262 1402 1322 1437 per
1351 1391 1491 1436 aliquem
1522 1401 1563 1423 ex
1586 1389 1802 1423 vicinioribus
1826 1388 2000 1433 Episcopi>=

146 1456 501 1488 excommunicationis
529 1455 695 1487 sententia
725 1464 789 1486 non
813 1453 946 1495 ligatum
976 1452 1029 1485 vel
1059 1452 1140 1485 alias
1169 1455 1310 1496 gratiani
1341 1456 1373 1485 et
1402 1454 1668 1485 cmnnumtonem
1698 1450 1881 1495 apostolice
1911 1449 2001 1481 sedis

147 1514 324 1548 habentem
360 1513 445 1548 facta
483 1513 544 1547 sibi
582 1516 673 1559 prins
703 1513 765 1546 lide
804 1513 844 1547 de
872 1512 1100 1546 satisfactione
1132 1512 1316 1546 huiusmodi
1354 1515 1459 1558 possit
1487 1511 1704 1545 absolutionis
1728 1497 1930 1543 ⁴lienei'icium
1961 1521 1999 1542 ac

146 1575 431 1620 dispensationem
460 1586 562 1620 super
590 1574 838 1618 irregularitate
867 1577 893 1607 si
924 1585 1020 1618 quam
1050 1576 1097 1607 sic
1126 1574 1214 1617 ligati
1244 1573 1445 1607 celebrando
1475 1572 1605 1608 divina.
1636 1573 1690 1605 vel
1721 1583 1781 1605 vos
1814 1571 1999 1614 ingerendo

146 1636 271 1669 eisdem
308 1635 447 1669 forsitan
477 1638 715 1669 contraxeritis
745 1634 915 1673 obtinere.¹
947 1638 1090 1668 iniuncto
1120 1645 1220 1679 snper
1248 1633 1311 1667 boc
1345 1633 1442 1667 vobis
1472 1633 1557 1678 quod
1587 1633 1628 1666 de
1658 1636 1728 1665 iure
1758 1631 1857 1665 suerit
1885 1634 1998 1664 iniun-

146 1696 308 1741 gendum,
344 1700 376 1730 et
412 1695 453 1729 de
482 1700 614 1729 moneta
651 1696 691 1729 de
725 1707 788 1741 qua
819 1696 873 1728 liet
907 1695 1024 1728 solutio
1054 1695 1140 1728 dicte
1170 1694 1297 1728 decime
1327 1706 1387 1728 seu
1417 1695 1487 1728 lieri
1518 1693 1667 1729 debebit.
1705 1694 1815 1726 valcat
1850 1693 1999 1726 liesitari.

146 1759 358 1801 vitenturque
385 1760 597 1801 gravamina„
628 1768 692 1802 que
722 1761 898 1802 propterea
929 1756 1127 1801 quandoque
1148 1757 1210 1789 viri
1232 1755 1451 1789 ecclesiastici
1474 1759 1550 1788 sunt
1572 1757 1734 1800 perpessi,
1765 1754 1850 1786 dicta
1874 1753 1999 1786 decima

147 1818 187 1852 ad
217 1822 381 1852 monetam
411 1817 559 1851 usualem
590 1820 810 1850 communiter
838 1817 969 1850 levetur
997 1822 1027 1850 et
1058 1819 1154 1850 etiam
1185 1819 1355 1860 exigatur.
1392 1820 1483 1849 iuxta
1513 1818 1779 1849 constitutionem
1811 1825 1910 1859 super
1939 1812 1999 1845 lioc

149 1879 268 1913 editam
299 1881 331 1912 in
361 1878 497 1912 Concilo
532 1878 697 1912 viennen.
747 1877 793 1911 lta
833 1878 917 1923 qnod
955 1882 1110 1922 pretextu
1139 1877 1277 1910 alicuius
1313 1877 1431 1910 cambii
1462 1876 1630 1909 debitores
1660 1880 1689 1909 et
1720 1875 1884 1908 solutores
1914 1873 2000 1906 dicte

148 1939 274 1972 decime
309 1950 375 1973 non
411 1943 613 1982 graventur.
651 1939 804 1984 quodque
840 1942 930 1972 iuxta
961 1940 1226 1970 ‹·‹mstitutionem
1265 1937 1412 1971 eiusdem
1449 1937 1651 1970 Viennensis·
1689 1936 1824 1969 Concilii
1864 1934 1997 1969 calices.

148 1999 250 2033 libros
279 2004 309 2033 et
338 2000 400 2033 alia
429 2004 623 2033 ornamenta
653 2000 872 2033 ecclesiarum
902 1999 1023 2032 divinis
1053 1998 1172 2032 ol'liciis
1203 1998 1356 2044 deputata
1387 2010 1430 2032 cx
1459 2009 1559 2031 causa
1591 1999 1740 2042 pignoris
1771 1996 1821 2028 vel
1853 1996 1999 2027 distrae—

149 2062 246 2093 tionis
274 2062 468 2105 cuiuspiam,
499 2065 528 2093 tu
560 2072 617 2093 seu
648 2060 918 2093 Subcolleetores
950 2070 1008 2104 per
1037 2063 1068 2091 te
1098 2058 1135 2091 ad
1167 2062 1394 2104 receptionem
1425 2058 1609 2092 liuiusmodi
1640 2057 1766 2090 decime
1798 2060 1828 2088 ut
1858 2058 2000 2100 premit-

148 2123 223 2153 titur
258 2119 451 2165 deputandi.
481 2132 602 2166 capere
638 2132 697 2154 seu
727 2124 899 2166 recipere.
931 2119 1115 2152 distrahere
1154 2120 1207 2152 vel
1237 2130 1404 2164 occupare
1442 2119 1629 2152 nullatenus
1659 2119 1868 2162 presumatis.
1926 2115 1999 2149 Non

150 2179 355 2215 obstantibus
392 2184 418 2214 si
455 2181 509 2215 tibi
539 2186 571 2215 et
600 2181 753 2227 predictis
783 2183 936 2227 personis
966 2180 1204 2212 ecclesiasticis
1233 2183 1266 2212 et
1294 2179 1367 2223 alijs
1397 2179 1660 2223 (puluis-ennupw
1698 2179 1916 2209 connuuniter
1945 2177 1998 2209 vel

150 2241 293 2275 divisim.
325 2252 342 2273 a
364 2241 445 2275 sede
465 2244 505 2275 sit
529 2242 686 2275 indultum
708 2242 837 2276 eadem.
868 2240 952 2286 quod
983 2240 1022 2272 ad
1053 2240 1249 2272 solutionem
1281 2239 1464 2273 huiusmodi
1495 2240 1625 2273 decime
1655 2240 1786 2270 minime
1809 2239 1999 2275 teneamini,

151 2307 182 2336 et
212 2302 250 2335 ad
281 2301 310 2334 id
340 2302 503 2346 compelli.
534 2307 589 2335 ant
617 2303 702 2348 ‹piod
734 2303 895 2336 interdici.
928 2300 1097 2345 suspendi.
1129 2301 1181 2333 vel
1213 2303 1496 2333 exconnnunicari
1529 2311 1592 2333 non
1623 2300 1755 2343 possitis
1787 2309 1845 2342 per
1874 2297 2000 2330 litteras

151 2362 355 2408 apostolicas
384 2372 447 2406 qne
476 2362 515 2395 (lc
547 2363 669 2396 indulto
699 2363 882 2396 huiusmodi
913 2366 942 2394 et
974 2366 1041 2393 toto
1071 2364 1141 2394 eius
1172 2366 1287 2394 tenore
1325 2361 1364 2394 de
1401 2360 1504 2394 verbo
1534 2360 1572 2393 ad
1604 2357 1760 2393 verbum.
1791 2369 1829 2390 ac
1859 2361 1999 2403 propriis

152 2423 301 2457 ordinum
337 2422 484 2455 locorum
524 2427 554 2455 et
590 2434 807 2468 personarum
845 2421 1034 2455 earmmlem
1069 2421 1255 2455 nominibus
1293 2422 1421 2466 plenam
1459 2425 1488 2453 ct
1526 2429 1721 2464 expressam
1759 2429 1822 2451 non
1862 2419 2001 2451 l‘eeerint

152 2487 365 2517 mentionem.
397 2486 426 2515 et
457 2482 653 2527 quilmslibet
683 2484 879 2529 privileg-riis.
911 2482 1124 2525 indulgentiis
1145 2481 1424 2526 exemptionibus,
1455 2478 1656 2514 libertatibus
1685 2483 1714 2511 et
1745 2479 1999 2512 innnunitatilms

153 2555 191 2577 ac
222 2545 337 2577 litteris
374 2543 564 2587 apostolicis
593 2543 864 2588 quiluiscunnpie.
896 2541 1108 2581 dignitatibus
1137 2553 1194 2575 seu
1225 2541 1395 2575 ordinibus
1425 2552 1556 2575 eorum.
1587 2543 1617 2572 et
1648 2540 1839 2584 specialiter
1869 2541 1999 2572 t'ister-

153 2607 288 2642 ciensis,
312 2604 641 2643 Pronionstratensis,
659 2604 897 2638 Cluniaccnsis.
916 2604 1153 2645 cartusiensis,
1174 2602 1227 2635 vel
1246 2600 1522 2635 [niversitatibus
1539 2604 1569 2633 et
1592 2603 1743 2645 personis
1763 2600 1999 2643 singularibus,
