2184 2828
1056 117 1127 150 902

1044 284 1150 320 338.

171 366 358 410 Marltqraf
378 365 469 399 Karl
494 376 556 399 von
585 363 731 398 Maleren
756 364 888 407 fordert
921 363 982 395 den
1012 362 1197 395 Stadtratk
1224 373 1289 395 con
1316 363 1477 396 Jarome'i‘
1505 364 1575 406 auf,
1604 363 1683 397 dass
1717 365 1767 396 sie
1795 364 1867 397 dem
1896 363 2015 397 Bose-

173 427 304 467 miehte„
334 427 394 460 der
421 437 484 459 ron
513 426 576 458 den
609 425 764 468 dortiyen
792 424 949 467 Br'lryern
986 426 1083 455 miter
1111 422 1323 467 Amlrolmnq
1358 423 1419 456 der
1446 422 1687 468 Brandleyuny
1718 423 1804 457 Geld
1829 427 2013 468 ‹er-presset,

171 488 269 520 einen
298 486 524 529 Friedenstaq
553 484 759 521 bestimmten„
788 484 855 517 wid
883 483 965 527 falls
995 494 1033 515 er
1060 482 1116 516 ilm
1150 483 1243 516 nicht
1269 485 1441 525 annimmt,
1471 482 1650 517 denselben
1678 484 1731 517 als
1761 484 2015 518 Proslcribirten

715 544 902 588 iversolqeiz.
932 555 963 577 ο.
994 543 1038 576 D.
1069 555 1099 576 u.
1132 544 1169 577 O.
1202 543 1467 578 1333—1346.

316 596 523 659 Kai·(olus)
558 613 707 648 Marchio
742 612 940 658 Mortavie).
974 611 1249 646 Vos...ludicem
1283 612 1503 648 et..Juratos
1530 612 1802 659 Jermyren(sesj
1836 612 1933 647 nobis
1961 613 2017 647 di-

172 677 276 710 lectos
305 678 393 709 scire
425 675 589 709 volumus.
624 673 710 720 quod
745 676 829 707 sicut
858 672 990 706 lnclitus
1025 672 1176 706 dominus
1206 672 1346 706 Genitor
1379 677 1493 707 noster
1526 672 1731 716 karissimus,
1763 674 1912 708 dominus
1940 673 2017 707 Rex

173 736 320 773 Boemie,
356 734 452 769 vobis
490 733 614 778 scribit,
649 733 696 768 Ita
731 733 885 776 intellico7
922 732 1007 777 quod
1042 732 1171 777 quidam
1202 733 1372 767 maleficus
1406 737 1523 780 querat
1551 745 1570 768 a
1598 734 1792 779 quibusdam
1821 732 2016 768 Concivium

168 800 356 831 vestrorum
383 798 544 842 pecunias
572 805 645 841 per⁸
665 796 772 828 minas
803 793 945 827 incendii
979 797 1195 839 extorquere,
1231 793 1328 828 vohis
1361 793 1402 828 ad
1437 796 1542 829 instar
1574 797 1676 841 ipsius
1710 793 1878 829 Genitoris
1912 795 2018 829 nostri

168 859 370 902 precipimus
398 860 430 890 et
458 855 654 889 mandamus
683 855 848 896 volentes7
878 858 1041 898 quatenus
1069 853 1177 888 eidem
1206 854 1357 888 malefico
1385 859 1524 899 treugas
1551 857 1656 900 pacis,
1678 854 1719 889 ad
1742 865 1804 888 vos
1826 859 1900 888 eta
1918 853 2017 889 vobis

168 917 390 954 inviolabiles,
419 915 592 962 repetendi
620 926 680 961 per
708 915 846 948 formam
871 916 967 959 juris,
1002 917 1029 949 si
1065 914 1141 960 quid
1174 917 1323 948 accionis
1359 913 1420 949 sibi
1448 914 1612 949 adversus
1641 918 1826 961 quempiam
1856 914 2017 949 dictorum

169 977 298 1012 Civium
328 979 495 1022 competit,
525 975 727 1010 concedatis.
758 974 849 1016 Quas
877 977 904 1008 si
929 977 1179 1020 contempserit,
1206 979 1331 1008 extunc
1355 977 1463 1021 ipsum
1484 977 1593 1009 statim
1612 978 1864 1021 proscriptionis
1882 974 2017 1009 vinculo

168 1038 346 1080 innodetis,
376 1036 594 1082 Precipiendo
627 1035 759 1069 cuilibet
787 1039 902 1069 nostro
936 1038 1081 1078 nomine,
1117 1034 1178 1069 sub
1211 1046 1321 1069 rerum
1357 1046 1491 1070 suarum
1520 1035 1701 1081 dispendiis
1729 1040 1761 1069 et
1788 1045 1947 1082 persone,
1974 1045 2018 1069 ne

169 1101 242 1144 quis
277 1101 310 1131 in
346 1098 455 1142 aliquo
490 1108 527 1131 se
560 1107 621 1142 pro
656 1096 772 1129 eodem
806 1095 957 1129 malefico
992 1095 1033 1129 de
1065 1100 1178 1130 cetero
1206 1098 1406 1142 interponat,
1436 1100 1492 1130 aut
1519 1096 1640 1139 Judici‚
1668 1093 2018 1142 Jurat[is)‚'Jermi1--

169 1158 356 1203 [ensibus]⁷
395 1157 558 1204 prioribus
596 1161 627 1190 et
662 1156 841 1193 modernis.
879 1156 932 1189 vel
967 1159 1022 1201 qui
1056 1167 1115 1202 pro
1150 1161 1298 1202 tempore
1332 1156 1466 1199 suerint,
1502 1158 1532 1190 in
1568 1159 1738 1203 premissis
1775 1161 1819 1207 6ῐὶ
1840 1156 1925 1199 aliis,
1954 1167 2018 1202 que

168 1222 243 1265 paci
271 1223 303 1252 et
337 1217 518 1252 concordie
552 1221 664 1251 vestre
700 1216 850 1251 Civitatis
888 1221 921 1250 ct
954 1216 1084 1251 Civium
1116 1217 1338 1263 predictorum
1373 1217 1549 1262 derogant,
1583 1228 1621 1251 se
1653 1221 1810 1264 opponat⁷
1843 1219 1927 1252 sicut
1962 1227 2018 1251 res

170 1290 249 1314 suas
277 1284 310 1312 et
346 1290 524 1324 personam
560 1278 687 1312 illesam
724 1290 740 1311 a
777 1277 873 1312 nohis
902 1278 1045 1311 voluerit
1080 1288 1298 1312 conservare.
1342 1277 1427 1312 Nam
1462 1278 1548 1312 dicte
1576 1276 1724 1313 Civitatis
1753 1280 2018 1321 universitatem,

168 1342 252 1374 sicut
281 1339 418 1373 aliarum
447 1338 667 1385 quarumlibet
694 1337 832 1372 Boemie
861 1338 1037 1372 Civitatum
1070 1340 1320 1381 universitates,
1355 1341 1485 1372 statutis
1514 1338 1640 1373 Judicis
1672 1342 1704 1372 et
1731 1337 1935 1381 Juratorum‚
1964 1340 2019 1384 qui

168 1411 257 1434 nunc
285 1404 361 1434 sunt
388 1399 442 1433 vel
471 1409 531 1445 pro
560 1410 601 1432 eo
630 1403 780 1444 tempore
809 1398 942 1441 fuerint„
980 1409 1043 1442 que
1071 1398 1193 1433 honum
1222 1402 1315 1444 pacis
1344 1403 1377 1432 et
1405 1399 1586 1432 concordie
1612 1401 1803 1444 respiciunt,
1831 1403 1929 1445 prout
1955 1398 2020 1432 hoc

169 1471 229 1507 per
257 1460 465 1494 diversarum
495 1458 671 1493 Civitatum
706 1457 806 1493 Cives
840 1459 1053 1505 p(rese)ntes
1089 1470 1133 1493 ex
1161 1458 1411 1493 Deliberatione
1440 1463 1567 1493 matura
1596 1459 1765 1493 decretum
1793 1463 1842 1493 est
1871 1469 2018 1493 necces-

170 1524 259 1555 sario
288 1520 376 1558 fieri;
415 1522 463 1554 sic
497 1520 651 1554 volumus
679 1519 854 1553 intendere
883 1524 914 1553 et
946 1531 1078 1566 parere,
1114 1519 1199 1564 quod
1228 1520 1335 1554 nullus
1364 1522 1552 1554 concivium
1582 1524 1613 1553 et
1640 1519 1827 1564 vulgarium
1856 1530 1916 1565 per
1942 1521 2018 1554 sin-

167 1581 297 1626 gularia
327 1580 544 1614 Conventicla
568 1584 602 1614 et
625 1579 763 1614 consilia
788 1583 870 1626 ipsis
896 1583 929 1614 in
955 1581 1064 1626 aliquo
1089 1580 1253 1614 rebellare
1273 1584 1452 1626 presumat.
1483 1580 1525 1614 Et
1544 1583 1647 1626 siquis
1666 1582 1868 1614 contrarium
1888 1579 2017 1624 fecerit,

168 1642 257 1676 hunc
284 1641 438 1675 volumus
467 1644 555 1674 tanta
583 1639 792 1684 fidejussoria
822 1643 984 1675 cauciono
1013 1652 1114 1686 super
1141 1652 1182 1675 eo
1211 1652 1272 1687 per
1300 1640 1405 1675 dictos
1433 1640 1584 1674 Judicein
1609 1644 1642 1674 et
1659 1639 1795 1674 Juratos
1820 1642 2016 1684 constringi,

168 1712 233 1747 que
269 1712 329 1747 pro
362 1700 461 1735 rebus
496 1703 564 1735 suis
600 1700 698 1734 nobis
733 1700 874 1734 sufficiat
908 1705 941 1735 et
975 1712 1131 1747 persona.
1171 1701 1274 1747 Sique
1308 1703 1495 1734 constiterit
1528 1703 1562 1735 in
1595 1700 1750 1744 futurum,
1786 1700 1872 1745 quod
1901 1700 2018 1746 aliquis

168 1761 393 1809 predictorum
423 1761 552 1795 Civium
580 1759 873 1807 kima-(ensium)
902 1763 1131 1807 cujuscunque
1156 1764 1298 1808 pecunie
1324 1765 1377 1795 aut
1401 1764 1450 1795 rei
1475 1760 1687 1795 exhibicione
1705 1760 1888 1806 predictum
1909 1760 2018 1794 male-

168 1822 265 1857 ficum
293 1822 465 1868 placuerit,
494 1832 555 1868 per
582 1821 645 1855 hoc
672 1832 732 1867 pre
761 1822 834 1856 aliis
863 1821 951 1856 bona
980 1833 1040 1857 sua
1069 1821 1109 1855 ab
1135 1821 1298 1856 incendiis
1324 1824 1475 1856 eximere
1498 1832 1618 1856 curans
1641 1825 1674 1855 et
1693 1820 1839 1864 salvare‚
1863 1820 2018 1864 eundem⁷

168 1894 212 1917 ne
239 1885 344 1929 ipsius
373 1885 543 1928 exemptio
572 1882 681 1916 multis
715 1885 746 1916 in
779 1882 932 1929 laqueum
967 1886 1115 1916 transeat
1149 1886 1181 1916 et
1215 1882 1373 1936 abusum2
1403 1882 1618 1916 consimiliter
1644 1885 1677 1915 ut
1704 1881 1900 1927 predictum,
1929 1891 2018 1915 con-

168 1946 285 1988 stringi
313 1943 508 1977 mandamus
536 1942 747 1987 fidejussoria
776 1946 950 1977 caucione.
981 1943 1112 1978 Datum.

477 2004 590 2035 (Jacobi
615 2005 678 2031 cod.
704 2005 812 2039 epistol.
837 2004 970 2031 Johannis
994 2006 1068 2039 regis
1092 2005 1245 2031 Bohemiae.
1273 2006 1299 2031 S.
1327 2005 1375 2031 64.
1403 2012 1427 2030 n.
1456 2004 1542 2038 153.)

1042 2150 1148 2185 339.

168 2227 358 2272 Marquaf
378 2227 470 2261 Karl
492 2228 628 2271 fordert
656 2228 766 2272 einiye
788 2228 926 2272 Bilryer
953 2229 1024 2271 auf,
1054 2228 1134 2261 dass
1161 2229 1212 2261 sie
1239 2230 1356 2261 semen
1383 2226 1574 2272 schriftlick
1601 2227 1847 2271 mitgetkeilten
1869 2226 2017 2262 Wunsch

579 2299 622 2321 zu
650 2287 832 2330 besordern
861 2287 1030 2322 trachten.
1066 2299 1098 2321 ο.
1128 2288 1173 2322 D.
1202 2299 1233 2321 τι.
1266 2288 1304 2322 0.
1338 2285 1602 2322 1333-1346.

315 2338 525 2402 hadolus]
559 2357 681 2391 domini
715 2361 806 2401 regis
842 2362 875 2391 et
909 2361 974 2391 cet.
1005 2377 1051 2382 ——
1081 2357 1299 2392 Prudenciam
1334 2362 1481 2392 vestram
1510 2367 1585 2390 cum
1614 2355 1733 2390 fiducia
1761 2358 1958 2401 requirimus
1985 2358 2018 2389 et

169 2417 349 2460 hortamur,
378 2422 413 2451 ut
441 2422 556 2452 nostre
584 2419 766 2451 intencioni
789 2419 887 2462 juxta
916 2429 968 2464 ea7
997 2429 1061 2464 que
1088 2418 1185 2452 vobis
1221 2421 1426 2464 scripsimus,
1460 2427 1536 2459 vos,
1565 2419 1650 2450 sicut
1679 2416 1719 2450 de
1748 2415 1844 2450 vobis
1872 2415 2017 2450 confidi-

170 2489 254 2521 mus,
284 2477 440 2511 benivole
469 2478 696 2521 conformetis,
726 2489 785 2524 pro
814 2489 879 2523 quo
907 2479 1096 2524 specialiter
1123 2489 1184 2512 nos
1214 2478 1376 2512 habebitis
1405 2477 1444 2511 ad
1474 2487 1525 2519 ea,
1556 2487 1618 2522 que
1642 2481 1789 2510 vestrum
1814 2480 1846 2509 et
1865 2475 2016 2510 Civitatis

168 2542 284 2572 vestre
312 2538 520 2572 commodum
549 2542 581 2572 et
607 2537 768 2572 honorem
797 2541 988 2584 respiciunt,
1019 2538 1175 2573 benivole
1204 2539 1388 2573 inclinatos.
1418 2536 1536 2571 Datum
1565 2542 1597 2571 et
1625 2541 1706 2571 cetr.

479 2599 590 2632 (Jacobs
613 2600 675 2627 cod.
701 2600 808 2634 epistol.
833 2600 966 2626 ,iohannis
989 2609 1048 2634 reg.
1074 2601 1226 2626 Bobemiae.
1251 2601 1279 2627 S.
1307 2599 1353 2632 18.
1379 2607 1404 2625 n.
1430 2598 1497 2633 37.)
