2184 2828
1085 102 1104 134 5

324 220 483 254 Volentes
513 219 632 253 dudum
661 219 806 253 ecclesie
835 218 1048 252 Olomucensi
1084 220 1112 251 si
1148 222 1227 251 tunc
1261 217 1413 251 vacabat.
1444 218 1497 251 vel
1526 221 1764 264 quamprimum
1794 229 1867 252 eam
1896 229 2022 252 vacare

171 284 380 326 contingeret
407 280 448 314 de
476 290 619 326 persona
648 279 781 325 ydonea
810 290 870 325 per
897 279 1008 313 sedem
1038 278 1252 324 apostolicam
1272 279 1452 324 provideri.
1475 290 1519 312 ex
1547 278 1608 312 hiis
1637 283 1668 312 et
1688 279 1760 312 aliis
1781 282 1880 312 certis
1909 281 2021 312 causis

170 341 415 376 rationabilibus
444 352 507 386 que
536 340 576 374 ad
604 339 635 373 id
664 345 812 373 nostrum
847 340 1046 373 induxerunt
1081 342 1222 372 animum
1258 341 1486 384 provisionem
1516 339 1663 373 eiusdem
1694 339 1837 373 ecclesie
1865 338 1961 373 nobis
1990 343 2022 372 et

170 402 276 437 eidem
318 401 389 435 sedi
431 412 470 435 ea
506 403 583 434 vice
625 400 777 434 duximus
818 403 1011 434 auctoritate
1049 400 1230 445 apostolica
1265 399 1455 445 specialiter
1488 399 1741 443 reservandam,
1775 399 1902 433 dilectis
1946 400 2021 433 tiliis

170 462 319 508 Capitulo
348 464 449 508 ipsius
478 461 623 495 ecclesie
658 465 689 494 et
718 462 790 494 aliis
819 461 858 494 ad
889 472 971 507 quos
999 461 1079 494 alias
1109 460 1239 502 electio,
1268 460 1456 506 postulatio,
1477 461 1531 494 vel
1551 463 1668 505 quevis
1689 463 1836 506 provisio
1857 461 2021 494 Antistitis

170 523 316 558 eiusdem
353 522 495 556 ecclesie
530 524 729 568 pertineret,
768 533 811 555 ne
846 521 884 555 ad
923 522 1137 563 electionem,
1173 521 1446 566 postulationem,
1482 521 1537 554 vel
1570 524 1798 567 provisionem
1835 520 2022 554 huiusmodi

169 584 391 630 procederent
432 582 650 628 quovismodo
687 582 866 616 districtius
902 581 1106 623 inhibentes,
1145 592 1184 614 ac
1227 581 1448 615 decernentes
1483 586 1603 615 extunc
1639 584 1764 615 irritum
1801 585 1832 615 et
1864 584 1964 615 inane
1993 583 2021 615 si

170 656 269 680 secus
309 655 369 690 per
409 654 635 690 quoscumque
670 646 788 688 quavis
825 646 1018 677 auctoritate
1054 645 1201 676 scienter
1240 642 1297 676 vel
1338 644 1532 686 ignoranter
1567 653 1667 688 super
1708 642 1771 676 hoc
1812 644 2023 686 contingeret

170 707 365 751 attemptari,
394 704 602 750 postmodum
631 708 739 737 autem
769 703 809 736 ad
838 709 983 737 nostram
1011 703 1152 736 deducto
1181 705 1347 745 noticiam,
1376 702 1463 748 quod
1493 702 1610 736 eadem
1640 703 1781 737 ecclesia
1810 714 1871 749 per
1899 702 2022 736 obitum

169 766 222 800 bo.
253 777 317 799 me.
347 765 518 811 Hyriconis
546 764 702 810 Episcopi
733 763 975 806 Olomucensis,
1005 767 1057 809 qui
1086 763 1212 809 pridem
1242 766 1273 797 in
1308 763 1456 809 partibus
1485 763 1546 797 illis
1575 763 1660 796 diem
1690 764 1807 797 clausit
1836 768 2021 797 extremum

169 826 325 861 vacabat.
355 825 426 860 Nos
455 825 561 859 eidem
591 825 737 858 ecclesie
765 825 806 858 de
834 830 968 870 pastore
995 824 1126 858 idoneo.
1156 835 1199 858 ne
1226 824 1349 858 diutine
1369 827 1557 867 vacationis
1577 823 1785 858 subiceretur
1803 823 2023 858 incommodis

169 887 349 934 providere
377 886 542 929 volentes,
572 890 603 920 et
638 885 678 919 ad
714 890 745 919 te
782 889 984 931 prepositum
1019 885 1164 919 ecclesie
1199 885 1495 929 W'issegradensis
1528 896 1632 931 prope
1661 885 1801 929 Pragam
1841 884 2022 929 dirigentes

169 951 319 982 intuitum
345 950 463 981 mentis
484 951 597 981 nostre
618 946 658 980 de
688 958 830 992 persona
861 951 912 979 tua
943 946 1093 979 duximus
1122 945 1228 979 eidem
1259 946 1402 979 ecclesie
1432 945 1472 978 de
1501 945 1635 979 fratrum
1667 951 1852 979 nostrorum
1883 945 2022 979 consilio

169 1011 366 1043 auctoritate
401 1008 584 1054 apostolica
621 1006 874 1053 providendum.
914 1012 945 1040 te
979 1007 1022 1040 illi
1056 1006 1269 1052 preficientes
1304 1009 1336 1040 in
1373 1006 1574 1052 Episcopum
1611 1011 1641 1039 et
1678 1006 1869 1049 Pastorem,
1900 1006 2022 1050 tibique

170 1069 487 1104 administrationem
518 1068 664 1102 eiusdem
694 1071 725 1101 in
756 1067 980 1113 spiritualibus
1009 1072 1039 1101 et
1075 1067 1304 1113 corporalibus
1338 1068 1487 1112 plenarie
1517 1070 1769 1100 committentes.
1826 1066 1918 1100 Sane
1946 1069 2022 1111 quia

168 1130 295 1164 litteras
322 1132 525 1176 provisionis
553 1128 738 1162 huiusmodi
768 1128 850 1162 adeo
879 1128 1032 1162 celeriter
1058 1133 1092 1162 ut
1121 1128 1267 1174 expedit,
1298 1127 1353 1161 tibi
1384 1133 1415 1161 et
1445 1127 1550 1161 eidem
1579 1127 1721 1161 ecclesie
1741 1127 1866 1161 hahere
1887 1127 2023 1161 forsitan

171 1202 239 1226 non
267 1190 411 1233 valeres,
441 1201 503 1224 nos
532 1193 703 1235 cupientes
732 1192 794 1223 tuis
824 1194 854 1223 et
884 1193 986 1235 ipsius
1015 1190 1158 1223 ecclesie
1187 1189 1326 1223 obviare
1354 1188 1586 1229 incommodis,
1617 1199 1680 1233 qne
1704 1193 1840 1234 propter
1866 1188 2023 1222 diutinam

170 1254 295 1298 proprii
331 1253 473 1297 pastoris
511 1253 691 1284 carentiam
728 1253 923 1293 sustineret,
961 1249 1016 1284 tibi
1053 1250 1138 1295 quod
1173 1251 1251 1284 licet
1284 1250 1412 1283 litteras
1450 1249 1536 1283 dicte
1564 1251 1764 1295 provIsionis
1802 1260 1867 1283 non
1898 1248 2023 1282 habeas

171 1323 235 1347 nec
263 1312 421 1346 ostendas
450 1322 556 1356 usque
585 1311 626 1345 ad
656 1323 718 1345 sex
747 1322 880 1345 menses
909 1323 927 1345 a
956 1311 1009 1345 die
1037 1311 1111 1345 date
1138 1313 1343 1357 presentium
1365 1311 1604 1356 computandos
1625 1310 1664 1344 ad
1685 1310 1824 1344 eandem
1845 1310 2023 1344 ecclesiam

171 1376 282 1419 possis
311 1372 474 1407 accedere
503 1384 542 1405 ac
570 1375 672 1418 ipsius
699 1377 729 1406 et
755 1371 915 1405 bonorum
936 1374 1007 1405 eius
1027 1372 1242 1417 spiritualium
1264 1376 1293 1405 et
1317 1372 1543 1417 temporalium
1563 1383 1625 1417 per
1644 1376 1674 1405 te
1696 1376 1836 1416 tuosque
1856 1370 2024 1411 VicariOS,

172 1433 351 1476 officiales,
386 1437 631 1479 procuratores,
670 1437 702 1466 et
736 1436 902 1466 ministros
941 1432 1257 1466 administrationem
1295 1435 1468 1478 suscipere
1496 1443 1535 1466 ac
1563 1443 1695 1477 gerere.
1753 1431 2024 1466 Contradictores

173 1499 238 1529 etc.
268 1506 331 1528 nec
360 1505 426 1528 non
456 1498 488 1527 et
515 1494 624 1527 dilecti
655 1494 708 1527 tilii
739 1492 921 1539 Capitulum
951 1498 982 1526 et
1010 1493 1144 1527 vassalli
1172 1498 1205 1527 et
1240 1493 1359 1527 subditi
1395 1493 1541 1527 eiusdem
1572 1493 1717 1527 ecclesie
1745 1492 1802 1527 tibi
1831 1497 1861 1526 et
1899 1492 2025 1526 eisdem

171 1558 307 1590 vicariis
335 1554 531 1588 officialibus
561 1554 831 1600 procuratoribus
861 1559 891 1587 ct
922 1557 1076 1587 ministris
1104 1553 1241 1588 obedire
1270 1559 1458 1597 teneantur,
1488 1554 1623 1588 valeant
1650 1558 1683 1588 et
1711 1553 1751 1587 de
1778 1556 1880 1600 ipsius
1900 1553 2026 1587 iuribus

172 1616 321 1662 plenarie
348 1615 565 1661 respondere,
597 1615 650 1649 fel.
689 1626 756 1648 rec.
788 1614 950 1648 Bonis-acii
981 1614 1043 1648 ΡΡ.
1073 1614 1161 1649 VIII.
1190 1615 1441 1661 predecessorIS
1478 1617 1583 1648 nostri
1612 1619 1643 1648 et
1673 1613 1817 1660 qualibet
1845 1614 1908 1648 alia
1937 1626 2026 1648 con-

174 1679 342 1711 stitutione
370 1679 534 1710 contraria
563 1687 628 1709 non
657 1675 811 1709 obstante
839 1676 967 1721 plenam
997 1674 1051 1708 tibi
1079 1680 1195 1710 tenore
1213 1670 1418 1722 presentium
1438 1675 1651 1710 concedimus
1671 1675 1873 1709 facultatem.
1903 1674 2023 1709 Datum

171 1737 342 1772 Avinione
370 1736 443 1771 1111.
474 1736 550 1770 Idus
578 1736 704 1782 Aprilis
735 1747 822 1769 anno
850 1735 972 1769 XYlll.

483 1816 554 1848 (Ans
589 1815 648 1840 dem
678 1814 751 1849 θήρ.
782 1815 897 1848 Regeste
927 1814 1026 1848 Papst's
1056 1814 1137 1840 xxii.
1167 1814 1240 1841 Jahr.
1272 1815 1366 1841 xvm-
1399 1816 1426 1841 S.
1459 1814 1517 1841 217
1551 1815 1592 1841 ΒΓ.
1629 1814 1718 1841 1097.
1754 1816 1786 1841 im
1817 1814 2023 1841 Vaticanis-chon

587 1867 702 1892 Archive
726 1867 937 1896 abffesrhricben
962 1866 1006 1892 Dr*
1031 1866 1058 1892 B.
1083 1866 1195 1900 Dudik.)

1077 1987 1116 2022 7.

175 2072 283 2117 Papsl
310 2072 445 2106 Johmm
475 2071 598 2105 XXII.
629 2072 771 2116 erosfnel
802 2072 871 2104 ilem
903 2071 1045 2115 Ii'apilel
1078 2071 1143 2104 und
1181 2071 1242 2104 den
1286 2071 1444 2105 Vas-allen
1474 2072 1535 2104 der
1574 2071 1745 2105 Olmeilzer
1772 2070 1913 2113 Isirclee,
1943 2070 2024 2104 (lass

176 2143 214 2165 er
240 2133 302 2167 den
337 2132 567 2177 tt'yffehrmlez·
595 2132 720 2176 Props!
749 2132 885 2165 doleam!
916 2132 968 2163 uls
1007 2130 1157 2175 Be'sehof
1185 2144 1245 2165 ron
1278 2132 1409 2166 Olmiilz
1446 2131 1609 2176 hesimus!
1638 2132 1709 2164 leat.
1766 2131 1825 2165 Dt.
1855 2131 2024 2165 Avinione

729 2192 790 2226 Il'.
822 2192 900 2225 Idus
929 2191 1062 2235 Aprilis
1094 2192 1176 2233 (10.
1206 2193 1329 2237 April)
1363 2192 1473 2226 1334.

328 2268 520 2322 «lohannes
548 2288 733 2334 Episcopus
754 2288 881 2321 Servus
903 2287 1082 2321 Servorum
1104 2287 1166 2321 Dei
1196 2287 1323 2322 dilectis
1352 2287 1424 2321 liliis
1446 2287 1593 2333 Capitulo
1623 2286 1768 2321 ecclesie
1788 2286 2023 2321 Olomucensis

177 2346 324 2381 Salutem
352 2353 383 2382 et
411 2349 637 2394 Apostolicam
667 2348 950 2382 Bcnedictionem.

333 2407 490 2443 Volentes
518 2409 636 2442 dudum
663 2409 806 2443 ecclesie
832 2409 1043 2442 (llomucensi
1063 2413 1125 2442 etc.
1149 2413 1181 2441 ut
1202 2419 1300 2454 supra
1322 2408 1433 2442 verbis
1453 2412 1680 2453 competenter
1695 2410 1839 2442 mutatis.
1858 2408 2022 2449 Quocirca

176 2467 365 2502 discretioni
408 2475 519 2503 vestre
560 2481 620 2516 per
662 2470 844 2516 apostolica
888 2471 1007 2514 scripta
1049 2469 1264 2511 mandamus,
1307 2472 1458 2514 quatmus
1494 2468 1635 2502 eundem
1672 2468 1821 2502 Electum
1853 2468 2022 2513 dictosque

178 2527 348 2562 Vicarios.
385 2528 561 2572 officiales,
598 2534 851 2576 procuratores.
889 2533 919 2562 et
954 2531 1120 2563 ministros
1153 2531 1325 2575 premissis
1362 2540 1427 2562 non
1465 2527 1670 2563 obstantibus
1705 2540 1809 2574 usquc
1847 2529 1887 2562 ad
1917 2529 2022 2562 dictos

177 2599 309 2623 menses
338 2594 368 2622 et
398 2594 520 2623 extunc
549 2593 645 2623 etiam
675 2595 847 2636 postquam
877 2589 980 2623 dictas
1008 2589 1132 2623 litteras
1161 2591 1374 2635 provisionis,
1411 2593 1443 2622 ut
1474 2593 1523 2623 est
1558 2592 1670 2633 moris,
1700 2589 1889 2623 exhibuerit
1917 2600 2024 2623 reve-
