2184 2828
991 97 1064 131 967

110 217 140 249 in
170 219 264 248 metis
296 217 434 259 vngarie
463 214 548 248 nulla
579 216 695 261 spolia.
725 214 810 248 nulla
841 215 981 260 dampna
1011 219 1043 248 et
1072 213 1112 247 de
1140 216 1295 247 uniuerso
1325 226 1344 248 11
1374 226 1439 261 pax
1470 214 1591 248 turbari
1622 216 1731 250 ualeat
1760 219 1950 250 committa-

107 278 156 309 tis.
186 275 389 309 Intendimus
417 278 502 308 enim
532 278 607 309 totis
637 286 708 309 eam
739 274 862 309 uiribus
891 274 1083 309 obseruare.

924 386 978 419 De
1003 387 1129 420 eodem.

259 454 337 488 Cum
373 455 550 489 concordia
587 458 671 489 inter
708 455 873 489 dominnm
908 456 945 489 L.
981 460 1012 489 et
1043 455 1186 489 inclitum
1225 467 1337 500 reqem
1382 457 1527 502 l'nyare‘e,
1563 462 1660 503 atque
1689 470 1750 492 nos
1780 463 1949 505 perpetuis

105 515 446 560 vtrinque.seruanda
468 515 668 561 temporibus
697 518 737 549 sit
767 521 828 549 tam
860 519 989 549 sincere
1011 521 1140 562 tamque
1165 516 1302 551 firmiter
1321 517 1459 551 stabilita
1482 523 1513 552 ut
1532 530 1595 563 que
1616 519 1734 553 dudum
1755 531 1949 564 guerrarum

105 575 238 609 condito
266 575 378 610 nubilo
407 587 473 622 pax
501 576 623 610 latebat
658 577 745 610 uelut
781 577 895 611 inediis
930 581 1028 610 exuta
1065 576 1210 611 tenebris
1239 578 1392 612 claustris
1423 580 1517 613 solite
1552 579 1717 613 discordie
1758 591 1796 613 ea
1832 592 1951 614 secure

104 647 140 670 se
169 636 282 670 facere
310 636 417 670 ualeat
446 637 667 681 manifestam„
696 637 891 671 Mandamus
920 637 973 671 tibi
1003 642 1164 683 quatenus
1193 649 1253 684 per
1282 642 1390 672 omnia
1412 639 1481 673 fora
1502 643 1674 686 prouineie
1695 641 1797 675 l'acias
1818 640 1948 686 publice

104 697 302 742 proclamari
338 696 423 742 quod
459 697 565 731 nullus
604 697 643 731 de
680 703 794 731 cetero
830 701 877 731 ire
913 709 1118 744 quocumque
1151 699 1292 732 uoluerit
1325 700 1516 734 reformidet
1545 701 1723 735 reddantur
1758 704 1825 735 suis
1854 705 1950 735 tectis

103 761 135 790 et
167 760 257 801 agris
291 757 411 802 singuli
449 757 599 791 absentet
641 769 677 791 se
717 761 811 792 timor
848 758 979 803 quilibet
1018 763 1051 793 et
1084 759 1123 792 ad
1166 763 1299 805 propria
1334 761 1577 805 procurandum
1614 762 1785 795 commoda
1823 767 1951 796 exeant

105 820 250 851 uniuersi
293 817 451 863 deinceps
494 830 556 852 nec
594 830 659 852 non
695 818 857 864 oportebit
895 822 990 864 ignes
1029 825 1244 866 prospectare
1279 820 1519 866 fumigugeros.
1558 834 1618 856 nec
1648 822 1788 856 sollicite
1819 823 1950 856 cautele

103 878 295 923 spectacula
324 881 450 912 ineerta
480 883 703 924 suspectaque
732 880 878 925 pericula
908 880 1068 914 deuitare.

925 993 1152 1027 E.1·eeu!0re'e.

259 1059 301 1094 E.
338 1059 400 1093 Dei
437 1063 550 1105 gracia
592 1064 761 1095 vniuersis
795 1066 860 1096 etc.
903 1067 1013 1096 notum
1055 1063 1194 1097 facimus
1236 1063 1382 1098 fidelitati
1415 1069 1526 1098 uestre
1561 1065 1646 1111 qnod
1676 1076 1737 1099 nos
1767 1065 1880 1099 confisi
1911 1066 1951 1099 de

104 1119 282 1166 prudencia
312 1125 343 1154 et
371 1121 538 1165 legalitate
568 1120 671 1155 tidelis
699 1124 804 1156 nostri
833 1121 873 1155 de
901 1125 994 1156 cuius
1023 1122 1086 1156 fide
1114 1127 1145 1156 et
1173 1122 1376 1156 sufficiencia
1406 1122 1569 1156 laudabile
1600 1125 1819 1157 testimonium
1848 1134 1949 1157 sere—

102 1183 187 1215 nitas
216 1185 329 1215 nostra
358 1184 495 1228 recepit.
526 1181 761 1216 aduocacionis
790 1182 932 1216 officium
963 1185 994 1216 in
1024 1186 1121 1217 terris
1157 1186 1279 1216 nostris
1308 1183 1414 1216 eidem
1445 1183 1599 1217 duximus
1634 1183 1884 1218 concedendum
1917 1189 1948 1217 ut

102 1241 177 1275 illud
207 1241 246 1275 ad
275 1241 434 1275 bonorem
465 1247 495 1275 et
524 1242 710 1276 fidelitatem
732 1248 880 1277 nostram
902 1243 1020 1277 debeat
1044 1244 1183 1278 fideliter
1210 1255 1376 1277 exercere
1404 1255 1466 1289 qua
1496 1248 1629 1290 propter
1657 1244 1804 1278 fidelitati
1835 1249 1947 1279 vestre

103 1302 295 1336 mandamus
314 1307 476 1348 quatenus
498 1307 669 1349 postquam
699 1303 793 1337 nobis
823 1305 838 1347 (
943 1305 958 1348 ]
998 1307 1184 1338 constitutis
1225 1315 1285 1349 per
1318 1304 1443 1338 litteras
1482 1307 1651 1338 iusticiarii
1673 1308 1819 1349 regionis
1840 1308 1946 1351 ipsum

102 1362 265 1397 fidelitatis
285 1367 316 1396 et
335 1363 433 1397 officii
454 1363 548 1397 nobis
577 1366 764 1410 prestitisse
794 1363 935 1398 debitum
965 1367 1182 1398 iuramentum
1212 1364 1252 1398 de
1280 1364 1431 1398 omntbns
1460 1377 1523 1411 que
1549 1365 1587 1399 ad
1609 1365 1750 1398 otl'icium
1781 1369 1950 1410 pertinere

102 1428 283 1457 noscuntur
310 1424 485 1458 intendatis
514 1429 546 1458 et
574 1427 718 1470 pareatis
747 1425 853 1458 eidem
883 1430 1037 1471 tanquam
1068 1426 1229 1459 aduocato
1258 1428 1403 1460 interris
1424 1429 1504 1472 ipsis
1525 1437 1584 1472 per
1603 1430 1748 1460 nestram
1772 1427 1949 1460 excellen-

102 1486 186 1518 ciam
217 1487 407 1518 constitute.

768 1572 822 1605 De
851 1573 977 1606 eodem.
1010 1573 1279 1617 (Ea-eeatorie.)

256 1640 335 1675 Cum
366 1646 440 1688 post
468 1641 590 1675 sedatis
620 1644 681 1675 iam
711 1641 828 1675 fluctus
857 1641 974 1675 bellice
1010 1645 1215 1687 tempestatis
1245 1654 1308 1688 qne
1336 1642 1497 1676 hactenus
1526 1654 1543 1676 a
1573 1646 1625 1676 nia
1661 1646 1827 1676 contraria
1867 1644 1943 1676 cul-

103 1705 166 1734 tum
203 1704 295 1747 pacis
329 1706 360 1735 et
396 1702 533 1735 fructum
568 1705 695 1736 iusticie
733 1707 941 1747 peruertcrat
976 1706 1130 1748 precipua
1161 1714 1221 1736 nos
1252 1714 1330 1736 cura
1359 1704 1509 1737 sollicitat
1541 1704 1678 1749 qualiter
1706 1706 1795 1737 circa
1826 1703 1944 1737 bonum

101 1765 220 1795 statum
250 1765 397 1806 regionis
426 1765 527 1808 ipsius
556 1762 615 1796 sub
645 1762 758 1796 vinbra
788 1766 890 1796 nostri
921 1763 1053 1797 dominii
1083 1764 1324 1809 tranquillitatis
1359 1768 1389 1797 et
1419 1764 1516 1810 plene
1545 1767 1731 1798 securitatis
1761 1764 1948 1810 profectura

101 1822 281 1856 succedant
310 1834 391 1856 ecce
421 1822 547 1856 tidelem
578 1827 724 1856 nostrum
755 1824 948 1857 familiarem
979 1829 1007 1857 et
1039 1824 1165 1857 tidelem
1197 1824 1236 1857 de
1265 1827 1358 1858 cuius
1386 1825 1564 1870 prudencia
1595 1829 1626 1858 et
1661 1824 1829 1867 legalitate
1863 1836 1947 1858 con-

101 1881 227 1916 fidimus
264 1886 294 1916 in
333 1887 539 1929 capitaneum
575 1886 718 1929 ipsarum
753 1887 898 1929 parcium
935 1884 1087 1918 duximus
1117 1885 1323 1918 statuendum
1361 1888 1391 1918 in
1421 1896 1484 1929 quo
1513 1896 1593 1918 casu
1622 1884 1717 1918 nobis
1746 1889 1946 1931 precipimus

103 1942 296 1977 mandamus
325 1948 486 1989 quatenus
517 1943 557 1977 de
585 1943 737 1977 omnibus
766 1945 904 1988 singulis
933 1956 995 1989 qne
1024 1945 1063 1978 ad
1099 1948 1202 1990 ipsius
1231 1948 1395 1990 capitanei
1424 1946 1488 1979 dati
1525 1950 1557 1979 et
1586 1949 1831 1979 iusticiaritatus
1869 1946 1947 1980 oll'i-

101 2005 185 2036 cium
215 2009 368 2048 spectare
398 2009 578 2038 noscuntur
605 2004 711 2038 eidem
741 2005 782 2037 de
810 2009 922 2038 cetero
952 2005 990 2038 ad
1021 2005 1179 2039 honorem
1215 2010 1247 2039 et
1275 2005 1461 2040 fidelitatem
1492 2011 1637 2040 nostram
1667 2006 1788 2040 deuote
1824 2018 1943 2052 parere

102 2066 135 2095 et
161 2064 332 2098 intendere
360 2065 518 2098 studeatis
548 2069 701 2110 tanquam
730 2068 904 2110 capitaneo
939 2070 971 2099 et
1005 2068 1185 2099 iusticiario
1216 2069 1358 2112 ipsarum
1388 2071 1534 2113 parcium
1564 2078 1623 2112 per
1651 2072 1796 2101 nostram
1827 2069 1946 2101 excet-

57 2123 61 2126 '
101 2123 242 2156 lenciam
271 2125 465 2159 ordinando.

768 2203 820 2236 De
849 2204 972 2238 eodem,
1008 2204 1277 2246 (Ereenlorie.)

256 2269 373 2305 Notum
403 2272 542 2307 facimus
572 2272 715 2306 fidelitati
746 2277 858 2306 vestre
886 2273 970 2318 quod
1000 2274 1115 2307 conlisi
1145 2274 1185 2307 de
1214 2274 1404 2320 prudencia.
1426 2275 1468 2309 Λ.
1491 2278 1641 2309 conuiuis
1670 2279 1772 2309 vestri
1793 2276 1834 2309 de
1853 2279 1945 2310 euius

102 2329 164 2363 lide
202 2334 233 2363 et
269 2330 470 2366 sulliciencia
504 2333 666 2367 laudabile
703 2336 923 2367 testimonium
960 2346 1019 2379 per
1056 2339 1185 2368 nostras
1221 2335 1344 2368 litteras
1380 2339 1565 2381 recepimus
1603 2341 1739 2382 recepto
1774 2336 1814 2370 ab
1845 2348 1884 2370 eo
1915 2340 1944 2370 in

101 2394 191 2424 curia
228 2394 316 2424 iuxta
355 2397 498 2427 nostram
537 2393 808 2428 consuetudinem
854 2394 1015 2428 fidelitatis
1060 2399 1091 2428 et
1134 2395 1232 2428 ollicii
1268 2395 1375 2429 debito
1414 2399 1609 2439 iurmnento,
1653 2399 1757 2442 ipsum
1805 2397 1943 2430 indicem

103 2455 249 2485 vestrum
281 2462 339 2497 per
367 2456 466 2486 totam
495 2458 696 2500 prouinciam
726 2454 878 2487 duximus
907 2454 1116 2488 statuendum
1139 2455 1283 2489 tidelitati
1312 2461 1421 2490 nesti-e
1442 2456 1633 2490 mandantes
1654 2461 1814 2502 qnatenus
1836 2457 1942 2490 eidem

105 2510 188 2545 fideli
219 2517 333 2546 nostro
363 2515 393 2545 in
423 2514 573 2549 omnibus
603 2527 665 2560 que
694 2515 730 2549 ad
762 2518 864 2561 ipsius
894 2518 1076 2549 insticiatus
1097 2516 1240 2549 officium
1270 2522 1422 2562 spectare
1443 2521 1625 2550 noscuntur
1653 2517 1692 2551 ad
1722 2517 1880 2551 honorem
1912 2523 1942 2551 et

102 2570 290 2606 fidelitatem
321 2577 464 2606 nostram
495 2574 534 2608 de
562 2580 674 2609 cetero
704 2575 879 2609 intendatis
909 2580 1062 2621 tanquam
1093 2576 1189 2610 iudici
1219 2588 1278 2623 per
1306 2583 1450 2611 nostram
1480 2578 1699 2623 exellenciam
1729 2578 1890 2612 ordinato.

1740 2638 1818 2665 1221ι
