2184 2828
1008 124 1081 160 203

124 245 187 279 sibi
215 244 323 287 fuerit,
344 244 450 278 simile
470 253 581 277 coram
603 242 697 277 nobis
718 246 917 289 prestauerit
937 246 1166 283 iuramentuiin
1197 241 1284 288 qvod
1305 245 1409 276 eciam
1431 247 1675 288 consequenter
1694 254 1804 277 coram
1833 243 1966 278 domino

124 309 281 351 episcopo
325 308 356 337 et
396 303 538 350 capitulo
575 302 787 338 Olomucensi
827 304 982 350 prestabit
1017 308 1163 349 tempore
1197 307 1394 348 opportuno.
1450 303 1491 337 Et
1525 303 1587 338 hoc
1623 304 1678 338 fiat
1715 315 1774 350 per
1816 305 1966 349 singulos

125 367 330 411 purgrauios‚
368 367 538 409 quociens,
568 368 600 398 et
628 364 758 409 quando
786 367 875 410 ipsos
903 366 1102 409 contingerit
1129 366 1264 397 variari.
1294 363 1513 397 Promittimus
1542 367 1646 398 eciam
1672 364 1790 398 dictum
1825 370 1967 398 castrum

124 426 200 460 nulli
234 436 388 471 vmquam
425 423 599 467 baronum,
634 423 802 467 nobilium,
839 436 897 459 scu
936 425 1138 458 dominorum
1174 427 1409 470 cuiuscumque
1444 435 1587 470 persone
1616 425 1777 470 obligarQ
1808 425 1966 459 vendere.

124 486 270 519 alienare
299 485 351 519 uel
385 484 476 527 (11110,
512 484 571 519 sed
606 485 825 531 personaliter
859 487 962 530 ipsum
998 490 1123 527 tenere,
1158 485 1235 518 nulli
1271 487 1375 518 eciam
1411 489 1618 530 preterquam
1655 486 1716 520 soli
1752 485 1965 520 Olomucensi

121 546 267 580 ecclesie
295 548 322 579 si
350 545 511 591 placuerit
538 549 682 579 castrum
712 548 817 591 ipsum
846 545 940 579 nobis
969 546 1092 579 donare
1119 545 1241 580 licebit.
1272 545 1309 579 Si
1337 556 1420 579 vero
1445 545 1541 579 alieni
1569 557 1712 591 persone
1741 549 1968 591 cuiuscunque

122 608 383 653 preelnineiicie‚
418 606 472 640 uel
505 610 609 640 status
645 609 778 648 existat,
813 605 922 640 datum
957 606 1055 640 fuerit
1088 606 1142 640 uel
1173 605 1353 650 obligatum
1387 616 1447 640 seu
1482 606 1663 643 venditum.
1700 612 1825 641 extunc
1859 610 1967 641 statim

121 670 194 713 ipso
221 666 309 700 facto
339 666 377 700 ad
407 666 526 700 dictam
553 665 808 700 Olomucensem
835 667 1013 700 ecclesiam
1042 666 1144 700 libere
1172 671 1367 710 reuertatur,
1396 666 1491 700 nobis
1516 666 1693 701 heredibus
1722 673 1753 702 et
1783 679 1968 702 successo-

121 727 211 762 ribus
252 729 375 761 nostris
417 727 457 761 de
497 726 711 761 rehabicione
752 729 851 760 castri
887 729 988 773 ipsius
1029 727 1148 761 nullam
1189 738 1281 773 spem
1322 727 1481 774 deinceps
1522 729 1753 774 inperpetuum
1795 728 1967 763 habituris.

122 787 284 822 Premissa
312 790 411 833 igitur
439 790 547 822 omnia
577 792 609 822 et
635 787 766 832 singula
795 787 858 821 fide
886 791 1019 833 prestita
1047 790 1178 822 nomine
1205 790 1380 822 iuramenti
1409 798 1468 834 pro
1497 788 1630 822 domino
1665 791 1818 834 genitore
1854 794 1968 824 nostro

121 848 227 891 nobis,
258 848 437 882 heredibus
466 852 499 882 et
526 847 780 882 successoribus
808 851 929 882 nostris
958 860 1089 895 semper
1116 848 1271 882 inuiolata
1300 853 1416 882 tenere
1453 853 1484 883 et
1517 851 1646 894 integra
1682 853 1901 896 promittimus
1930 862 1967 884 ac

122 909 314 955 adimplere,
344 920 511 955 nunquam
540 911 684 955 ipsorum
714 908 844 954 aliquod
873 912 1099 955 inperpetuum
1128 909 1358 954 infringendo3
1387 909 1608 944 decernentes
1629 922 1672 944 ex
1693 922 1780 945 nunc
1809 911 1849 944 de
1878 917 1968 945 certa

122 974 235 1004 nostra
263 973 409 1004 sciencia
439 973 471 1004 in
499 969 563 1014 hijs
591 971 722 1016 scriptis
751 972 875 1004 irritum
913 975 945 1004 et
978 973 1087 1014 inane,
1123 972 1150 1005 si
1187 975 1301 1004 contra
1330 973 1491 1016 premissa
1527 970 1579 1004 uel
1609 981 1724 1005 corum
1753 971 1881 1017 aliquod
1913 983 1970 1017 per

123 1042 194 1073 nos,
224 1030 367 1065 heredes
396 1035 451 1064 aut
479 1041 696 1065 successores
716 1035 848 1065 nostros
875 1031 926 1065 ucl
955 1033 1103 1076 quemuis
1123 1031 1219 1065 alium
1241 1034 1478 1077 cuiuscumque
1497 1031 1702 1066 condicionis
1722 1035 1969 1078 preeminencie

122 1091 175 1125 uel
209 1095 325 1134 status.
361 1094 528 1138 qvippiam
564 1094 764 1136 contingerit
798 1094 829 1125 in
863 1096 1030 1137 posterum
1072 1094 1265 1138 attemptari.
1322 1091 1357 1126 In
1393 1102 1529 1138 quorum
1566 1095 1709 1126 omnium
1745 1096 1968 1127 testimonium

122 1158 296 1199 presentes
325 1153 448 1187 litteras
478 1153 547 1187 fieri
582 1158 614 1187 et
648 1154 828 1198 sigillorum
857 1158 1043 1187 nostrorum
1073 1156 1277 1200 appensione
1305 1151 1443 1187 fecimus
1471 1155 1602 1187 muniri.
1658 1153 1776 1188 Datum
1807 1154 1967 1195 Olomucij

125 1217 156 1247 in
187 1213 238 1248 die
266 1213 437 1248 beatorum
467 1214 553 1248 Petri
581 1219 614 1248 et
644 1214 734 1248 Pauli
764 1215 999 1260 apostolorum.
1030 1214 1129 1248 Anno
1158 1214 1280 1248 domini
1308 1213 1550 1248 M‘ltJCCOXLO.

430 1303 501 1334 (Ans
527 1302 585 1328 dem
610 1302 727 1336 Pergam.
749 1303 905 1330 Privilceicn
931 1303 996 1328 Cod.
1023 1303 1071 1328 des
1096 1302 1229 1328 Olmutzer
1252 1302 1401 1328 Bisthumes
1426 1310 1486 1328 vom
1512 1302 1635 1335 Ansange
1661 1302 1709 1328 (les
1733 1302 1802 1328 xlv,
1829 1302 1966 1328 Jahrhun-

533 1354 623 1380 ‹lei-tes
649 1356 672 1380 in
697 1354 771 1380 Klein
797 1354 871 1380 Folio
896 1355 938 1380 Nr.
965 1354 1010 1380 CL.
1037 1355 1068 1380 im
1094 1354 1399 1381 l'ursterzbiscliot]ichen
1418 1354 1534 1380 Art-hire
1552 1363 1581 1379 zu
1601 1354 1735 1380 Kremsier
1752 1354 1966 1388 abgcsclirieben

534 1408 595 1432 Aut.
622 1406 736 1433 Boczek.
756 1423 785 1425 —
806 1407 981 1437 Abanwlrucht
1007 1407 1047 1432 bei
1072 1406 1156 1432 Pelzel
1181 1406 1210 1432 K.
1235 1406 1297 1433 Karl
1322 1406 1365 1432 tv.
1392 1406 1410 1432 l.
1436 1406 1482 1432 Th.
1502 1406 1674 1432 [111-[1111101111.
1700 1406 1726 1431 S.
1753 1405 1791 1433 23
1818 1415 1842 1432 11.
1861 1407 1945 1433 XXIV
1966 1417 1970 1435 1

994 1561 1100 1597 280.

122 1649 310 1693 Markyraf
332 1649 422 1682 lsarl
448 1649 563 1683 stelle!
601 1650 655 1683 die
689 1650 749 1682 fler
786 1649 920 1684 l'e'lfmv‘e
955 1648 1010 1681 bei
1041 1649 1100 1682 der
1137 1648 1307 1683 Olinillzer
1341 1649 1469 1683 Ii'l'rclle
1504 1649 1608 1683 dm‘cle
1646 1650 1709 1683 (len
1747 1650 1901 1693 dorligswe
1938 1650 1968 1682 Αἱ

122 1710 301 1753 Hofmaz'er
339 1710 538 1755 (scerallsam
581 1712 793 1744 eulrissenete
834 1712 920 1744 zwei
960 1710 1088 1743 Garlen
1132 1709 1266 1743 zui-[leli.
1323 1710 1382 1743 Dt.
1423 1710 1614 1749 Olomcmcz,
1653 1710 1706 1745 ΓΙ.
1737 1710 1856 1744 Nonas
1884 1710 1971 1743 ,Iulii

890 1770 944 1811 (2.
974 1770 1065 1813 Juli)
1099 1769 1208 1803 1340.

276 1854 366 1908 ixos
394 1874 536 1909 Karolus
565 1874 616 1909 dei
644 1878 757 1919 gracia
786 1877 1022 1921 primogenitus
1051 1876 1141 1918 regis
1170 1874 1317 1917 Boemie,
1348 1874 1493 1909 marchio
1523 1874 1684 1912 Morauie.
1707 1877 1874 1909 vniuersis
1902 1879 1965 1907 tam

123 1935 333 1981 presentibus
362 1946 458 1982 quam
488 1935 606 1970 futuris
635 1936 787 1969 volumus
815 1936 887 1970 fore
916 1939 1037 1978 notum,
1065 1934 1151 1980 quod
1179 1946 1239 1981 per
1263 1935 1475 1970 honorabiles
1503 1939 1592 1970 viros
1617 1936 1767 1970 dominos
1787 1938 1968 1969 canonicos

124 1996 366 2030 Ulomucenses
395 1999 562 2030 veraciter
589 1996 767 2039 informat1‚
797 1996 882 2042 quod
912 1996 974 2029 duo
1002 1998 1061 2029 orti
1092 1998 1144 2029 siti
1173 2000 1266 2029 extra
1297 2007 1407 2030 muros
1437 2000 1577 2031 ciuitatis
1604 2001 1717 2030 nostre
1739 1996 1970 2030 Olomucensis

125 2060 201 2089 ante
228 2060 353 2101 portam
384 2056 537 2091 Omnium
567 2056 768 2091 Sanctorum
796 2057 836 2091 ad
873 2059 1031 2090 vicariam
1068 2060 1100 2089 et
1132 2056 1347 2102 prebendam,
1383 2068 1480 2102 quam
1516 2057 1653 2091 dilectus
1687 2056 1780 2091 nobis
1814 2056 1970 2090 Nicotaus

124 2118 270 2150 vicarius
305 2117 450 2151 ecclesie
487 2116 720 2152 Olomucensis
755 2129 840 2151 nunc
879 2117 1025 2163 possidet
1064 2118 1241 2161 antiquitus
1283 2118 1501 2162 pertinebant*
1544 2129 1626 2163 quos
1667 2117 1798 2164 quidam
1841 2117 1969 2151 villicus

125 2176 358 2211 Olomucensis
385 2176 596 2212 abstraxerat
623 2183 656 2212 et
683 2183 905 2224 occupauerat
935 2177 1106 2211 violenter.
1136 2176 1206 2211 Nos
1234 2178 1387 2212 volentes
1415 2179 1510 2213 saluti
1540 2183 1655 2212 nostre
1682 2177 1859 2224 prouidere
1888 2189 1971 2224 pre-

125 2237 229 2271 dictos
257 2241 347 2272 ortos
374 2238 481 2272 eidem
508 2241 635 2273 vicarie
663 2242 861 2273 restituimus
890 2243 921 2272 ct
956 2241 1060 2271 eciam
1094 2237 1122 2271 si
1157 2237 1232 2282 quid
1266 2241 1343 2272 iuris
1377 2242 1409 2273 in
1444 2242 1492 2273 eis
1527 2238 1654 2272 habere
1687 2237 1878 2272 videremus
1914 2244 1969 2273 aut

125 2297 221 2332 nobis
250 2302 445 2343 conpeteret
473 2299 682 2345 aliquomodo
711 2300 818 2333 eidem
849 2302 973 2333 vicarie
1002 2298 1105 2332 libere
1139 2298 1343 2344 applicamus
1378 2303 1510 2334 omnino
1547 2304 1579 2333 01
1608 2299 1767 2332 donamus
1802 2303 1970 2345 perpetuis

125 2358 328 2404 temporibus
357 2359 577 2404 possidendos
605 2365 637 2394 et
665 2361 825 2394 tenendos
855 2365 885 2393 ct
913 2370 971 2393 eos
1001 2370 1059 2404 pro
1088 2370 1146 2393 sua
1167 2359 1306 2393 vtilitate
1326 2358 1559 2406 disponendos.
1590 2359 1779 2394 Inhibentes
1805 2372 1970 2406 expresse

125 2419 186 2453 sub
215 2418 349 2453 obtentu
378 2424 492 2453 nostre
520 2423 648 2465 gracie,
679 2432 720 2455 ne
749 2421 866 2467 aliquis
895 2421 935 2453 de
957 2425 1071 2453 cetero
1092 2420 1345 2453 castellanorum
1365 2421 1550 2455 villicorum
1571 2420 1623 2453 1101
1643 2422 1761 2454 ciuium
1782 2426 1970 2454 nostrorum

126 2479 394 2513 Olomucensium
423 2490 459 2513 sc
488 2480 528 2514 de
556 2484 636 2527 ipsis
664 2484 880 2515 intromittere
909 2480 1029 2514 audeat
1055 2485 1109 2514 aut
1129 2481 1269 2526 aliquem
1290 2491 1425 2515 censum
1446 2492 1503 2515 seu
1525 2484 1670 2514 steuram
1691 2492 1730 2515 ac
1750 2484 1969 2515 exaccionem

126 2543 265 2584 exigere
300 2539 419 2573 debeat
455 2539 495 2573 ab
530 2541 656 2575 eisdem
692 2546 746 2576 aut
774 2544 948 2588 quicquam
978 2540 1039 2574 sibi
1073 2541 1320 2585 jurisdiccionis
1354 2543 1385 2575 in
1416 2541 1629 2587 preiudicinm
1665 2541 1813 2575 eiusdem
1843 2545 1969 2576 vicarie

127 2605 294 2645 presumat
314 2600 452 2646 amplius
472 2602 702 2646 quoquomodo
723 2602 914 2637 vendicare.
945 2600 980 2635 ln
1005 2604 1097 2635 cuius
1118 2604 1164 2636 rei
1187 2604 1407 2635 testimonium
1436 2606 1465 2635 et
1497 2601 1596 2636 robur
1623 2607 1781 2649 perpetue
1811 2602 1968 2636 firmitatis

1765 2661 1824 2690 202⁴·-
