2184 2828
1071 107 1143 142 162

1056 275 1163 310 225.

184 368 292 411 Papst
322 365 488 400 Benedikl
517 365 600 398 XII.
631 363 809 408 uberlrc'iyt
836 363 907 397 dem
943 362 1108 405 Bisehofe
1138 372 1204 395 ron
1239 361 1375 396 Passan
1408 363 1474 396 und
1506 363 1577 396 dem
1614 362 1705 396 Abte
1738 372 1802 395 ron
1835 360 2032 406 Altenburq

184 429 238 461 ciz'e
257 426 482 470 Schle’elztemq
510 426 570 458 des
590 424 760 458 ztce'sclzen
787 424 860 457 dem
882 423 1083 456 Oslawaner
1110 421 1253 456 Kloster
1280 423 1346 456 mni
1368 423 1441 456 dem
1461 423 1606 467 Psarrer
1624 434 1687 456 rron
1710 420 1889 456 Grusbaeh
1918 433 2031 466 eceqen

184 490 242 522 des
264 486 549 530 Zehemlbez-uqes
569 484 797 519 beslatzdenen
817 484 974 518 Strittes.
1005 483 1064 517 Dt.
1092 482 1272 525 Am'm‘one,
1302 482 1370 517 III.
1400 483 1519 517 Nonas
1546 484 1670 517 Martii
1698 483 1754 525 (5.
1774 482 1895 525 Mc'irz)
1919 481 2030 516 1339.

338 571 566 625 Benedictus
596 592 775 636 episcopus
805 599 924 622 seruus
945 597 1116 621 seruorum
1141 585 1205 621 dei.
1226 585 1418 620 Venerabili
1447 586 1539 621 fratri
1571 615 1577 620 .
1609 614 1616 620 .
1646 585 1815 632 Episcopo
1837 584 2033 620 Patauiensi

184 658 215 687 et
245 653 375 686 dilectis
405 652 479 696 filijS
511 678 518 684 .
549 678 556 684 .
587 649 709 684 Abbati
742 648 936 692 Monasterij
974 646 1265 691 Alteniburgensis
1302 646 1510 681 Patauiensis
1547 648 1692 681 diocesis
1728 657 1767 680 ac
1804 673 1811 680 .
1849 673 1856 680 .
1891 645 2033 680 Decauo

184 714 330 747 ecclesie
366 712 574 746 Patauiensis
609 710 757 744 Salutem
791 713 824 742 et
857 708 1073 754 apostolicam
1108 706 1384 741 benedictionem.
1421 707 1488 742 Sua
1525 707 1620 741 nobis
1663 707 1784 740 dilecte
1824 708 1858 740 in
1899 705 2032 740 Christo

185 774 249 807 lilie
279 800 286 807 .
319 800 326 807 .
356 772 534 806 Abbatissa
564 776 596 804 et
625 769 817 804 Conuentus
852 768 1047 812 Monasterij
1087 767 1391 802 Sanctimonialium
1426 771 1458 802 in
1492 767 1584 802 Osla.
1620 767 1857 801 Cistereiensis
1894 766 2032 809 ordinis,

185 833 419 867 Olomuceusis
457 832 615 866 diocesis.
655 833 822 876 peticione
855 833 1092 870 monstrarunt,
1128 827 1214 874 quod
1250 828 1328 862 licet
1365 831 1544 875 percepcio
1585 827 1790 874 quarundam
1831 826 2033 861 decimarum

183 897 457 940 proueniencium
487 897 519 926 et
547 890 708 926 fructibus
737 889 940 936 quarundam
970 894 1132 923 terrarum
1161 893 1194 922 et
1228 892 1480 934 possessionum
1509 891 1771 923 consistentium
1799 887 1884 921 infra
1913 887 2033 922 limites

183 955 359 1001 parrochie
387 954 534 988 ecclesie
563 955 595 986 in
616 951 771 998 Gruspan
792 950 879 984 dicte
908 950 1054 984 diocesis
1083 949 1123 983 ad
1152 948 1288 982 easdem
1308 949 1523 983 Abbatissam
1544 954 1575 983 et
1596 949 1802 982 Conuentum
1831 948 1872 982 de
1900 950 2034 992 antiqua

183 1020 217 1049 et
244 1015 425 1061 approbata
456 1019 487 1047 et
517 1013 675 1046 hacteuus
704 1010 845 1058 pacifice
879 1010 1056 1044 obseruata
1095 1010 1335 1044 consuetudine
1368 1012 1537 1056 pertinere
1571 1014 1742 1052 noscatur,
1779 1013 1811 1043 et
1846 1013 1912 1042 tam
1946 1008 2034 1042 dicte

183 1076 365 1110 Abbatissa
395 1079 427 1108 et
457 1075 660 1108 Conuentus.
691 1083 787 1117 quam
816 1072 882 1114 ille,
911 1082 975 1117 que
1003 1074 1036 1104 in
1055 1070 1260 1104 Monasterio
1288 1073 1360 1116 ipso
1389 1075 1625 1117 precesserant
1653 1069 1802 1113 easdem,
1829 1068 1973 1104 fuissent
2001 1071 2034 1102 in

185 1137 324 1184 pacifica
353 1138 584 1182 possessione,
613 1134 666 1167 uel
695 1135 789 1179 quasi
817 1135 898 1166 iuris
927 1131 1132 1177 percipiendi
1170 1131 1275 1165 dictas
1314 1131 1460 1165 decimas
1498 1143 1515 1165 a
1553 1135 1714 1176 tempore,
1752 1133 1846 1164 cuius
1875 1130 2032 1173 eontrarij

185 1200 345 1231 memoria
374 1207 439 1230 non
474 1197 599 1230 existit,
635 1196 710 1240 quia
745 1197 855 1226 tamen
892 1192 1111 1225 wolframnus
1147 1191 1306 1238 plebanus
1341 1191 1428 1225 dicte
1465 1192 1610 1225 ecclesie
1649 1191 1785 1224 easdem
1820 1189 2036 1224 Abbatissani

186 1263 218 1292 et
247 1257 466 1300 Grumentum,
496 1258 670 1302 quominus
709 1254 856 1288 decimas
885 1256 975 1299 ipsas
1011 1252 1114 1286 libere
1149 1254 1323 1298 percipere
1357 1256 1495 1298 possent
1527 1251 1686 1297 impedire
1722 1255 1839 1285 eontra
1875 1253 2037 1284 iusticiam

185 1317 411 1365 presumebat,
441 1316 527 1350 dicte
556 1315 738 1350 Abbatissa
777 1319 810 1348 et
844 1313 1036 1347 Conuentus
1075 1312 1237 1359 prefatum
1274 1312 1450 1346 Plebanuin
1489 1312 1632 1359 petendo
1667 1323 1741 1346 enm
1777 1311 1817 1345 ab
1852 1310 2036 1345 huiusmodi

185 1379 420 1426 impedimento
450 1379 632 1423 compesci.
663 1386 775 1409 coram
804 1374 951 1408 Henrico
981 1374 1021 1407 de
1051 1373 1195 1410 Brunna,
1232 1373 1370 1407 (Jffician
1406 1373 1619 1407 (lloniuceusi
1649 1384 1714 1406 non
1743 1384 1788 1406 ex
1817 1371 2037 1416 delegacione

185 1440 368 1486 apostoliea
405 1442 579 1472 traxerunt
614 1440 644 1470 in
684 1447 832 1470 causam.
888 1435 942 1469 Ex
977 1439 1070 1481 parte
1107 1446 1186 1468 uero
1220 1434 1294 1467 dicti
1330 1433 1461 1467 Plebaui
1496 1434 1555 1467 suit
1590 1433 1708 1467 friuole
1743 1444 1855 1467 coram
1894 1431 2037 1466 Ofliciali

186 1500 335 1547 predicto
363 1501 580 1545 propositum.
619 1497 704 1543 quod
739 1500 812 1542 ipse
846 1496 967 1530 dictum
1002 1494 1188 1529 Oflicialciu
1218 1506 1260 1528 ex
1290 1506 1330 1528 eo
1359 1499 1549 1540 suspectum
1586 1493 1738 1527 babebat.
1777 1493 1863 1539 quod
1898 1492 2036 1538 quedam

186 1562 290 1595 Soror
318 1565 351 1594 et
378 1559 494 1605 Neptis
523 1559 600 1592 dicti
622 1557 795 1599 Oslieialis,
825 1568 907 1602 quas
937 1559 1069 1589 minime
1099 1555 1317 1601 exprimebat.
1348 1560 1440 1588 eraut
1466 1554 1628 1588 Mouiales·
1650 1554 1842 1598 Monastcrij
1874 1552 2037 1600 prelibati,

185 1626 217 1656 et
246 1622 327 1655 alias
357 1620 463 1654 dictus
494 1618 656 1653 officialis
686 1616 877 1652 fauorabilis
907 1617 1002 1650 dictis
1031 1616 1214 1650 Abbatisse
1249 1620 1280 1649 et
1318 1615 1501 1649 Couuentui
1531 1614 1710 1648 existebat.
1750 1626 1788 1649 se
1825 1614 1970 1648 offerens
2007 1612 2038 1647 id

185 1682 395 1728 probaturum
438 1692 550 1714 coram
592 1679 738 1714 Arbitris
780 1688 880 1723 super
921 1677 984 1711 hoc
1026 1677 1203 1721 eligendis,
1245 1687 1438 1722 quamquain
1475 1679 1579 1709 eciam
1615 1676 1701 1709 nulla
1744 1675 1902 1710 subesset
1935 1685 2037 1708 causa

186 1741 409 1784 racionabilis,
446 1752 549 1786 quare
583 1751 686 1774 causa
729 1741 957 1773 recusacionis
995 1738 1070 1771 dicti
1108 1736 1279 1779 Oslicialis,
1314 1739 1341 1770 si
1384 1747 1446 1782 qua
1484 1735 1637 1770 subesset
1678 1740 1769 1770 esset
1813 1734 2037 1777 racionabilis,

186 1814 297 1837 coram
347 1802 529 1836 venerabili
583 1800 686 1834 fratrc
734 1804 849 1833 nostro
899 1826 905 1832 .
957 1826 963 1832 .
1012 1798 1182 1844 Episcopo
1231 1796 1444 1831 Olouiucensi
1495 1796 1625 1842 probari
1675 1808 1740 1831 non
1788 1796 1926 1830 deberet
1976 1806 2037 1841 pcr

187 1864 364 1898 l'lebanmu
399 1862 552 1903 eundem,
587 1862 692 1895 dictus
731 1860 891 1893 Ollicialis
926 1859 1111 1893 huiusmodi
1146 1861 1312 1904 proposita
1347 1862 1378 1891 et
1414 1856 1534 1890 oblata.
1583 1862 1747 1903 tamquam
1786 1858 2036 1902 impertinencia

185 1930 218 1958 et
246 1924 362 1958 friuola
393 1935 458 1957 non
487 1922 628 1956 admisit.
659 1925 752 1967 prout
781 1921 954 1954 admittere
975 1931 1040 1954 non
1068 1919 1219 1961 debebat,
1241 1923 1273 1952 et
1302 1918 1431 1951 tan-leni
1468 1921 1497 1951 in
1528 1918 1648 1951 dictum
1678 1917 1866 1964 plebanum,
1895 1919 1970 1962 quia
2000 1927 2037 1950 se

186 1986 226 2019 de
255 1985 374 2018 iudicio
410 1988 524 2018 contra
563 1982 824 2029 prohibicionem
860 1981 935 2014 dieti
972 1980 1133 2014 Oslicialis
1172 1981 1408 2013 contumaciter
1445 1978 1644 2014 absoniauu.
1682 1982 1814 2024 propter
1851 1976 2037 2011 huiusmodi

187 2048 426 2079 contumaciam
457 2044 665 2077 manifestam
695 2044 1058 2076 excommunicacionis
1079 2043 1285 2074 sentenciam
1306 2039 1535 2085 pronnilgauit.
1568 2038 1778 2072 Postmodum
1801 2042 1908 2071 autem
1930 2037 2037 2071 dictus

187 2105 347 2152 plebanus
379 2105 462 2139 salso
492 2115 664 2146 asserens,
694 2102 780 2147 quod
809 2114 882 2135 eum
912 2102 998 2136 dicte
1019 2101 1200 2136 Abbatissa
1230 2104 1261 2134 et
1290 2100 1480 2133 Conuentus
1506 2111 1579 2133 euin
1602 2110 1703 2145 super
1723 2098 1879 2144 predictis
1900 2098 2038 2132 decimis

186 2178 297 2200 corani
327 2165 413 2199 dicto
443 2164 584 2199 Osliciali
614 2175 679 2197 non
708 2174 752 2197 ex
782 2163 1000 2208 delegat-ione
1030 2162 1178 2208 predicta
1207 2163 1387 2195 traxissent
1418 2164 1447 2193 in
1478 2171 1626 2195 causam.
1655 2162 1727 2205 ipse
1748 2159 1875 2193 babens
1895 2158 2038 2193 eundem

188 2226 371 2260 0liicialem
402 2238 441 2259 ea
471 2228 607 2259 racione
635 2229 840 2270 suspectum,
870 2223 955 2269 quod
986 2226 1058 2268 ipse
1088 2222 1248 2256 Ol'licialis
1277 2225 1347 2255 erat
1375 2220 1533 2254 dictarum
1572 2219 1754 2254 Abbatisse
1783 2224 1816 2254 et
1844 2220 2037 2254 Couuentus

188 2287 355 2320 laniiliaris
385 2286 598 2329 domesticus,
628 2290 661 2319 et
689 2288 864 2318 continuus
893 2284 1130 2320 conmensalis,
1161 2287 1193 2316 et
1226 2283 1306 2316 alias
1344 2284 1393 2315 eis
1429 2284 1525 2314 niniis
1561 2280 1751 2314 fauorabilis
1788 2279 1968 2322 existebat,
1997 2278 2038 2312 ab

188 2347 305 2380 eodem
336 2347 477 2381 Ol'liciali
507 2346 672 2380 humiliter
700 2346 894 2391 postularat,
925 2349 959 2378 ut
987 2355 1061 2378 curn
1090 2343 1197 2377 dictus
1216 2342 1402 2389 Episcopus
1433 2346 1508 2375 tuuc
1535 2341 1663 2387 publice
1693 2346 1725 2375 et
1745 2344 1875 2375 notorie
1895 2350 2038 2374 excom-

189 2410 384 2449 municatus,
416 2412 449 2441 ut
477 2407 561 2441 salso
590 2405 731 2448 dicebat,
761 2409 866 2451 ipsum
895 2405 934 2439 ad
973 2404 1160 2449 eligendum
1195 2403 1350 2438 Arbitros
1386 2413 1459 2435 cum
1498 2406 1589 2448 parte
1626 2402 1742 2445 altera,
1772 2412 1885 2436 coram
1919 2399 2037 2446 quibus

190 2467 371 2502 huiusmodi
401 2470 601 2513 suspicionis
629 2477 765 2501 causam
802 2465 967 2512 probaret,
997 2465 1192 2507 admitteret,
1222 2463 1372 2510 quodque
1401 2462 1507 2496 dictus
1545 2462 1703 2496 Ol'licialis
1738 2473 1812 2496 eum
1848 2472 1948 2507 super
1976 2460 2038 2494 hoc

190 2528 303 2562 audire
319 2532 432 2561 contra
450 2531 611 2562 iusticiam
633 2532 814 2570 recusarat,
835 2538 874 2560 ac
895 2525 1098 2573 pretendens
1118 2536 1155 2559 se
1176 2529 1310 2571 propter
1330 2523 1391 2556 hoc
1412 2522 1451 2556 ad
1474 2522 1587 2556 sedem
1604 2523 1820 2569 apostolicam
1837 2521 2037 2568 appellasse,

189 2600 290 2635 super
317 2588 544 2635 appellat-ione
573 2587 755 2622 huiusmodi
785 2598 858 2622 cum
886 2587 1047 2621 dictarum
1073 2585 1256 2619 Abbatisse
1277 2589 1308 2618 et
1328 2584 1518 2618 Conuentus
1548 2586 1733 2630 potenciam
1763 2581 2038 2630 perhorrescens,
