2184 2828
166 263 352 299 deliberato
396 266 534 299 alterum
573 263 739 297 dimidium
777 265 907 298 laneum
945 268 978 297 et
1014 265 1138 296 euriam
1177 264 1208 296 in
1238 262 1482 297 Swat...me
1515 267 1574 298 rite
1610 269 1643 298 et
1679 264 1925 298 racionabiliter
1959 275 2019 310 per

167 329 307 359 mortem
343 325 507 371 quondam
536 324 657 358 domini
686 323 819 358 Zeborii
848 324 942 358 dicti.
961 350 967 357 .
986 325 1035 358 ‚ie
1064 325 1221 356 memorie
1249 322 1322 356 fore
1350 322 1431 357 deus
1461 323 1559 358 lutum
1588 324 1741 358 omnibus
1765 323 1896 368 juribus
1924 325 2019 358 vtili-

168 384 288 419 tatibus
317 389 348 419 et
376 385 591 431 pertinenciJS
629 395 710 430 que.
729 389 779 418 .et
807 385 1022 430 pertinencijs
1051 384 1123 427 ejus
1152 380 1393 428 prouen‘iebant
1421 387 1454 416 et
1482 387 1657 429 prouenire
1692 387 1837 430 potuiss.
1855 411 1862 418 .
1881 386 1931 418 ,in
1959 383 2019 418 fu-

168 449 275 478 turam
310 444 556 479 uenerabilibus
591 446 673 478 viris
708 444 852 479 Johanni
886 443 995 478 abbati
1032 448 1065 477 et
1097 446 1274 477 conuentui
1312 443 1767 479 monasterii...Benedicti
1805 455 1865 490 pro
1901 446 2017 490 uiginti

166 508 350 550 sexagenis
377 515 574 540 marcarum.
603 503 640 539 In
669 507 763 539 cuius
792 507 840 538 rei
868 507 994 539 testim.
1013 530 1020 537 .
1038 503 1127 538 ,fieri
1152 505 1249 548 jussi,
1271 508 1303 537 et
1330 504 1417 548 sigili
1446 506 1510 537 mei
1530 505 1618 539 uolui
1646 507 1825 539 munimine
1844 504 2018 539 roborare.

167 565 273 610 llujus
298 568 347 599 rei
380 569 484 600 testes
513 569 605 600 sunt.
623 592 631 600 .
649 565 771 600 ‚frater
792 564 1000 607 Gebhardus,
1029 563 1132 598 frater
1152 562 1333 607 Gotfridus⁷
1362 564 1465 598 frater
1485 563 1656 600 Conradus
1684 565 1791 599 dictus
1820 564 1860 599 de
1893 564 2018 612 Cyrnin

168 626 242 660 l'ra.
260 625 427 661 ..milites
463 626 584 660 milicie
620 625 661 660 de
695 626 845 672 Templo.
901 626 1024 659 Actum
1053 629 1086 659 et
1122 624 1231 659 datum
1260 627 1292 658 in
1321 623 1514 670 Czlewings
1543 636 1630 660 anno
1658 625 1835 676 dominice.
1854 628 2017 660 incarna-

167 688 274 722 cionis
301 685 427 720 MOCCO
454 688 723 732 nongentesimo.
752 686 826 720 Kal.
856 685 984 720 Marcii.
1014 685 1204 719 Indiccione
1223 684 1299 719 XV.

476 773 518 806 (In
543 774 660 807 Horky·s
684 774 891 808 Tempelherren
919 773 944 799 in
975 773 1083 799 Illiiliren
1121 772 1200 799 1845
1237 773 1265 799 S.
1291 772 1353 799 230
1389 773 1455 799 nach
1481 773 1565 799 einem
1590 773 1772 799 Brucbstiicke
1797 773 1846 799 des
1870 772 2019 810 Originals,

581 826 702 852 welches
726 834 756 851 zu
781 825 840 851 dem
865 825 1004 851 Einbande
1028 826 1104 851 eines
1126 824 1298 851 Trebitscber
1321 824 1567 859 Waisenregisters
1600 825 1756 852 verwendet
1781 824 1885 860 warde,
1909 825 1934 851 in
1958 825 2019 851 dem

581 878 698 904 Arclnive
724 877 772 903 der
797 877 873 904 Stadt
896 876 1061 912 Trebitscli.)

1050 1074 1153 1109 149.

316 1150 458 1214 Konig
491 1169 634 1203 Wenzel
671 1181 737 1204 von
767 1168 915 1203 Bohmen
951 1169 1144 1215 genehmigt
1181 1169 1234 1203 die
1263 1169 1470 1215 Sclienkung
1504 1173 1595 1206 eines
1629 1170 1760 1205 Hauses
1798 1171 1863 1205 und
1897 1170 2021 1205 Flache

166 1241 209 1263 an
248 1230 300 1264 die
328 1230 541 1264 Psarrkirclie
570 1242 610 1264 zu
639 1230 745 1264 Zittau
778 1230 843 1264 und
871 1229 991 1264 befreit
1028 1230 1121 1264 diese
1151 1229 1353 1265 Geschenke
1382 1230 1440 1265 der
1469 1229 1643 1275 Christina‚
1675 1231 1785 1266 Gattin
1813 1234 1907 1266 eines
1935 1242 2022 1266 ver-

168 1289 348 1325 storbenen
368 1290 516 1325 Zittauer
543 1290 702 1336 Biirgers,
732 1301 799 1325 von
828 1291 914 1325 allen
943 1290 1100 1325 Steuern.
1131 1291 1183 1325 Dt.
1206 1290 1381 1337 Syttaviae
1410 1303 1470 1338 per
1489 1303 1604 1327 manus
1632 1295 1785 1337 magistri
1805 1292 1906 1337 Petri,
1933 1302 2019 1339 pro-

168 1353 322 1396 tonotarij
352 1354 448 1397 regni
476 1355 593 1395 nostri,
623 1362 675 1386 an.
706 1351 792 1386 (lom.
825 1351 934 1387 1291.
965 1351 1105 1387 Kalend.
1135 1351 1333 1386 Decembris
1365 1352 1415 1397 (1.
1445 1352 1651 1399 December]
1679 1352 1790 1387 indict.
1820 1351 1862 1387 V.

478 1448 594 1479 (Koliler
618 1447 684 1473 Cod.
711 1448 818 1483 diplom.
849 1448 936 1475 Lusat.
973 1456 1065 1483 super.
1091 1450 1117 1475 S.
1146 1447 1204 1476 105
1231 1457 1254 1474 n.
1289 1448 1378 1476 LXIII.
1403 1463 1442 1467 —-
1472 1448 1607 1474 Gedruckt
1634 1449 1658 1474 in
1690 1448 1820 1483 Carpzow
1856 1449 1925 1476 anal.
1956 1449 2019 1475 fast.

580 1500 637 1526 Zitt.
662 1500 681 1526 I.
707 1509 732 1534 p.
759 1500 823 1533 45.)

1048 1698 1065 1733 1
1077 1698 1150 1732 50.

167 1783 280 1828 Kom‘q
306 1784 447 1819 IVenz-el
472 1795 537 1817 ‘con
556 1783 708 1818 Bolemeu
737 1785 803 1818 and
821 1784 1009 1829 Mat-hyras
1029 1795 1094 1818 ron
1113 1784 1259 1820 Miller-en
1287 1784 1450 1829 beslz‘t'te'qt
1478 1783 1560 1817 iiber
1578 1783 1761 1817 Ausuelzen
1789 1784 1848 1817 des
1867 1783 2017 1817 Selauer

167 1843 283 1877 Abten
311 1844 435 1888 Jalwh„
465 1845 519 1878 dle
546 1845 667 1878 dassen
695 1846 837 1879 Isloster
880 1847 922 1878 im
950 1846 983 1879 J.
1017 1845 1115 1879 1233
1152 1857 1225 1879 rom
1257 1846 1392 1890 Koniye
1432 1844 1573 1880 Wenzel
1604 1844 1818 1888 qesclaelaeue
1852 1844 2017 1879 Wiesler-

168 1908 364 1950 ‹Ji-stallum]
393 1906 453 1939 fler
481 1917 553 1938 rom
590 1905 754 1949 I'Volfram
782 1907 849 1939 mul
876 1907 1032 1940 Ιῖαηοὲ-ιί·
1060 1908 1273 1940 metris-senen
1296 1906 1404 1939 Ge'c'ter
1431 1907 1465 1938 in
1493 1904 1644 1938 Bo'lemen
1674 1905 1739 1937 med
1766 1904 1923 1938 sllct'laren.
1953 1904 2015 1939 Dt.

691 1967 816 2011 I’1·(1ye‚
847 1967 909 2001 IV.
939 1968 1060 2001 Nonas
1091 1967 1168 2010 (4.)
1202 1966 1340 2001 Octobr.
1371 1965 1481 2000 1293.

320 2044 408 2097 Nos
437 2062 664 2096 Wencezlaus
692 2062 743 2095 dei
773 2064 889 2108 gracia
918 2062 993 2096 Rex
1022 2062 1170 2105 Boemie‚
1200 2061 1277 2096 Dux
1298 2060 1459 2096 Craeouie
1487 2065 1520 2094 et
1548 2059 1766 2094 Sandomerie
1794 2059 2014 2105 Marchioque

165 2122 316 2157 Morauie
353 2128 463 2158 notum
500 2134 577 2157 esse
609 2122 761 2157 volumus
796 2127 861 2157 tam
897 2122 1111 2169 presentibus
1148 2133 1244 2168 quam
1273 2121 1408 2166 futuris,
1444 2120 1529 2168 quod
1562 2120 1751 2165 Religiosus
1786 2123 1838 2154 vir
1865 2119 2014 2155 Jacobus

166 2183 280 2218 Abbas
308 2183 504 2229 Monasterij
535 2183 710 2230 Syloensis
739 2183 863 2218 ordinis
892 2183 1212 2218 Premonstratensis
1240 2184 1446 2229 presentauit
1473 2180 1569 2215 nohis
1607 2180 1770 2225 quoddam
1799 2180 2012 2226 Priuilegium

165 2243 271 2278 felicis
299 2244 550 2279 recordacionis
579 2244 700 2277 domini
730 2243 929 2278 Wencezlai
956 2243 1156 2278 Boemorum
1185 2244 1290 2289 Regis
1317 2243 1455 2277 Illustris
1492 2241 1558 2275 Aui
1588 2244 1690 2275 nostri
1726 2252 1826 2287 super
1853 2240 1950 2276 Metis
1979 2246 2013 2276 et

168 2304 285 2338 linibus
323 2305 471 2339 eiusdem
506 2304 716 2348 Monasterij,
752 2304 857 2349 Regis
891 2307 995 2351 ipsius
1028 2303 1147 2349 Sigillo
1181 2304 1337 2351 pendenti
1365 2302 1558 2347 sigillatum,
1594 2301 1679 2346 quod
1713 2306 1785 2336 erat
1813 2312 1874 2348 per
1900 2301 2010 2336 o'mnia

164 2367 375 2399 continencie
404 2366 490 2400 talis.
519 2365 639 2400 Notum
669 2367 711 2399 sit
739 2365 891 2413 omnibus
920 2370 1110 2412 presentem
1138 2367 1292 2411 paginam
1327 2364 1539 2408 inspecturis,
1576 2362 1662 2407 quod
1691 2370 1752 2396 ll'OS
1781 2361 2011 2396 wencezlaus

166 2425 219 2459 dei
248 2428 361 2470 gracia
391 2426 591 2461 Boemorum
618 2423 695 2460 Rex
722 2425 894 2460 Ecclesias
923 2425 976 2460 dei
1005 2436 1068 2471 que
1096 2436 1156 2472 per
1184 2425 1337 2470 Regnum
1366 2423 1501 2457 Boemie
1530 2427 1592 2457 ete.
1632 2434 1736 2469 usque
1765 2422 1918 2457 duximus
1946 2433 2009 2456 ro-

165 2485 356 2520 borandam.
387 2486 507 2531 (Sielie
535 2486 629 2521 Band
656 2485 698 2520 ΙΙ.
729 2485 764 2520 S.
794 2485 867 2521 252
897 2497 929 2520 n.
959 2486 1065 2532 231.)

320 2573 393 2606 Nos
422 2577 533 2607 antem
561 2576 615 2619 qui
644 2583 807 2619 personas
836 2577 868 2607 et
904 2573 976 2606 loca
1005 2572 1176 2617 Religiosa
1204 2572 1314 2616 Regni
1341 2572 1446 2604 nostri
1473 2569 1583 2604 diuine
1620 2570 1852 2604 retribucionis
1879 2572 2007 2613 intuitu,

165 2632 305 2668 libenter
333 2632 492 2678 ampliare
520 2634 682 2677 uolumus,
703 2637 735 2667 et
765 2636 795 2667 in
827 2636 896 2668 suis
925 2632 1050 2667 iuribus
1078 2642 1292 2667 conseruare.
1323 2630 1533 2675 Priuilegium
1563 2633 1669 2677 ipsum
1690 2629 1831 2664 Abbatis
1860 2629 2008 2664 eiusdem
