2184 2828
998 104 1066 139 113

984 248 1001 283 1
1010 247 1083 283 62.

259 305 379 368 Kan,
409 323 586 369 Markgraf
615 336 681 358 von
716 325 866 369 Mahren7
906 326 969 360 und
1003 326 1147 369 Johann,
1184 325 1319 371 Herzog
1354 338 1420 361 von
1454 327 1635 371 Karnthem
1671 334 1848 364 versetzen
1877 330 1949 364 dem

118 386 255 431 Taegen
283 396 350 419 von
378 385 567 428 mandem,
597 384 671 419 dem
700 388 749 419 sie
777 385 828 420 sur
857 389 971 420 seinen
998 386 1116 421 Dienst
1143 387 1208 420 und
1236 386 1392 421 Schaden
1421 387 1494 422 200
1522 388 1616 423 Mark
1644 389 1797 435 gegeben
1831 389 1951 434 haben,

117 445 211 480 dafur
237 446 332 480 ihren
359 445 428 480 Hof
451 457 493 480 zu
521 445 640 480 Schess
670 446 734 480 und
762 447 820 480 das
850 445 912 480 Gut
941 459 980 481 zu
1010 446 1229 481 Gozzensatz.
1264 447 1397 482 Volters
1425 448 1459 482 3.
1489 450 1624 494 August
1654 449 1764 484 1337.

423 524 512 559 (Orig.
537 526 570 550 im
595 524 620 550 k.
646 524 671 550 k.
697 525 811 558 gebeim.
839 526 945 551 Archiv.
971 526 1083 552 Bohmer
1107 526 1157 552 Ad.
1183 526 1215 552 Π.
1241 527 1267 552 S.
1295 526 1353 553 342
1379 536 1404 552 n.
1430 527 1496 560 20.)

990 646 1007 681 1
1016 645 1089 681 63.

261 704 382 767 Rari,
402 722 579 769 Markgraf
601 734 667 757 von
689 723 839 758 Mahren.
868 723 1072 758 heurkundet
1099 724 1151 758 fiir
1179 725 1250 759 sich
1279 725 1343 759 und
1371 729 1488 760 seinen
1508 726 1637 760 Bruder
1655 726 1797 771 Johann‚
1818 727 1955 773 Herzog

117 795 185 818 von
211 783 394 827 Karnthen,
423 783 498 818 dass
526 795 563 818 er
590 784 662 818 dem
692 783 879 818 Volkmann
908 796 972 819 von
1002 784 1195 829 Purehstall,
1225 785 1437 831 Burggrafen
1464 797 1530 821 von
1557 787 1672 834 TyroL
1701 787 1752 821 fur
1779 789 1954 833 geleistete

117 845 380 890 Kriegsdienste,
410 845 563 879 Schaden
591 845 657 878 und
685 844 883 890 Zehrungen
921 857 951 879 u.
989 858 1017 880 a.
1053 845 1106 880 fur
1133 845 1181 880 20
1208 846 1317 889 Mark,
1347 847 1398 881 die
1436 858 1473 881 er
1500 859 1541 881 an
1570 859 1711 882 unserer
1738 853 1817 882 statt
1844 849 1952 894 geben

117 905 173 940 hat
205 905 292 940 Herr
324 905 481 939 Heinrich
510 916 577 940 von
607 906 666 940 der
699 906 810 952 Leypa
847 906 918 939 300
951 906 1047 941 Mark
1080 918 1200 953 perner
1236 919 1390 942 meraner
1423 907 1543 942 Miinze
1581 908 1735 954 schuldig
1771 909 1953 954 geworden

118 970 179 1011 sei⁷
209 965 304 1000 dafiir
331 977 368 1000 er
395 966 449 1000 ihn
479 966 538 1000 auf
562 966 625 1000 den
653 966 723 1000 Zoll
750 978 817 1001 von
847 967 904 1000 der
931 967 1003 1013 Lug
1028 971 1221 1002 verweiset.
1250 967 1362 1002 Feltre
1392 969 1424 1003 3.
1456 970 1587 1014 August
1617 969 1726 1004 1337.

425 1046 513 1080 (Oi-ig.
539 1047 570 1071 ini
595 1046 621 1071 k.
647 1046 673 1071 k.
699 1046 813 1080 geheim.
839 1046 945 1071 Archiv.
972 1047 1098 1081 Freiberg
1121 1047 1186 1081 Reg.
1212 1047 1255 1073 ΠΙ.
1281 1047 1367 1080 (ΥΠ.)
1395 1047 1478 1079 191.)

985 1167 1085 1202 164.

117 1245 300 1279 Elisabeth
329 1257 390 1279 con
420 1245 563 1279 Strcilelt
589 1245 730 1279 schenkt
759 1246 829 1278 dem
858 1245 963 1278 ,Ιιινοέ
991 1257 1051 1279 ron
1080 1245 1256 1279 Drahotzis·
1284 1246 1349 1279 und
1375 1247 1492 1279 seineu
1521 1246 1674 1280 Ii'indern
1702 1247 1755 1280 die.
1779 1247 1894 1281 Melkle
1923 1249 1955 1281 in

470 1306 611 1340 Mlinau.
642 1306 701 1341 Dc.
732 1306 849 1340 Pridie
877 1306 996 1339 Nonas
1024 1307 1172 1351 Auqusti
1201 1307 1254 1349 (4.
1284 1307 1456 1351 Augusti)
1489 1306 1598 1340 1337.

273 1382 318 1436 111
347 1405 479 1437 nomine
508 1402 628 1436 domini
656 1402 778 1435 Amen.
809 1402 1006 1435 Cunctorum
1035 1404 1119 1447 perit
1144 1401 1304 1436 Memoria
1334 1401 1493 1435 factorum
1515 1405 1577 1436 nisi
1597 1405 1791 1448 scriptorum
1811 1404 1956 1449 presidio

123 1468 155 1497 et.
182 1466 312 1497 testium
340 1463 548 1496 amminiculo
576 1462 676 1496 fuerit
712 1465 877 1507 insignita.
933 1461 1001 1495 Nos
1030 1464 1128 1506 igitur
1155 1462 1324 1496 Elizabeth
1354 1462 1466 1496 relicta
1495 1463 1659 1508 quondam
1689 1463 1810 1497 domini
1839 1464 1957 1510 Tobye

119 1524 160 1557 de
189 1523 317 1558 Stralec
345 1527 397 1569 pie
426 1523 672 1557 recordacionis
702 1527 817 1556 tenore
846 1525 1052 1568 presencium
1081 1526 1375 1568 recongnosciums
1405 1526 1580 1567 inmersis,
1611 1523 1705 1564 Quod
1726 1510 1799 1558 cum
1820 1524 1956 1559 Sororio

120 1597 159 1619 ac
188 1588 337 1630 conpatri
366 1589 477 1618 nostro
507 1584 637 1618 domino
673 1583 830 1618 Sbinconi
866 1583 905 1617 de
947 1583 1075 1616 Stralec
1117 1586 1147 1617 in
1181 1583 1320 1618 Ratibor
1354 1595 1466 1618 coram
1502 1584 1632 1618 domino
1671 1590 1794 1619 nostro.
1825 1585 1956 1619 domino

120 1646 204 1679 duce
228 1644 378 1687 Nicolam,
407 1644 498 1678 Bona
528 1649 637 1678 nostra
658 1645 931 1690 Resignaremus.
961 1646 1165 1690 excepimus,
1195 1648 1388 1691 cuicumque
1417 1645 1534 1691 aliquid
1565 1649 1594 1679 in
1622 1648 1701 1691 ipsis
1722 1645 1814 1679 bonis
1834 1649 1957 1680 nostris

121 1705 204 1740 infra
232 1709 377 1752 spacium
407 1710 544 1751 quatuor
578 1708 834 1751 septimanarum
871 1709 1006 1751 propter
1040 1707 1182 1738 seruicia
1211 1705 1304 1739 nobis
1339 1705 1483 1739 exhibita
1513 1711 1543 1740 et
1581 1706 1685 1740 adhuc
1721 1709 1751 1740 in
1790 1711 1956 1753 posterum

119 1767 306 1802 exhibenda
340 1766 419 1801 dare
455 1767 627 1800 wellemus
663 1778 724 1800 sev
762 1766 913 1800 daremus
951 1769 1101 1810 vigorem
1137 1768 1230 1800 sicuti
1267 1771 1342 1800 ante
1375 1769 1640 1811 resignacionem
1679 1772 1823 1801 nostram
1861 1778 1956 1812 quam

121 1828 259 1862 Fecimus
288 1826 423 1861 haberet
451 1827 578 1873 plenius
607 1831 639 1860 et
666 1827 824 1869 valoreme
855 1827 941 1860 vnde
969 1826 1187 1860 consideratis
1215 1829 1366 1871 seruicijs
1393 1827 1487 1862 uobis
1506 1840 1566 1873 per
1586 1828 1738 1861 dilectum
1760 1829 1956 1874 Conpatrem

120 1893 264 1923 nostrum
294 1888 457 1922 dominum
486 1887 669 1921 Jarossium
699 1887 738 1921 de
766 1887 948 1921 Drahotuss
978 1890 1039 1920 iam
1069 1886 1163 1921 sactis
1193 1892 1223 1921 et
1252 1891 1283 1921 in
1312 1893 1478 1934 posterum
1506 1888 1677 1931 faciendis,
1701 1889 1769 1923 Sibi
1791 1894 1823 1922 et
1842 1888 1957 1922 Pueris

121 1952 189 1983 suis
216 1960 278 1982 sev
306 1947 555 1982 successoribus
583 1947 807 1982 Molendinum
837 1952 982 1981 nostrum
1018 1949 1048 1980 in
1084 1946 1220 1981 Illlinaw
1247 1960 1352 1994 penes
1387 1960 1521 1983 uowum
1551 1949 1736 1984 Benessow
1767 1953 1863 1983 situm
1892 1961 1957 1983 vna

121 2020 194 2043 cum
223 2009 318 2043 silwa
348 2008 454 2043 eidem
483 2008 670 2043 molendino
699 2009 883 2051 adiacente,
906 2007 1184 2049 Quemadmodum
1212 2008 1361 2043 dominus
1383 2021 1421 2043 ac
1441 2013 1575 2044 maritus
1597 2015 1708 2044 noster
1727 2013 1778 2055 pie
1798 2013 1956 2044 memorie

121 2072 232 2112 tenuit,
261 2074 292 2103 et
319 2080 379 2103 nos
407 2074 480 2116 post
509 2074 644 2103 mortem
682 2072 752 2103 eius
789 2073 950 2103 tenuimus
988 2068 1156 2113 hucusque
1193 2080 1265 2103 cum
1301 2073 1387 2103 omui
1423 2073 1493 2104 iure
1529 2075 1558 2104 et
1597 2070 1738 2104 dominio
1774 2070 1887 2104 damus
1926 2075 1958 2104 et

124 2131 282 2164 donamus
309 2129 506 2164 hereditarie
534 2129 637 2164 libere
665 2130 704 2163 ad
734 2130 921 2164 tenendum.
960 2129 1192 2174 possidendum
1220 2135 1377 2176 perpetuo
1406 2136 1438 2165 et
1467 2131 1505 2164 ad
1535 2131 1718 2164 habendum
1748 2135 1780 2164 et
1808 2131 1848 2165 ad
1876 2142 1957 2165 vsus

123 2193 272 2237 proprios
301 2190 559 2224 conuertendum
589 2190 778 2224 Secundum
806 2191 890 2236 quod
926 2190 985 2223 sibi
1015 2189 1144 2222 domino
1172 2189 1321 2224 Jarossio
1358 2191 1511 2237 Conpatri
1541 2196 1652 2225 nostro
1682 2193 1815 2237 suisque
1843 2195 1954 2238 pueris

122 2262 183 2286 sev
211 2250 459 2285 successoribus
488 2251 652 2284 videbitur
679 2252 789 2285 vtilius
825 2253 1014 2293 conuenire„
1046 2254 1079 2283 vt
1114 2255 1222 2283 autem
1259 2250 1319 2284 hec
1356 2251 1494 2285 donacio
1533 2256 1643 2285 nostra
1679 2251 1779 2286 robur
1812 2252 1957 2286 obtineat

122 2316 280 2358 perpetuo
316 2311 488 2345 valiturum
522 2311 648 2345 literam
681 2316 869 2358 presentem
905 2312 1000 2356 sigilli
1036 2314 1138 2345 nostri
1166 2310 1344 2345 Munimine
1373 2312 1524 2346 duxImus
1561 2311 1792 2347 roborandam.
1836 2313 1955 2347 Actum

121 2377 153 2407 et
180 2372 288 2406 datum
320 2373 417 2405 Anno
445 2371 575 2406 Domini
604 2371 776 2406 Millesimo
806 2372 1056 2406 Trecentesimo
1087 2371 1269 2405 Tricesimo
1308 2372 1465 2418 Septimo7
1496 2372 1601 2406 Pridie
1630 2372 1743 2406 Nonas
1771 2374 1927 2418 Augusti.

430 2450 495 2479 (Das
519 2452 592 2485 Orig.
619 2453 665 2477 auf
686 2452 851 2486 Pergameni.
878 2453 972 2477 des-sen
1005 2451 1079 2484 bigill
1110 2452 1266 2484 abgerissen
1297 2452 1339 2477 ist.
1370 2453 1402 2477 im
1428 2452 1541 2477 Arctove
1572 2452 1619 2477 (les
1643 2452 1762 2478 Klosters
1788 2453 1898 2478 Fulnek.
1923 2454 1954 2478 im

531 2512 562 2528 m.
588 2508 619 2529 st.
644 2503 854 2530 Landesarcliixe
879 2503 922 2529 L1t.
948 2503 972 2528 L.
999 2512 1021 2528 n.
1053 2503 1091 2535 1.)

1818 2642 1852 2670 15
