2184 2828
1062 119 1132 153 132

181 241 242 282 Qui
272 244 300 274 si
329 251 387 286 per
415 242 586 285 quospiam
615 237 860 284 impedirentur,
890 237 943 271 vel
980 240 1012 271 in
1042 236 1200 281 judicium
1228 247 1286 282 pro
1316 247 1520 282 quacumque
1548 246 1650 269 causa
1679 233 1898 271 traheremur,
1928 233 2014 267 dicta

180 301 409 347 impedimenta
439 304 469 333 et
492 299 665 344 judiciaria
685 301 838 332 examina
865 297 904 331 ad
931 297 1049 331 dictam
1075 307 1197 330 novam
1217 299 1383 330 civitatem
1403 301 1548 330 nostram
1569 294 1808 329 transferantur
1822 293 2014 338 judicanda,

179 364 241 395 nisi
275 361 413 395 vulnera
443 360 494 394 vel
523 370 612 393 mors
640 363 695 392 aut
721 359 876 393 violentia
905 357 1065 392 inferatur
1100 368 1160 402 per
1188 357 1335 399 eosdem⁷
1364 368 1423 403 pro
1452 356 1567 402 quibus
1596 358 1626 389 in
1656 355 1771 389 eadem
1801 356 2015 400 possessione

179 426 304 463 nostra,
333 420 388 455 ubi
416 420 490 454 talia
519 421 772 462 committuntur,
801 421 848 452 rei
876 418 1022 451 illatores
1050 417 1176 451 scilicet
1202 420 1445 462 praemissorum
1469 416 1703 461 judicabuntur
1731 426 1790 461 pro
1818 414 2015 448 excessibus

180 482 378 523 eorunden13
406 482 509 514 ceteri
537 490 620 513 vero
648 481 781 513 innocui
810 478 912 512 libere
940 480 973 511 in
1000 480 1152 523 personis
1182 481 1213 510 et
1239 476 1333 511 bonis
1368 477 1516 526 omnibus
1545 476 1669 520 absque
1697 474 1842 521 quolibet
1870 475 2016 520 impedi—

181 547 290 577 mento
318 541 408 576 abire
436 543 675 586 permittuntur.
704 539 741 573 In
771 542 891 573 ceteris
911 549 995 572 vero
1014 538 1146 572 casibus
1166 537 1353 572 causalibus
1373 537 1523 571 omnibus
1544 535 1790 583 querelantibus
1810 538 1843 568 in
1862 534 2017 581 praedicta

180 603 276 637 Nova
304 605 437 636 civitate
465 605 578 635 nostra
607 599 788 634 satisfactio
817 598 1024 644 impendetur
1046 598 1220 643 judiciario
1240 609 1398 643 processu
1422 599 1507 642 juris
1536 597 1650 631 ordine
1670 598 1870 641 requirente.
1900 594 2018 629 Omnia

181 668 291 698 autem
315 664 390 707 jura
418 666 451 696 et
478 661 646 695 libertates
675 672 714 694 ac
742 659 916 706 privilegia
943 661 1115 704 praemissa
1143 661 1311 703 tangentia
1340 669 1407 692 suae
1441 660 1661 703 rig-orositatis
1681 656 1802 690 robore
1830 658 1863 690 in
1891 655 2019 689 tributis

181 727 301 758 nostris
329 722 486 769 predictis
514 721 699 763 fulciantur,
729 731 791 754 nec
818 731 878 765 per
905 724 1103 765 praesentem
1132 718 1350 752 alleviationis
1377 721 1555 763 gratiosam
1575 719 1828 751 concessionem
1856 716 2019 762 praedictis

177 783 315 829 juribus,
349 781 554 816 libertatibus
587 785 618 815 et
654 781 840 827 privilegiis
874 780 1025 814 ecclesiae
1059 784 1180 813 nostrae
1214 779 1396 825 aliqualiter
1432 779 1583 812 volumus
1622 778 1788 822 derogari.
1843 776 2019 822 Postquam

181 849 290 878 autem
318 843 438 878 divinae
466 845 594 888 pietatis
622 842 796 875 clementie
825 845 991 874 annuente
1020 840 1160 874 debitum
1190 840 1432 873 exsolverimus
1452 842 1558 872 (minis
1578 841 1698 872 carnis.
1720 840 1888 883 praemissa
1908 841 2020 871 nostra

183 907 358 939 concessio
386 908 418 938 et
445 904 598 938 allevatio
626 905 776 945 gratiosa
804 901 908 935 tribus
937 900 1105 935 mensibus
1134 900 1288 946 perduret
1316 904 1347 933 et
1380 911 1444 933 non
1480 900 1562 933 ultra
1593 897 1856 932 mci-cacionibus
1884 907 2021 943 praeno-

185 969 270 1009 tatis,
300 964 417 1010 quibus
439 966 612 998 transactis
632 965 765 996 exactio
785 965 928 1008 ipsorum
948 961 1140 995 tributorum
1162 960 1202 994 ad
1222 971 1313 994 suum
1333 963 1504 1006 pristinum
1526 959 1666 993 debitum
1687 963 1804 992 statum
1824 962 2021 1000 revertatur5

185 1029 247 1061 nisi
282 1038 300 1060 a
335 1030 447 1060 nostro
482 1034 681 1058 successore
715 1023 882 1056 valuerint
915 1022 970 1056 vel
1003 1026 1192 1068 presentem
1226 1026 1370 1055 nostram
1409 1020 1647 1054 ordinationem
1690 1017 1745 1052 aut
1784 1018 1880 1052 aliam
1914 1018 2022 1052 denuo

185 1087 346 1129 obtinere,
375 1090 470 1131 prout
498 1084 567 1118 liaec
595 1087 704 1118 omnia
733 1088 766 1117 et
793 1086 918 1129 quaevis
946 1083 1074 1127 singula
1104 1084 1347 1128 praemissorum
1376 1093 1392 1115 a
1423 1081 1517 1114 nobis
1546 1081 1619 1113 dicti
1646 1084 1849 1113 mercatores
1877 1078 2023 1123 benigue

185 1148 306 1181 admitti
335 1146 541 1192 postularunt
569 1149 600 1178 et
627 1155 664 1178 se
692 1155 731 1178 ac
760 1146 937 1178 consocios
966 1146 1109 1189 ipsorum
1140 1141 1371 1176 inviolabiliter
1404 1141 1661 1187 spoponderunt.
1691 1140 1850 1174 Volumus
1880 1150 1963 1184 ergo
1992 1144 2025 1173 et

184 1210 352 1242 universis
380 1205 576 1240 officialibus
606 1204 782 1238 tributariis
811 1207 935 1238 nostris
964 1215 1004 1237 ac
1035 1203 1164 1245 villicis,
1202 1214 1287 1236 nunc
1321 1207 1353 1236 et
1386 1213 1444 1248 pro
1479 1206 1626 1247 tempore
1663 1203 1859 1243 constitutis,
1888 1200 2025 1234 tirmiter

185 1280 223 1302 ac
253 1268 398 1301 districte
427 1268 656 1312 praecipientes
677 1265 882 1307 mandamus,
904 1269 1065 1310 quatenus
1086 1264 1165 1297 ultra
1186 1266 1386 1309 praemissam
1407 1262 1619 1296 ordinationis
1640 1266 1751 1294 nostre
1771 1263 2024 1295 concessionem

186 1332 217 1363 ’111
246 1327 412 1362 veniendo
442 1332 474 1360 et
502 1326 671 1360 redeundo
700 1330 814 1359 contra
843 1330 991 1359 tenorem
1027 1326 1236 1370 praesentium
1264 1323 1434 1369 praedictos
1472 1327 1672 1356 mercatores
1702 1324 1732 1355 in
1762 1321 1849 1355 nullo
1878 1321 2025 1355 audeatis

185 1389 375 1431 molestare,
404 1387 462 1422 sed
491 1387 560 1420 haec
590 1386 806 1433 praescntibus
826 1389 982 1431 inscripta
1010 1385 1093 1418 inl'ra
1115 1390 1242 1431 tempus
1261 1387 1336 1417 vitae
1356 1388 1474 1417 nostrw
1497 1383 1631 1416 tirmiter
1650 1381 1835 1416 observare
1854 1381 2023 1416 studeatis.

186 1450 223 1484 In
250 1451 344 1493 cujus
365 1451 413 1482 rei
433 1450 652 1482 testimonium
672 1451 853 1493 praescntcs
874 1449 1100 1480 concessimus
1120 1450 1251 1479 nostras
1271 1445 1393 1478 litteras
1414 1444 1587 1490 pendentis
1607 1443 1703 1487 sigilli
1726 1446 1828 1476 nostri
1848 1445 2026 1476 munimine

188 1509 373 1544 roboratas.
420 1508 538 1542 Datum
569 1508 729 1552 Strigonii
757 1511 788 1541 in
819 1507 930 1551 vigilia
959 1506 1148 1540 Nativitatis
1177 1506 1297 1539 domini
1326 1515 1410 1538 anuo
1440 1504 1559 1537 domini
1590 1504 1761 1537 millesimo
1790 1506 2025 1537 trecentesimo

187 1573 354 1605 tricesimo
383 1571 535 1615 septimo.

495 1648 579 1680 [Narin
605 1649 679 1672 cinci·
708 1647 843 1672 Abschriss
875 1648 906 1672 im
938 1646 961 1672 k.
994 1646 1082 1671 bolim.
1112 1646 1228 1671 Musenm
1259 1653 1304 1671 aus
1336 1645 1393 1670 dvm
1425 1644 1536 1669 alu-sien
1563 1643 1752 1672 Bura-rrlnirlw
1777 1644 1803 1668 S.
1831 1641 1954 1669 34435
1979 1642 2027 1668 dcs

600 1699 748 1726 Altst‘adter
773 1699 902 1725 Archives
926 1707 955 1724 zu
981 1699 1072 1731 Prag.)

1063 1801 1165 1836 154.

335 1862 539 1925 Markgraf
570 1881 648 1914 Karl
685 1891 750 1913 von
784 1879 922 1913 Malu-eu
958 1879 1137 1923 bestatigct
1178 1878 1229 1911 die
1262 1888 1337 1910 vom
1375 1876 1504 1919 Kouigc
1537 1876 1666 1909 Joliann
1704 1887 1768 1909 von
1807 1874 1952 1908 Bolimcn
1989 1885 2029 1908 zu

192 1945 289 1987 l’ragr,
320 1954 370 1976 am
400 1942 554 1981 Frcitaffc
583 1953 645 1974 vor
672 1941 744 1974 dem
775 1941 946 1977 Sonntasze
975 1939 1090 1972 Judica
1121 1950 1172 1972 mc
1200 1938 1290 1971 Deus
1321 1937 1417 1970 13:37
1447 1936 1517 1969 dem
1541 1936 1781 1969 Grossmcistcr
1809 1935 1868 1969 des
1898 1934 2027 1969 Kreuz-

193 2003 436 2038 bcrrcnordens
466 2006 520 2036 mit
548 2002 620 2035 dem
651 2002 771 2035 Stcrne
800 2001 862 2034 und
893 2001 955 2034 den
985 2000 1131 2034 anderen
1162 1998 1307 2032 Briidcrn
1337 1997 1394 2031 dcs
1416 1997 1545 2030 llauscs
1574 2008 1614 2030 au
1645 1997 1703 2029 (11·1·
1725 1995 1853 2029 Briicke
1883 2007 1920 2028 zu
1945 1995 2032 2040 l’rag

193 2065 341 2098 crtbcilte
372 2063 529 2098 L'rlmndc
559 2062 729 2105 bcziiglicli
759 2062 817 2095 (les
846 2073 920 2095 vom
958 2060 1061 2095 Jesek
1098 2059 1254 2093 l'rosiuka
1284 2069 1348 2092 von
1378 2057 1481 2090 Dolan
1519 2069 1556 2089 zu
1588 2057 1692 2090 Dolan
1722 2055 1822 2090 sclbst
1851 2055 2031 2100 gckauften

195 2126 309 2159 lloses.
340 2125 392 2158 Dt.
423 2124 549 2168 pragae.
580 2122 639 2156 scr.
671 2122 726 2156 Vl.
759 2133 854 2167 prox.
884 2126 959 2155 ante
988 2121 1226 2155 l'urilicationis
1255 2119 1291 2152 Β.
1321 2118 1433 2152 Maria·
1462 2118 1539 2161 (30,
1569 2118 1712 2161 Janncr)
1744 2116 1852 2150 13:38.

500 2201 690 2235 ‹sufflati-nrm
704 2201 743 2226 lici
758 2201 843 2226 roim-i
858 2201 886 2226 Κ.
902 2200 961 2226 Karl
977 2200 1020 2226 lV.
1037 2200 1053 2225 1.
1069 2199 1114 2225 Τ11.
1128 2197 1340 2225 [Τ11111111υ1111υ1-11
1355 2198 1380 2223 S.
1397 2196 1474 2221 2011.
1491 2197 1543 2222 XX.
1557 2196 1747 2221 R‹›lnm·1·.·x‹l=l.
1760 2195 1789 2221 ll.
1801 2197 1826 2221 S.
1844 2195 1912 2221 312.
1928 2204 1951 2221 11.
1968 2194 2032 2225 20.)

1069 2303 1169 2337 185.

198 2384 301 2417 ,Ιώ-(Ἰν
331 2395 390 2416 ron
422 2383 565 2416 Nlu'leml
592 2381 762 2415 uberlusst
791 2382 860 2414 dem
889 2381 1012 2418 ll'itelt.
1040 2381 1185 2424 J'farrer
1213 2391 1252 2413 zu
1280 2377 1438 2411 Biz-susle.
1461 2377 1526 2409 med
1544 2377 1662 2409 'les-sen
1684 2376 1915 2421 *N'm-lefidyern
1935 2377 2031 2409 einen

200 2444 463 2489 :J'nspflirlatffln
483 2444 573 2476 Laltn
587 2445 619 2476 in
633 2441 792 2476 Bi-ezm'lc.
810 2442 867 2475 Ι)Ι.
886 2443 917 2475 iu
936 2441 1115 2483 Brzezm'lt,
1133 2441 1186 2474 die
1198 2439 1450 2483 I’m·ifi‹·(1le'om's
1465 2437 1503 2470 13.
1518 2437 1638 2470 Maria»
1656 2437 1710 2476 (2.
1729 2436 1882 2471 Februar
1900 2435 2030 2478 1338.)

352 2519 396 2572 111
428 2538 565 2572 Nomine
594 2539 723 2572 Domini
764 2539 882 2572 Amen.
937 2537 1036 2570 Multa
1072 2537 1156 2570 facta
1190 2539 1220 2569 in
1258 2533 1376 2567 mundo
1413 2533 1608 2566 inclinantur
1636 2532 1674 2565 ab
1705 2533 1846 2565 humano
1875 2541 1974 2565 seusu
2003 2535 2035 2565 et

202 2600 376 2634 intellectu.
407 2610 477 2644 qua·
507 2604 651 2644 temporo
681 2598 895 2635 succedente,
925 2602 1057 2643 propter
1085 2598 1333 2630 inconstantium
1364 2598 1543 2638 temporum
1573 2605 1630 2626 scu
1653 2593 1817 2635 horarum,
1839 2604 1856 2625 a
1877 2594 2034 2625 memoria
