<?xml version="1.0" encoding="UTF-8"?>
<!DOCTYPE html PUBLIC "-//W3C//DTD XHTML 1.0 Transitional//EN"
    "http://www.w3.org/TR/xhtml1/DTD/xhtml1-transitional.dtd">
<html xmlns="http://www.w3.org/1999/xhtml" xml:lang="en" lang="en">
 <head>
  <title>
</title>
<meta http-equiv="Content-Type" content="text/html;charset=utf-8" />
  <meta name='ocr-system' content='tesseract 3.04.00' />
  <meta name='ocr-capabilities' content='ocr_page ocr_carea ocr_par ocr_line ocrx_word'/>
</head>
<body>
  <div class='ocr_page' id='page_1' title='image "./codexdiplomaticu07morauoft_0270.png"; bbox 0 0 2184 2828; ppageno 0'>
   <div class='ocr_carea' id='block_1_1' title="bbox 1052 126 1123 161">
    <p class='ocr_par' dir='ltr' id='par_1_1' title="bbox 1052 126 1123 161">
     <span class='ocr_line' id='line_1_1' title="bbox 1052 126 1123 161; baseline 0 -1"><span class='ocrx_word' id='word_1_1' title='bbox 1052 126 1123 161; x_wconf 79' lang='lat'>194</span> 
     </span>
    </p>
   </div>
   <div class='ocr_carea' id='block_1_2' title="bbox 167 243 2012 1799">
    <p class='ocr_par' dir='ltr' id='par_1_2' title="bbox 167 243 2012 1683">
     <span class='ocr_line' id='line_1_2' title="bbox 168 243 2007 292; baseline -0.002 -13"><span class='ocrx_word' id='word_1_2' title='bbox 168 256 226 292; x_wconf 91' lang='lat' dir='ltr'>pro</span> <span class='ocrx_word' id='word_1_3' title='bbox 261 248 370 279; x_wconf 88' lang='lat' dir='ltr'>anime</span> <span class='ocrx_word' id='word_1_4' title='bbox 405 256 478 279; x_wconf 85' lang='lat' dir='ltr'>mee</span> <span class='ocrx_word' id='word_1_5' title='bbox 513 245 619 278; x_wconf 83' lang='lat' dir='ltr'>salute</span> <span class='ocrx_word' id='word_1_6' title='bbox 656 255 694 278; x_wconf 91' lang='lat' dir='ltr'>ac</span> <span class='ocrx_word' id='word_1_7' title='bbox 727 246 759 278; x_wconf 93' lang='lat' dir='ltr'>in</span> <span class='ocrx_word' id='word_1_8' title='bbox 794 243 975 278; x_wconf 88' lang='lat' dir='ltr'>remedium</span> <span class='ocrx_word' id='word_1_9' title='bbox 1010 254 1070 277; x_wconf 89' lang='lat' dir='ltr'>seu</span> <span class='ocrx_word' id='word_1_10' title='bbox 1102 243 1292 277; x_wconf 89' lang='lat' dir='ltr'>releuamen</span> <span class='ocrx_word' id='word_1_11' title='bbox 1333 246 1559 289; x_wconf 86' lang='lat' dir='ltr'>peccaminum</span> <span class='ocrx_word' id='word_1_12' title='bbox 1601 254 1749 277; x_wconf 81' lang='lat' dir='ltr'>nieorum</span> <span class='ocrx_word' id='word_1_13' title='bbox 1791 247 1823 276; x_wconf 90' lang='lat' dir='ltr'>et</span> <span class='ocrx_word' id='word_1_14' title='bbox 1863 245 2007 277; x_wconf 89' lang='lat' dir='ltr'>omnium</span> 
     </span>
     <span class='ocr_line' id='line_1_3' title="bbox 167 302 2006 352; baseline -0.002 -13"><span class='ocrx_word' id='word_1_15' title='bbox 167 309 347 339; x_wconf 87' lang='lat' dir='ltr'>amicorum</span> <span class='ocrx_word' id='word_1_16' title='bbox 375 317 415 339; x_wconf 92' lang='lat' dir='ltr'>ac</span> <span class='ocrx_word' id='word_1_17' title='bbox 443 308 689 352; x_wconf 77' lang='lat' dir='ltr'>progenitorum</span> <span class='ocrx_word' id='word_1_18' title='bbox 719 316 867 338; x_wconf 84' lang='lat' dir='ltr'>meorum</span> <span class='ocrx_word' id='word_1_19' title='bbox 895 304 1063 349; x_wconf 79' lang='lat' dir='ltr'>religiosis</span> <span class='ocrx_word' id='word_1_20' title='bbox 1091 307 1123 337; x_wconf 88' lang='lat' dir='ltr'>ct</span> <span class='ocrx_word' id='word_1_21' title='bbox 1150 303 1212 338; x_wconf 90' lang='lat' dir='ltr'>deo</span> <span class='ocrx_word' id='word_1_22' title='bbox 1240 304 1368 338; x_wconf 88' lang='lat' dir='ltr'>deuotis</span> <span class='ocrx_word' id='word_1_23' title='bbox 1396 303 1550 338; x_wconf 88' lang='lat' dir='ltr'>fratribus</span> <span class='ocrx_word' id='word_1_24' title='bbox 1580 315 1639 338; x_wconf 90' lang='lat' dir='ltr'>seu</span> <span class='ocrx_word' id='word_1_25' title='bbox 1668 305 1846 337; x_wconf 87' lang='lat' dir='ltr'>conuentui</span> <span class='ocrx_word' id='word_1_26' title='bbox 1877 302 2006 336; x_wconf 89' lang='lat' dir='ltr'>cenobii</span> 
     </span>
     <span class='ocr_line' id='line_1_4' title="bbox 167 363 2007 412; baseline -0.002 -12"><span class='ocrx_word' id='word_1_27' title='bbox 167 366 418 412; x_wconf 59' lang='lat' dir='ltr'>Raygradensis</span> <span class='ocrx_word' id='word_1_28' title='bbox 447 366 534 399; x_wconf 88' lang='lat' dir='ltr'>dicte</span> <span class='ocrx_word' id='word_1_29' title='bbox 563 364 719 411; x_wconf 66' lang='lat' dir='ltr'>dyocesis</span> <span class='ocrx_word' id='word_1_30' title='bbox 748 366 870 410; x_wconf 75' lang='lat' dir='ltr'>lcgaui,</span> <span class='ocrx_word' id='word_1_31' title='bbox 905 364 1069 400; x_wconf 77' lang='lat' dir='ltr'>mandaui.</span> <span class='ocrx_word' id='word_1_32' title='bbox 1099 363 1258 410; x_wconf 79' lang='lat' dir='ltr'>disposui,</span> <span class='ocrx_word' id='word_1_33' title='bbox 1287 364 1436 398; x_wconf 87' lang='lat' dir='ltr'>ordinaui</span> <span class='ocrx_word' id='word_1_34' title='bbox 1465 370 1495 399; x_wconf 84' lang='lat' dir='ltr'>et</span> <span class='ocrx_word' id='word_1_35' title='bbox 1532 364 1652 398; x_wconf 89' lang='lat' dir='ltr'>donaui</span> <span class='ocrx_word' id='word_1_36' title='bbox 1681 366 1776 397; x_wconf 90' lang='lat' dir='ltr'>annis</span> <span class='ocrx_word' id='word_1_37' title='bbox 1807 363 1946 408; x_wconf 85' lang='lat' dir='ltr'>singulis</span> <span class='ocrx_word' id='word_1_38' title='bbox 1975 365 2007 396; x_wconf 93' lang='lat' dir='ltr'>in</span> 
     </span>
     <span class='ocr_line' id='line_1_5' title="bbox 167 423 2007 473; baseline -0.002 -13"><span class='ocrx_word' id='word_1_39' title='bbox 167 431 359 473; x_wconf 87' lang='lat' dir='ltr'>perpetuum</span> <span class='ocrx_word' id='word_1_40' title='bbox 394 425 611 470; x_wconf 63' lang='lat' dir='ltr'>colligendas,</span> <span class='ocrx_word' id='word_1_41' title='bbox 646 426 868 472; x_wconf 71' lang='lat' dir='ltr'>recipiendas,</span> <span class='ocrx_word' id='word_1_42' title='bbox 909 424 1128 467; x_wconf 76' lang='lat' dir='ltr'>vtifruendas,</span> <span class='ocrx_word' id='word_1_43' title='bbox 1167 428 1200 458; x_wconf 84' lang='lat' dir='ltr'>et</span> <span class='ocrx_word' id='word_1_44' title='bbox 1234 436 1294 471; x_wconf 89' lang='lat' dir='ltr'>pro</span> <span class='ocrx_word' id='word_1_45' title='bbox 1336 435 1396 459; x_wconf 87' lang='lat' dir='ltr'>suo</span> <span class='ocrx_word' id='word_1_46' title='bbox 1435 424 1646 471; x_wconf 89' lang='lat' dir='ltr'>beneplacito</span> <span class='ocrx_word' id='word_1_47' title='bbox 1687 423 1926 470; x_wconf 64' lang='lat' dir='ltr'>disponendas,</span> <span class='ocrx_word' id='word_1_48' title='bbox 1964 426 2007 457; x_wconf 88' lang='lat' dir='ltr'>ita</span> 
     </span>
     <span class='ocr_line' id='line_1_6' title="bbox 167 484 2008 533; baseline -0.001 -13"><span class='ocrx_word' id='word_1_49' title='bbox 167 492 274 521; x_wconf 88' lang='lat' dir='ltr'>tamen</span> <span class='ocrx_word' id='word_1_50' title='bbox 305 486 388 533; x_wconf 88' lang='lat' dir='ltr'>quod</span> <span class='ocrx_word' id='word_1_51' title='bbox 417 486 537 520; x_wconf 87' lang='lat' dir='ltr'>fratres</span> <span class='ocrx_word' id='word_1_52' title='bbox 565 486 704 532; x_wconf 80' lang='lat' dir='ltr'>predicti</span> <span class='ocrx_word' id='word_1_53' title='bbox 732 485 872 532; x_wconf 83' lang='lat' dir='ltr'>plebano</span> <span class='ocrx_word' id='word_1_54' title='bbox 892 488 923 519; x_wconf 90' lang='lat' dir='ltr'>in</span> <span class='ocrx_word' id='word_1_55' title='bbox 945 484 1091 520; x_wconf 82' lang='lat' dir='ltr'>Modricz</span> <span class='ocrx_word' id='word_1_56' title='bbox 1112 487 1308 530; x_wconf 79' lang='lat' dir='ltr'>quicumque</span> <span class='ocrx_word' id='word_1_57' title='bbox 1328 496 1387 532; x_wconf 90' lang='lat' dir='ltr'>pro</span> <span class='ocrx_word' id='word_1_58' title='bbox 1406 489 1556 532; x_wconf 85' lang='lat' dir='ltr'>tempore</span> <span class='ocrx_word' id='word_1_59' title='bbox 1576 486 1673 519; x_wconf 86' lang='lat' dir='ltr'>fuerit</span> <span class='ocrx_word' id='word_1_60' title='bbox 1694 489 1827 531; x_wconf 90' lang='lat' dir='ltr'>propter</span> <span class='ocrx_word' id='word_1_61' title='bbox 1854 484 2008 518; x_wconf 88' lang='lat' dir='ltr'>familiam</span> 
     </span>
     <span class='ocr_line' id='line_1_7' title="bbox 167 545 2009 593; baseline -0.001 -13"><span class='ocrx_word' id='word_1_62' title='bbox 167 550 258 581; x_wconf 84' lang='lat' dir='ltr'>curie</span> <span class='ocrx_word' id='word_1_63' title='bbox 286 550 388 593; x_wconf 90' lang='lat' dir='ltr'>ipsius</span> <span class='ocrx_word' id='word_1_64' title='bbox 417 546 671 592; x_wconf 31' lang='lat' dir='ltr'>procurandam*</span> <span class='ocrx_word' id='word_1_65' title='bbox 702 547 741 580; x_wconf 91' lang='lat' dir='ltr'>de</span> <span class='ocrx_word' id='word_1_66' title='bbox 771 547 907 579; x_wconf 84' lang='lat' dir='ltr'>decimis</span> <span class='ocrx_word' id='word_1_67' title='bbox 943 549 991 580; x_wconf 89' lang='lat' dir='ltr'>sic</span> <span class='ocrx_word' id='word_1_68' title='bbox 1025 545 1175 579; x_wconf 85' lang='lat' dir='ltr'>collectis</span> <span class='ocrx_word' id='word_1_69' title='bbox 1209 550 1284 579; x_wconf 89' lang='lat' dir='ltr'>octo</span> <span class='ocrx_word' id='word_1_70' title='bbox 1319 550 1476 580; x_wconf 78' lang='lat' dir='ltr'>metretas</span> <span class='ocrx_word' id='word_1_71' title='bbox 1512 547 1652 591; x_wconf 75' lang='lat' dir='ltr'>siliginis</span> <span class='ocrx_word' id='word_1_72' title='bbox 1687 550 1719 579; x_wconf 90' lang='lat' dir='ltr'>et</span> <span class='ocrx_word' id='word_1_73' title='bbox 1754 556 1818 579; x_wconf 82' lang='lat' dir='ltr'>sex</span> <span class='ocrx_word' id='word_1_74' title='bbox 1850 549 2009 579; x_wconf 79' lang='lat' dir='ltr'>metretas</span> 
     </span>
     <span class='ocr_line' id='line_1_8' title="bbox 168 606 2008 651; baseline -0.001 -10"><span class='ocrx_word' id='word_1_75' title='bbox 168 619 274 641; x_wconf 86' lang='lat' dir='ltr'>auene</span> <span class='ocrx_word' id='word_1_76' title='bbox 311 607 440 641; x_wconf 88' lang='lat' dir='ltr'>decime</span> <span class='ocrx_word' id='word_1_77' title='bbox 474 610 608 641; x_wconf 89' lang='lat' dir='ltr'>nomine</span> <span class='ocrx_word' id='word_1_78' title='bbox 643 607 722 641; x_wconf 90' lang='lat' dir='ltr'>dare</span> <span class='ocrx_word' id='word_1_79' title='bbox 757 611 790 641; x_wconf 85' lang='lat' dir='ltr'>et</span> <span class='ocrx_word' id='word_1_80' title='bbox 826 609 1001 651; x_wconf 82' lang='lat' dir='ltr'>assignare</span> <span class='ocrx_word' id='word_1_81' title='bbox 1036 608 1131 640; x_wconf 88' lang='lat' dir='ltr'>annis</span> <span class='ocrx_word' id='word_1_82' title='bbox 1169 607 1309 651; x_wconf 86' lang='lat' dir='ltr'>singulis</span> <span class='ocrx_word' id='word_1_83' title='bbox 1350 611 1534 649; x_wconf 54' lang='lat' dir='ltr'>teneantur5</span> <span class='ocrx_word' id='word_1_84' title='bbox 1573 611 1606 640; x_wconf 87' lang='lat' dir='ltr'>et</span> <span class='ocrx_word' id='word_1_85' title='bbox 1647 606 1731 639; x_wconf 83' lang='lat' dir='ltr'>hanc</span> <span class='ocrx_word' id='word_1_86' title='bbox 1771 616 1878 639; x_wconf 89' lang='lat' dir='ltr'>meam</span> <span class='ocrx_word' id='word_1_87' title='bbox 1921 608 2008 640; x_wconf 87' lang='lat' dir='ltr'>circa</span> 
     </span>
     <span class='ocr_line' id='line_1_9' title="bbox 168 665 2009 714; baseline -0.001 -13"><span class='ocrx_word' id='word_1_88' title='bbox 168 669 316 714; x_wconf 88' lang='lat' dir='ltr'>predicta</span> <span class='ocrx_word' id='word_1_89' title='bbox 356 667 429 702; x_wconf 91' lang='lat' dir='ltr'>fore</span> <span class='ocrx_word' id='word_1_90' title='bbox 470 668 547 701; x_wconf 90' lang='lat' dir='ltr'>volo</span> <span class='ocrx_word' id='word_1_91' title='bbox 589 668 737 702; x_wconf 78' lang='lat' dir='ltr'>Vltimam</span> <span class='ocrx_word' id='word_1_92' title='bbox 777 667 991 709; x_wconf 73' lang='lat' dir='ltr'>voluntatem,</span> <span class='ocrx_word' id='word_1_93' title='bbox 1034 669 1128 700; x_wconf 87' lang='lat' dir='ltr'>cuius</span> <span class='ocrx_word' id='word_1_94' title='bbox 1170 669 1429 701; x_wconf 82' lang='lat' dir='ltr'>exsecucionem</span> <span class='ocrx_word' id='word_1_95' title='bbox 1469 667 1643 713; x_wconf 81' lang='lat' dir='ltr'>nepotibus</span> <span class='ocrx_word' id='word_1_96' title='bbox 1682 669 1765 700; x_wconf 90' lang='lat' dir='ltr'>meis</span> <span class='ocrx_word' id='word_1_97' title='bbox 1802 665 1940 712; x_wconf 66' lang='lat' dir='ltr'>Sobyen</span> <span class='ocrx_word' id='word_1_98' title='bbox 1978 669 2009 699; x_wconf 88' lang='lat' dir='ltr'>et</span> 
     </span>
     <span class='ocr_line' id='line_1_10' title="bbox 168 726 2008 774; baseline -0.002 -12"><span class='ocrx_word' id='word_1_99' title='bbox 168 728 375 774; x_wconf 68' lang='lat' dir='ltr'>Jarohnyew</span> <span class='ocrx_word' id='word_1_100' title='bbox 405 728 578 762; x_wconf 84' lang='lat' dir='ltr'>antedictis</span> <span class='ocrx_word' id='word_1_101' title='bbox 605 739 645 762; x_wconf 84' lang='lat' dir='ltr'>ac</span> <span class='ocrx_word' id='word_1_102' title='bbox 664 729 735 762; x_wconf 85' lang='lat' dir='ltr'>aliis</span> <span class='ocrx_word' id='word_1_103' title='bbox 757 730 837 761; x_wconf 90' lang='lat' dir='ltr'>meis</span> <span class='ocrx_word' id='word_1_104' title='bbox 858 730 888 761; x_wconf 92' lang='lat' dir='ltr'>in</span> <span class='ocrx_word' id='word_1_105' title='bbox 909 728 1024 761; x_wconf 86' lang='lat' dir='ltr'>eadem</span> <span class='ocrx_word' id='word_1_106' title='bbox 1045 730 1134 761; x_wconf 86' lang='lat' dir='ltr'>curia</span> <span class='ocrx_word' id='word_1_107' title='bbox 1155 727 1408 762; x_wconf 88' lang='lat' dir='ltr'>successoribus</span> <span class='ocrx_word' id='word_1_108' title='bbox 1428 728 1596 773; x_wconf 80' lang='lat' dir='ltr'>legittimis</span> <span class='ocrx_word' id='word_1_109' title='bbox 1625 726 1763 761; x_wconf 85' lang='lat' dir='ltr'>fideliter</span> <span class='ocrx_word' id='word_1_110' title='bbox 1789 729 2008 768; x_wconf 73' lang='lat' dir='ltr'>recommitm,</span> 
     </span>
     <span class='ocr_line' id='line_1_11' title="bbox 168 787 2009 835; baseline -0.002 -12"><span class='ocrx_word' id='word_1_111' title='bbox 168 789 351 823; x_wconf 79' lang='lat' dir='ltr'>obsecrans</span> <span class='ocrx_word' id='word_1_112' title='bbox 387 800 447 823; x_wconf 91' lang='lat' dir='ltr'>eos</span> <span class='ocrx_word' id='word_1_113' title='bbox 480 800 540 835; x_wconf 91' lang='lat' dir='ltr'>per</span> <span class='ocrx_word' id='word_1_114' title='bbox 569 792 698 823; x_wconf 87' lang='lat' dir='ltr'>uiscera</span> <span class='ocrx_word' id='word_1_115' title='bbox 723 788 951 822; x_wconf 81' lang='lat' dir='ltr'>misericordie</span> <span class='ocrx_word' id='word_1_116' title='bbox 970 788 1052 822; x_wconf 88' lang='lat' dir='ltr'>Jesu</span> <span class='ocrx_word' id='word_1_117' title='bbox 1073 788 1204 827; x_wconf 63' lang='lat' dir='ltr'>Christi„</span> <span class='ocrx_word' id='word_1_118' title='bbox 1233 792 1394 833; x_wconf 90' lang='lat' dir='ltr'>quatenus</span> <span class='ocrx_word' id='word_1_119' title='bbox 1414 787 1498 822; x_wconf 88' lang='lat' dir='ltr'>hanc</span> <span class='ocrx_word' id='word_1_120' title='bbox 1517 799 1623 822; x_wconf 89' lang='lat' dir='ltr'>meam</span> <span class='ocrx_word' id='word_1_121' title='bbox 1643 788 1845 821; x_wconf 88' lang='lat' dir='ltr'>uoluntatem</span> <span class='ocrx_word' id='word_1_122' title='bbox 1865 787 2009 821; x_wconf 85' lang='lat' dir='ltr'>ultimam</span> 
     </span>
     <span class='ocr_line' id='line_1_12' title="bbox 168 848 2010 895; baseline -0.002 -11"><span class='ocrx_word' id='word_1_123' title='bbox 168 850 346 895; x_wconf 75' lang='lat' dir='ltr'>dignentur</span> <span class='ocrx_word' id='word_1_124' title='bbox 374 849 505 884; x_wconf 84' lang='lat' dir='ltr'>effectui</span> <span class='ocrx_word' id='word_1_125' title='bbox 533 852 737 895; x_wconf 79' lang='lat' dir='ltr'>mancipare.</span> <span class='ocrx_word' id='word_1_126' title='bbox 768 849 889 883; x_wconf 88' lang='lat' dir='ltr'>Testes</span> <span class='ocrx_word' id='word_1_127' title='bbox 918 854 1026 883; x_wconf 89' lang='lat' dir='ltr'>autem</span> <span class='ocrx_word' id='word_1_128' title='bbox 1061 848 1176 882; x_wconf 91' lang='lat' dir='ltr'>horum</span> <span class='ocrx_word' id='word_1_129' title='bbox 1204 848 1356 882; x_wconf 88' lang='lat' dir='ltr'>uidelicet</span> <span class='ocrx_word' id='word_1_130' title='bbox 1389 849 1586 894; x_wconf 64' lang='lat' dir='ltr'>legacionis,</span> <span class='ocrx_word' id='word_1_131' title='bbox 1616 848 1821 890; x_wconf 83' lang='lat' dir='ltr'>donacionis,</span> <span class='ocrx_word' id='word_1_132' title='bbox 1850 851 2010 893; x_wconf 84' lang='lat' dir='ltr'>perpetue</span> 
     </span>
     <span class='ocr_line' id='line_1_13' title="bbox 168 908 2011 957; baseline -0.001 -13"><span class='ocrx_word' id='word_1_133' title='bbox 168 911 413 957; x_wconf 79' lang='lat' dir='ltr'>disposicionis,</span> <span class='ocrx_word' id='word_1_134' title='bbox 442 910 679 951; x_wconf 62' lang='lat' dir='ltr'>ordinacionis„</span> <span class='ocrx_word' id='word_1_135' title='bbox 708 909 862 953; x_wconf 73' lang='lat' dir='ltr'>mandati,</span> <span class='ocrx_word' id='word_1_136' title='bbox 891 912 1091 946; x_wconf 61' lang='lat' dir='ltr'>testamenti„</span> <span class='ocrx_word' id='word_1_137' title='bbox 1121 908 1198 943; x_wconf 85' lang='lat' dir='ltr'>facti</span> <span class='ocrx_word' id='word_1_138' title='bbox 1225 920 1264 942; x_wconf 90' lang='lat' dir='ltr'>ac</span> <span class='ocrx_word' id='word_1_139' title='bbox 1291 909 1466 943; x_wconf 85' lang='lat' dir='ltr'>uoluntatis</span> <span class='ocrx_word' id='word_1_140' title='bbox 1501 910 1614 943; x_wconf 70' lang='lat' dir='ltr'>vltime</span> <span class='ocrx_word' id='word_1_141' title='bbox 1651 912 1714 943; x_wconf 88' lang='lat' dir='ltr'>iam</span> <span class='ocrx_word' id='word_1_142' title='bbox 1743 919 1908 955; x_wconf 76' lang='lat' dir='ltr'>expresse</span> <span class='ocrx_word' id='word_1_143' title='bbox 1936 912 2011 942; x_wconf 83' lang='lat' dir='ltr'>sunt</span> 
     </span>
     <span class='ocr_line' id='line_1_14' title="bbox 167 969 2009 1016; baseline -0.001 -11"><span class='ocrx_word' id='word_1_144' title='bbox 167 974 292 1006; x_wconf 87' lang='lat' dir='ltr'>strenui</span> <span class='ocrx_word' id='word_1_145' title='bbox 321 974 395 1014; x_wconf 65' lang='lat' dir='ltr'>viri‚</span> <span class='ocrx_word' id='word_1_146' title='bbox 424 971 573 1016; x_wconf 68' lang='lat' dir='ltr'>Alsycus</span> <span class='ocrx_word' id='word_1_147' title='bbox 602 970 687 1004; x_wconf 88' lang='lat' dir='ltr'>filius</span> <span class='ocrx_word' id='word_1_148' title='bbox 716 970 879 1016; x_wconf 89' lang='lat' dir='ltr'>quondam</span> <span class='ocrx_word' id='word_1_149' title='bbox 915 969 1113 1013; x_wconf 65' lang='lat' dir='ltr'>Franconis,</span> <span class='ocrx_word' id='word_1_150' title='bbox 1148 969 1330 1003; x_wconf 87' lang='lat' dir='ltr'>Henzlinus</span> <span class='ocrx_word' id='word_1_151' title='bbox 1359 969 1442 1003; x_wconf 85' lang='lat' dir='ltr'>filius</span> <span class='ocrx_word' id='word_1_152' title='bbox 1470 970 1623 1013; x_wconf 71' lang='lat' dir='ltr'>Arnoldi‚</span> <span class='ocrx_word' id='word_1_153' title='bbox 1653 969 1769 1003; x_wconf 76' lang='lat' dir='ltr'>vasalli</span> <span class='ocrx_word' id='word_1_154' title='bbox 1797 972 2009 1015; x_wconf 86' lang='lat' dir='ltr'>episcopatus</span> 
     </span>
     <span class='ocr_line' id='line_1_15' title="bbox 168 1028 2009 1076; baseline -0.002 -10"><span class='ocrx_word' id='word_1_155' title='bbox 168 1044 227 1066; x_wconf 88' lang='lat' dir='ltr'>seu</span> <span class='ocrx_word' id='word_1_156' title='bbox 256 1032 402 1066; x_wconf 88' lang='lat' dir='ltr'>ecclesie</span> <span class='ocrx_word' id='word_1_157' title='bbox 431 1030 677 1073; x_wconf 73' lang='lat' dir='ltr'>olomucensis,</span> <span class='ocrx_word' id='word_1_158' title='bbox 706 1030 787 1064; x_wconf 83' lang='lat' dir='ltr'>Item</span> <span class='ocrx_word' id='word_1_159' title='bbox 815 1030 1005 1073; x_wconf 79' lang='lat' dir='ltr'>Welsstnus,</span> <span class='ocrx_word' id='word_1_160' title='bbox 1042 1030 1244 1064; x_wconf 87' lang='lat' dir='ltr'>Henczlinus</span> <span class='ocrx_word' id='word_1_161' title='bbox 1279 1030 1383 1064; x_wconf 86' lang='lat' dir='ltr'>dictus</span> <span class='ocrx_word' id='word_1_162' title='bbox 1415 1030 1602 1076; x_wconf 71' lang='lat' dir='ltr'>Hupczow‚</span> <span class='ocrx_word' id='word_1_163' title='bbox 1639 1029 1807 1076; x_wconf 83' lang='lat' dir='ltr'>Philippus</span> <span class='ocrx_word' id='word_1_164' title='bbox 1844 1028 2009 1071; x_wconf 83' lang='lat' dir='ltr'>carnifex,</span> 
     </span>
     <span class='ocr_line' id='line_1_16' title="bbox 168 1090 2012 1139; baseline -0.001 -13"><span class='ocrx_word' id='word_1_165' title='bbox 168 1092 324 1139; x_wconf 65' lang='lat' dir='ltr'>Mychael</span> <span class='ocrx_word' id='word_1_166' title='bbox 351 1091 476 1126; x_wconf 88' lang='lat' dir='ltr'>scabini</span> <span class='ocrx_word' id='word_1_167' title='bbox 504 1090 592 1137; x_wconf 91' lang='lat' dir='ltr'>opidi</span> <span class='ocrx_word' id='word_1_168' title='bbox 619 1091 840 1125; x_wconf 81' lang='lat' dir='ltr'>Modriccnsis</span> <span class='ocrx_word' id='word_1_169' title='bbox 870 1095 902 1125; x_wconf 87' lang='lat' dir='ltr'>et</span> <span class='ocrx_word' id='word_1_170' title='bbox 929 1092 1040 1137; x_wconf 87' lang='lat' dir='ltr'>plures</span> <span class='ocrx_word' id='word_1_171' title='bbox 1069 1091 1122 1136; x_wconf 83' lang='lat' dir='ltr'>aiij</span> <span class='ocrx_word' id='word_1_172' title='bbox 1149 1091 1212 1125; x_wconf 90' lang='lat' dir='ltr'>fide</span> <span class='ocrx_word' id='word_1_173' title='bbox 1241 1090 1342 1136; x_wconf 67' lang='lat' dir='ltr'>digni,</span> <span class='ocrx_word' id='word_1_174' title='bbox 1362 1101 1444 1135; x_wconf 89' lang='lat' dir='ltr'>quos</span> <span class='ocrx_word' id='word_1_175' title='bbox 1469 1102 1586 1125; x_wconf 89' lang='lat' dir='ltr'>omnes</span> <span class='ocrx_word' id='word_1_176' title='bbox 1613 1095 1645 1125; x_wconf 88' lang='lat' dir='ltr'>ct</span> <span class='ocrx_word' id='word_1_177' title='bbox 1664 1091 1814 1136; x_wconf 84' lang='lat' dir='ltr'>singulos</span> <span class='ocrx_word' id='word_1_178' title='bbox 1841 1094 2012 1124; x_wconf 82' lang='lat' dir='ltr'>contestor</span> 
     </span>
     <span class='ocr_line' id='line_1_17' title="bbox 169 1150 2010 1198; baseline -0.001 -12"><span class='ocrx_word' id='word_1_179' title='bbox 169 1153 230 1187; x_wconf 81' lang='lat' dir='ltr'>sub</span> <span class='ocrx_word' id='word_1_180' title='bbox 265 1155 539 1186; x_wconf 87' lang='lat' dir='ltr'>interminacione</span> <span class='ocrx_word' id='word_1_181' title='bbox 567 1152 707 1186; x_wconf 85' lang='lat' dir='ltr'>districti</span> <span class='ocrx_word' id='word_1_182' title='bbox 741 1152 863 1195; x_wconf 70' lang='lat' dir='ltr'>iudicii,</span> <span class='ocrx_word' id='word_1_183' title='bbox 899 1155 1050 1197; x_wconf 86' lang='lat' dir='ltr'>quatinus</span> <span class='ocrx_word' id='word_1_184' title='bbox 1085 1152 1125 1186; x_wconf 92' lang='lat' dir='ltr'>de</span> <span class='ocrx_word' id='word_1_185' title='bbox 1159 1154 1393 1198; x_wconf 86' lang='lat' dir='ltr'>suprascriptis</span> <span class='ocrx_word' id='word_1_186' title='bbox 1428 1151 1578 1185; x_wconf 91' lang='lat' dir='ltr'>omnibus</span> <span class='ocrx_word' id='word_1_187' title='bbox 1613 1154 1640 1186; x_wconf 92' lang='lat' dir='ltr'>si</span> <span class='ocrx_word' id='word_1_188' title='bbox 1670 1150 1800 1197; x_wconf 88' lang='lat' dir='ltr'>quando</span> <span class='ocrx_word' id='word_1_189' title='bbox 1827 1153 2010 1185; x_wconf 85' lang='lat' dir='ltr'>necessitas</span> 
     </span>
     <span class='ocr_line' id='line_1_18' title="bbox 168 1211 2009 1259; baseline -0.002 -12"><span class='ocrx_word' id='word_1_190' title='bbox 168 1213 274 1259; x_wconf 84' lang='lat' dir='ltr'>aliqua</span> <span class='ocrx_word' id='word_1_191' title='bbox 296 1212 492 1259; x_wconf 85' lang='lat' dir='ltr'>supradictis</span> <span class='ocrx_word' id='word_1_192' title='bbox 513 1212 668 1246; x_wconf 83' lang='lat' dir='ltr'>fratribus</span> <span class='ocrx_word' id='word_1_193' title='bbox 691 1212 885 1250; x_wconf 65' lang='lat' dir='ltr'>incubuerit.</span> <span class='ocrx_word' id='word_1_194' title='bbox 911 1217 943 1246; x_wconf 81' lang='lat' dir='ltr'>et</span> <span class='ocrx_word' id='word_1_195' title='bbox 964 1215 1112 1257; x_wconf 84' lang='lat' dir='ltr'>requisiti</span> <span class='ocrx_word' id='word_1_196' title='bbox 1132 1212 1263 1255; x_wconf 81' lang='lat' dir='ltr'>fuerint,</span> <span class='ocrx_word' id='word_1_197' title='bbox 1286 1213 1389 1246; x_wconf 88' lang='lat' dir='ltr'>velint</span> <span class='ocrx_word' id='word_1_198' title='bbox 1412 1216 1444 1246; x_wconf 87' lang='lat' dir='ltr'>et</span> <span class='ocrx_word' id='word_1_199' title='bbox 1466 1211 1606 1246; x_wconf 87' lang='lat' dir='ltr'>debeant</span> <span class='ocrx_word' id='word_1_200' title='bbox 1630 1215 1761 1246; x_wconf 80' lang='lat' dir='ltr'>veritati</span> <span class='ocrx_word' id='word_1_201' title='bbox 1790 1214 2009 1246; x_wconf 85' lang='lat' dir='ltr'>testimonium</span> 
     </span>
     <span class='ocr_line' id='line_1_19' title="bbox 168 1272 2011 1320; baseline -0.001 -13"><span class='ocrx_word' id='word_1_202' title='bbox 168 1273 355 1320; x_wconf 88' lang='lat' dir='ltr'>perhibere.</span> <span class='ocrx_word' id='word_1_203' title='bbox 386 1273 582 1319; x_wconf 81' lang='lat' dir='ltr'>Dcprecans</span> <span class='ocrx_word' id='word_1_204' title='bbox 611 1273 843 1307; x_wconf 86' lang='lat' dir='ltr'>nichilominus</span> <span class='ocrx_word' id='word_1_205' title='bbox 873 1273 1097 1307; x_wconf 82' lang='lat' dir='ltr'>honorabilem</span> <span class='ocrx_word' id='word_1_206' title='bbox 1127 1276 1233 1307; x_wconf 89' lang='lat' dir='ltr'>virum</span> <span class='ocrx_word' id='word_1_207' title='bbox 1262 1273 1424 1307; x_wconf 91' lang='lat' dir='ltr'>dominum</span> <span class='ocrx_word' id='word_1_208' title='bbox 1454 1272 1585 1307; x_wconf 90' lang='lat' dir='ltr'>Petrum</span> <span class='ocrx_word' id='word_1_209' title='bbox 1614 1272 1776 1306; x_wconf 85' lang='lat' dir='ltr'>decanum</span> <span class='ocrx_word' id='word_1_210' title='bbox 1796 1272 2011 1318; x_wconf 58' lang='lat' dir='ltr'>tvyssegra—</span> 
     </span>
     <span class='ocr_line' id='line_1_20' title="bbox 169 1332 2012 1379; baseline -0.001 -11"><span class='ocrx_word' id='word_1_211' title='bbox 169 1335 305 1368; x_wconf 82' lang='lat' dir='ltr'>densem</span> <span class='ocrx_word' id='word_1_212' title='bbox 334 1334 512 1368; x_wconf 79' lang='lat' dir='ltr'>reuerendi</span> <span class='ocrx_word' id='word_1_213' title='bbox 541 1333 662 1367; x_wconf 89' lang='lat' dir='ltr'>domini</span> <span class='ocrx_word' id='word_1_214' title='bbox 698 1337 800 1368; x_wconf 86' lang='lat' dir='ltr'>nostri</span> <span class='ocrx_word' id='word_1_215' title='bbox 839 1334 960 1367; x_wconf 93' lang='lat' dir='ltr'>domini</span> <span class='ocrx_word' id='word_1_216' title='bbox 994 1334 1156 1368; x_wconf 86' lang='lat' dir='ltr'>Johannis</span> <span class='ocrx_word' id='word_1_217' title='bbox 1193 1333 1424 1368; x_wconf 84' lang='lat' dir='ltr'>Olomucensis</span> <span class='ocrx_word' id='word_1_218' title='bbox 1461 1336 1609 1379; x_wconf 83' lang='lat' dir='ltr'>episcopi</span> <span class='ocrx_word' id='word_1_219' title='bbox 1645 1336 1676 1367; x_wconf 90' lang='lat' dir='ltr'>in</span> <span class='ocrx_word' id='word_1_220' title='bbox 1711 1332 1944 1379; x_wconf 85' lang='lat' dir='ltr'>temporalibus</span> <span class='ocrx_word' id='word_1_221' title='bbox 1979 1337 2012 1367; x_wconf 86' lang='lat' dir='ltr'>et</span> 
     </span>
     <span class='ocr_line' id='line_1_21' title="bbox 169 1394 2012 1441; baseline -0.001 -13"><span class='ocrx_word' id='word_1_222' title='bbox 169 1394 394 1440; x_wconf 80' lang='lat' dir='ltr'>spiritualibus</span> <span class='ocrx_word' id='word_1_223' title='bbox 422 1397 582 1428; x_wconf 86' lang='lat' dir='ltr'>vicarium</span> <span class='ocrx_word' id='word_1_224' title='bbox 611 1395 816 1439; x_wconf 67' lang='lat' dir='ltr'>‹genez-alem„</span> <span class='ocrx_word' id='word_1_225' title='bbox 847 1399 1008 1441; x_wconf 86' lang='lat' dir='ltr'>quatenns</span> <span class='ocrx_word' id='word_1_226' title='bbox 1037 1397 1145 1429; x_wconf 82' lang='lat' dir='ltr'>onmia</span> <span class='ocrx_word' id='word_1_227' title='bbox 1175 1400 1208 1429; x_wconf 87' lang='lat' dir='ltr'>et</span> <span class='ocrx_word' id='word_1_228' title='bbox 1236 1395 1365 1440; x_wconf 82' lang='lat' dir='ltr'>singula</span> <span class='ocrx_word' id='word_1_229' title='bbox 1394 1397 1557 1441; x_wconf 88' lang='lat' dir='ltr'>premissa</span> <span class='ocrx_word' id='word_1_230' title='bbox 1586 1394 1740 1439; x_wconf 76' lang='lat' dir='ltr'>dignetur</span> <span class='ocrx_word' id='word_1_231' title='bbox 1767 1405 1811 1428; x_wconf 83' lang='lat' dir='ltr'>cx</span> <span class='ocrx_word' id='word_1_232' title='bbox 1831 1396 2012 1429; x_wconf 88' lang='lat' dir='ltr'>commisso</span> 
     </span>
     <span class='ocr_line' id='line_1_22' title="bbox 170 1454 2012 1501; baseline 0 -12"><span class='ocrx_word' id='word_1_233' title='bbox 170 1455 231 1489; x_wconf 86' lang='lat' dir='ltr'>sibi</span> <span class='ocrx_word' id='word_1_234' title='bbox 259 1455 369 1489; x_wconf 80' lang='lat' dir='ltr'>officio</span> <span class='ocrx_word' id='word_1_235' title='bbox 398 1454 599 1501; x_wconf 78' lang='lat' dir='ltr'>approbare,</span> <span class='ocrx_word' id='word_1_236' title='bbox 628 1466 687 1489; x_wconf 90' lang='lat' dir='ltr'>seu</span> <span class='ocrx_word' id='word_1_237' title='bbox 717 1458 823 1489; x_wconf 87' lang='lat' dir='ltr'>eciam</span> <span class='ocrx_word' id='word_1_238' title='bbox 851 1455 1061 1497; x_wconf 76' lang='lat' dir='ltr'>confirmare,</span> <span class='ocrx_word' id='word_1_239' title='bbox 1099 1454 1136 1489; x_wconf 91' lang='lat' dir='ltr'>In</span> <span class='ocrx_word' id='word_1_240' title='bbox 1170 1465 1307 1500; x_wconf 91' lang='lat' dir='ltr'>quorum</span> <span class='ocrx_word' id='word_1_241' title='bbox 1344 1458 1486 1489; x_wconf 91' lang='lat' dir='ltr'>omnium</span> <span class='ocrx_word' id='word_1_242' title='bbox 1515 1457 1738 1489; x_wconf 88' lang='lat' dir='ltr'>testimoninm</span> <span class='ocrx_word' id='word_1_243' title='bbox 1766 1457 1831 1489; x_wconf 88' lang='lat' dir='ltr'>mei</span> <span class='ocrx_word' id='word_1_244' title='bbox 1859 1455 2012 1489; x_wconf 86' lang='lat' dir='ltr'>uidelicet</span> 
     </span>
     <span class='ocr_line' id='line_1_23' title="bbox 169 1515 2011 1562; baseline 0.001 -14"><span class='ocrx_word' id='word_1_245' title='bbox 169 1516 331 1550; x_wconf 75' lang='lat' dir='ltr'>¹iohannis</span> <span class='ocrx_word' id='word_1_246' title='bbox 351 1518 525 1561; x_wconf 82' lang='lat' dir='ltr'>prenotati,</span> <span class='ocrx_word' id='word_1_247' title='bbox 548 1515 759 1561; x_wconf 68' lang='lat' dir='ltr'>Sobycnonis</span> <span class='ocrx_word' id='word_1_248' title='bbox 779 1519 908 1562; x_wconf 84' lang='lat' dir='ltr'>nepotis</span> <span class='ocrx_word' id='word_1_249' title='bbox 929 1519 990 1549; x_wconf 88' lang='lat' dir='ltr'>mci</span> <span class='ocrx_word' id='word_1_250' title='bbox 1011 1515 1139 1561; x_wconf 85' lang='lat' dir='ltr'>prefati.</span> <span class='ocrx_word' id='word_1_251' title='bbox 1162 1517 1344 1562; x_wconf 70' lang='lat' dir='ltr'>Alsyconis</span> <span class='ocrx_word' id='word_1_252' title='bbox 1365 1520 1396 1549; x_wconf 88' lang='lat' dir='ltr'>et</span> <span class='ocrx_word' id='word_1_253' title='bbox 1415 1515 1566 1549; x_wconf 80' lang='lat' dir='ltr'>llenzlini</span> <span class='ocrx_word' id='word_1_254' title='bbox 1591 1518 1743 1561; x_wconf 76' lang='lat' dir='ltr'>superius</span> <span class='ocrx_word' id='word_1_255' title='bbox 1773 1526 2011 1561; x_wconf 80' lang='lat' dir='ltr'>expressorum</span> 
     </span>
     <span class='ocr_line' id='line_1_24' title="bbox 173 1575 2009 1623; baseline 0 -13"><span class='ocrx_word' id='word_1_256' title='bbox 173 1576 381 1623; x_wconf 86' lang='lat' dir='ltr'>presentibus</span> <span class='ocrx_word' id='word_1_257' title='bbox 411 1581 485 1610; x_wconf 90' lang='lat' dir='ltr'>sunt</span> <span class='ocrx_word' id='word_1_258' title='bbox 513 1587 672 1622; x_wconf 83' lang='lat' dir='ltr'>appensa.</span> <span class='ocrx_word' id='word_1_259' title='bbox 727 1576 846 1610; x_wconf 86' lang='lat' dir='ltr'>Datum</span> <span class='ocrx_word' id='word_1_260' title='bbox 880 1581 912 1610; x_wconf 90' lang='lat' dir='ltr'>ct</span> <span class='ocrx_word' id='word_1_261' title='bbox 946 1581 1052 1610; x_wconf 88' lang='lat' dir='ltr'>actum</span> <span class='ocrx_word' id='word_1_262' title='bbox 1089 1580 1120 1611; x_wconf 92' lang='lat' dir='ltr'>in</span> <span class='ocrx_word' id='word_1_263' title='bbox 1158 1576 1316 1619; x_wconf 85' lang='lat' dir='ltr'>Modricz‚</span> <span class='ocrx_word' id='word_1_264' title='bbox 1353 1576 1453 1610; x_wconf 88' lang='lat' dir='ltr'>Anno</span> <span class='ocrx_word' id='word_1_265' title='bbox 1483 1575 1603 1610; x_wconf 91' lang='lat' dir='ltr'>domini</span> <span class='ocrx_word' id='word_1_266' title='bbox 1631 1575 1870 1611; x_wconf 78' lang='lat' dir='ltr'>M⁰CCG0XL0.</span> <span class='ocrx_word' id='word_1_267' title='bbox 1901 1575 2009 1610; x_wconf 79' lang='lat' dir='ltr'>X1V0.</span> 
     </span>
     <span class='ocr_line' id='line_1_25' title="bbox 173 1636 503 1683; baseline -0.003 -12"><span class='ocrx_word' id='word_1_268' title='bbox 173 1637 339 1671; x_wconf 76' lang='lat' dir='ltr'>Kalendas</span> <span class='ocrx_word' id='word_1_269' title='bbox 368 1636 503 1683; x_wconf 83' lang='lat' dir='ltr'>Aprilis.</span> 
     </span>
    </p>

    <p class='ocr_par' dir='ltr' id='par_1_3' title="bbox 478 1715 2012 1750">
     <span class='ocr_line' id='line_1_26' title="bbox 478 1715 2012 1750; baseline 0.001 -9"><span class='ocrx_word' id='word_1_270' title='bbox 478 1715 545 1743; x_wconf 77' lang='lat' dir='ltr'>(Das</span> <span class='ocrx_word' id='word_1_271' title='bbox 570 1716 688 1749; x_wconf 64' lang='lat' dir='ltr'>original</span> <span class='ocrx_word' id='word_1_272' title='bbox 713 1715 759 1741; x_wconf 74' lang='lat' dir='ltr'>ans</span> <span class='ocrx_word' id='word_1_273' title='bbox 781 1716 937 1745; x_wconf 65' lang='lat' dir='ltr'>Pvt&#39;ffllnlent</span> <span class='ocrx_word' id='word_1_274' title='bbox 963 1718 1005 1742; x_wconf 88' lang='lat' dir='ltr'>mit</span> <span class='ocrx_word' id='word_1_275' title='bbox 1030 1716 1089 1742; x_wconf 75' lang='lat' dir='ltr'>suns</span> <span class='ocrx_word' id='word_1_276' title='bbox 1104 1717 1226 1749; x_wconf 56' lang='lat' dir='ltr'>sinnii-n,</span> <span class='ocrx_word' id='word_1_277' title='bbox 1250 1725 1302 1743; x_wconf 82' lang='lat' dir='ltr'>von</span> <span class='ocrx_word' id='word_1_278' title='bbox 1327 1716 1412 1742; x_wconf 82' lang='lat' dir='ltr'>denen</span> <span class='ocrx_word' id='word_1_279' title='bbox 1433 1716 1532 1750; x_wconf 76' lang='lat' dir='ltr'>jcdorh</span> <span class='ocrx_word' id='word_1_280' title='bbox 1558 1716 1605 1742; x_wconf 79' lang='lat' dir='ltr'>das</span> <span class='ocrx_word' id='word_1_281' title='bbox 1624 1720 1696 1742; x_wconf 72' lang='lat' dir='ltr'>crstc</span> <span class='ocrx_word' id='word_1_282' title='bbox 1720 1716 1886 1742; x_wconf 78' lang='lat' dir='ltr'>zcrbrochen</span> <span class='ocrx_word' id='word_1_283' title='bbox 1911 1717 1954 1748; x_wconf 63' lang='lat' dir='ltr'>ist,</span> <span class='ocrx_word' id='word_1_284' title='bbox 1980 1717 2012 1742; x_wconf 88' lang='lat' dir='ltr'>im</span> 
     </span>
    </p>

    <p class='ocr_par' dir='ltr' id='par_1_4' title="bbox 581 1767 1202 1799">
     <span class='ocr_line' id='line_1_27' title="bbox 581 1767 1202 1799; baseline 0.002 -5"><span class='ocrx_word' id='word_1_285' title='bbox 581 1768 697 1794; x_wconf 74' lang='lat' dir='ltr'>Archive</span> <span class='ocrx_word' id='word_1_286' title='bbox 722 1768 769 1794; x_wconf 73' lang='lat' dir='ltr'>der</span> <span class='ocrx_word' id='word_1_287' title='bbox 795 1768 873 1794; x_wconf 63' lang='lat' dir='ltr'>Abit-i</span> <span class='ocrx_word' id='word_1_288' title='bbox 899 1769 1021 1798; x_wconf 62' lang='lat' dir='ltr'>ttamen-n.</span> <span class='ocrx_word' id='word_1_289' title='bbox 1048 1767 1078 1795; x_wconf 95' lang='lat' dir='ltr'>O.</span> <span class='ocrx_word' id='word_1_290' title='bbox 1105 1769 1132 1795; x_wconf 81' lang='lat'>5.</span> <span class='ocrx_word' id='word_1_291' title='bbox 1162 1769 1202 1799; x_wconf 89' lang='grc'>1.)</span> 
     </span>
    </p>
   </div>
   <div class='ocr_carea' id='block_1_3' title="bbox 173 1890 2014 2072">
    <p class='ocr_par' dir='ltr' id='par_1_5' title="bbox 173 1890 2014 2072">
     <span class='ocr_line' id='line_1_28' title="bbox 1040 1890 1147 1925; baseline -0.009 0"><span class='ocrx_word' id='word_1_292' title='bbox 1040 1890 1147 1925; x_wconf 70' lang='grc'>268.</span> 
     </span>
     <span class='ocr_line' id='line_1_29' title="bbox 173 1966 2014 2012; baseline 0 -12"><span class='ocrx_word' id='word_1_293' title='bbox 173 1966 340 2000; x_wconf 64' lang='grc' dir='ltr'>,ΥιἸῐοΙαηε</span> <span class='ocrx_word' id='word_1_294' title='bbox 371 1966 436 1999; x_wconf 75' lang='lat' dir='ltr'>und</span> <span class='ocrx_word' id='word_1_295' title='bbox 472 1966 623 2000; x_wconf 71' lang='lat' dir='ltr'>Ztle&#39;slau·</span> <span class='ocrx_word' id='word_1_296' title='bbox 662 1978 723 2000; x_wconf 75' lang='lat' dir='ltr'>rme</span> <span class='ocrx_word' id='word_1_297' title='bbox 761 1967 1019 2001; x_wconf 65' lang='lat' dir='ltr'>Crass-Senio</span> <span class='ocrx_word' id='word_1_298' title='bbox 1057 1967 1240 2012; x_wconf 74' lang='lat' dir='ltr'>rerlmnfen</span> <span class='ocrx_word' id='word_1_299' title='bbox 1278 1968 1338 2001; x_wconf 84' lang='lat' dir='ltr'>der</span> <span class='ocrx_word' id='word_1_300' title='bbox 1373 1967 1544 2000; x_wconf 68' lang='lat' dir='ltr'>Olnmlzer</span> <span class='ocrx_word' id='word_1_301' title='bbox 1584 1967 1789 2001; x_wconf 70' lang='lat' dir='ltr'>Dmnlfe&#39;rclte</span> <span class='ocrx_word' id='word_1_302' title='bbox 1827 1967 1880 2002; x_wconf 66' lang='grc' dir='ltr'>ΙΙ’</span> <span class='ocrx_word' id='word_1_303' title='bbox 1914 1967 2014 2001; x_wconf 75' lang='grc' dir='ltr'><em>ΜηΓΙι·</em></span> 
     </span>
     <span class='ocr_line' id='line_1_30' title="bbox 525 2027 1664 2072; baseline 0.002 -12"><span class='ocrx_word' id='word_1_304' title='bbox 525 2027 647 2061; x_wconf 70' lang='lat' dir='ltr'>Ziuses</span> <span class='ocrx_word' id='word_1_305' title='bbox 677 2029 708 2061; x_wconf 76' lang='lat' dir='ltr'>lu</span> <span class='ocrx_word' id='word_1_306' title='bbox 739 2027 852 2061; x_wconf 65' lang='lat' dir='ltr'>Seviv.</span> <span class='ocrx_word' id='word_1_307' title='bbox 884 2028 943 2062; x_wconf 81' lang='lat' dir='ltr'>Dt.</span> <span class='ocrx_word' id='word_1_308' title='bbox 974 2030 1006 2061; x_wconf 76' lang='grc' dir='ltr'>ῐιι</span> <span class='ocrx_word' id='word_1_309' title='bbox 1037 2028 1207 2071; x_wconf 67' lang='lat' dir='ltr'>Olonna-z,</span> <span class='ocrx_word' id='word_1_310' title='bbox 1237 2029 1290 2062; x_wconf 70' lang='lat' dir='ltr'>dfe</span> <span class='ocrx_word' id='word_1_311' title='bbox 1318 2028 1363 2062; x_wconf 88' lang='lat' dir='ltr'>II.</span> <span class='ocrx_word' id='word_1_312' title='bbox 1394 2028 1525 2072; x_wconf 56' lang='lat' dir='ltr'>Aprilis</span> <span class='ocrx_word' id='word_1_313' title='bbox 1556 2027 1664 2062; x_wconf 59' lang='lat'><em>1340.</em></span> 
     </span>
    </p>
   </div>
   <div class='ocr_carea' id='block_1_4' title="bbox 173 2102 2013 2532">
    <p class='ocr_par' dir='ltr' id='par_1_6' title="bbox 173 2102 2013 2532">
     <span class='ocr_line' id='line_1_31' title="bbox 326 2102 2013 2170; baseline 0.001 -14"><span class='ocrx_word' id='word_1_314' title='bbox 326 2102 503 2156; x_wconf 55' lang='lat' dir='ltr'>,xicolaus</span> <span class='ocrx_word' id='word_1_315' title='bbox 533 2127 563 2155; x_wconf 85' lang='lat' dir='ltr'>et</span> <span class='ocrx_word' id='word_1_316' title='bbox 592 2122 743 2156; x_wconf 83' lang='lat' dir='ltr'>Zdislaus</span> <span class='ocrx_word' id='word_1_317' title='bbox 772 2123 889 2157; x_wconf 80' lang='lat' dir='ltr'>fratres</span> <span class='ocrx_word' id='word_1_318' title='bbox 918 2123 958 2158; x_wconf 89' lang='lat' dir='ltr'>de</span> <span class='ocrx_word' id='word_1_319' title='bbox 986 2123 1105 2158; x_wconf 86' lang='lat' dir='ltr'>Maiori</span> <span class='ocrx_word' id='word_1_320' title='bbox 1127 2124 1261 2170; x_wconf 68' lang='lat' dir='ltr'>Senycz</span> <span class='ocrx_word' id='word_1_321' title='bbox 1291 2151 1298 2158; x_wconf 89' lang='lat'><strong>.</strong></span> <span class='ocrx_word' id='word_1_322' title='bbox 1329 2150 1336 2157; x_wconf 92' lang='lat'><strong>.</strong></span> <span class='ocrx_word' id='word_1_323' title='bbox 1367 2150 1374 2157; x_wconf 89' lang='lat'><strong>.</strong></span> <span class='ocrx_word' id='word_1_324' title='bbox 1404 2127 1542 2169; x_wconf 85' lang='lat' dir='ltr'>quatnor</span> <span class='ocrx_word' id='word_1_325' title='bbox 1570 2134 1700 2158; x_wconf 87' lang='lat' dir='ltr'>marcas</span> <span class='ocrx_word' id='word_1_326' title='bbox 1728 2123 1875 2158; x_wconf 87' lang='lat' dir='ltr'>redditus</span> <span class='ocrx_word' id='word_1_327' title='bbox 1905 2151 1912 2157; x_wconf 91' lang='lat'>.</span> <span class='ocrx_word' id='word_1_328' title='bbox 1944 2150 1950 2157; x_wconf 93' lang='lat'>.</span> <span class='ocrx_word' id='word_1_329' title='bbox 1981 2126 2013 2158; x_wconf 88' lang='lat' dir='ltr'>in</span> 
     </span>
     <span class='ocr_line' id='line_1_32' title="bbox 174 2182 2012 2230; baseline 0.001 -14"><span class='ocrx_word' id='word_1_330' title='bbox 174 2182 306 2228; x_wconf 66' lang='lat' dir='ltr'>Scnycz</span> <span class='ocrx_word' id='word_1_331' title='bbox 337 2210 343 2216; x_wconf 92' lang='lat'><em>.</em></span> <span class='ocrx_word' id='word_1_332' title='bbox 377 2210 382 2216; x_wconf 90' lang='lat'><em>.</em></span> <span class='ocrx_word' id='word_1_333' title='bbox 413 2183 545 2216; x_wconf 87' lang='lat' dir='ltr'>domino</span> <span class='ocrx_word' id='word_1_334' title='bbox 575 2183 717 2217; x_wconf 86' lang='lat' dir='ltr'>Sboroni</span> <span class='ocrx_word' id='word_1_335' title='bbox 747 2188 914 2230; x_wconf 80' lang='lat' dir='ltr'>preposito</span> <span class='ocrx_word' id='word_1_336' title='bbox 943 2184 1159 2219; x_wconf 85' lang='lat' dir='ltr'>Oloniucensi</span> <span class='ocrx_word' id='word_1_337' title='bbox 1188 2189 1220 2219; x_wconf 90' lang='lat' dir='ltr'>et</span> <span class='ocrx_word' id='word_1_338' title='bbox 1247 2184 1377 2218; x_wconf 90' lang='lat' dir='ltr'>domino</span> <span class='ocrx_word' id='word_1_339' title='bbox 1406 2182 1543 2217; x_wconf 85' lang='lat' dir='ltr'>Nicolao</span> <span class='ocrx_word' id='word_1_340' title='bbox 1572 2183 1712 2229; x_wconf 90' lang='lat' dir='ltr'>plebano</span> <span class='ocrx_word' id='word_1_341' title='bbox 1741 2184 1782 2217; x_wconf 92' lang='lat' dir='ltr'>dc</span> <span class='ocrx_word' id='word_1_342' title='bbox 1815 2184 1953 2230; x_wconf 77' lang='lat' dir='ltr'>Slatyna</span> <span class='ocrx_word' id='word_1_343' title='bbox 1975 2211 1982 2218; x_wconf 85' lang='lat'><strong><em>.</em></strong></span> <span class='ocrx_word' id='word_1_344' title='bbox 2005 2211 2012 2218; x_wconf 96' lang='lat'><em>.</em></span> 
     </span>
     <span class='ocr_line' id='line_1_33' title="bbox 174 2244 2013 2291; baseline 0.001 -16"><span class='ocrx_word' id='word_1_345' title='bbox 174 2254 231 2288; x_wconf 89' lang='lat' dir='ltr'>pro</span> <span class='ocrx_word' id='word_1_346' title='bbox 259 2244 401 2277; x_wconf 78' lang='lat' dir='ltr'>ccclesia</span> <span class='ocrx_word' id='word_1_347' title='bbox 439 2244 652 2277; x_wconf 75' lang='lat' dir='ltr'>Oloninccnsi</span> <span class='ocrx_word' id='word_1_348' title='bbox 688 2246 956 2290; x_wconf 79' lang='lat' dir='ltr'>comparantibus</span> <span class='ocrx_word' id='word_1_349' title='bbox 987 2273 993 2279; x_wconf 92' lang='lat'><em>.</em></span> <span class='ocrx_word' id='word_1_350' title='bbox 1026 2273 1032 2279; x_wconf 90' lang='lat'>.</span> <span class='ocrx_word' id='word_1_351' title='bbox 1063 2256 1122 2291; x_wconf 92' lang='lat' dir='ltr'>pro</span> <span class='ocrx_word' id='word_1_352' title='bbox 1155 2245 1369 2290; x_wconf 81' lang='lat' dir='ltr'>quadraginta</span> <span class='ocrx_word' id='word_1_353' title='bbox 1407 2247 1527 2277; x_wconf 76' lang='lat' dir='ltr'>marcis</span> <span class='ocrx_word' id='word_1_354' title='bbox 1558 2271 1564 2277; x_wconf 92' lang='lat'>.</span> <span class='ocrx_word' id='word_1_355' title='bbox 1597 2272 1603 2278; x_wconf 92' lang='lat'><strong>.</strong></span> <span class='ocrx_word' id='word_1_356' title='bbox 1635 2244 1842 2279; x_wconf 78' lang='lat' dir='ltr'>vendidimus</span> <span class='ocrx_word' id='word_1_357' title='bbox 1877 2247 1948 2279; x_wconf 85' lang='lat' dir='ltr'>iure</span> <span class='ocrx_word' id='word_1_358' title='bbox 1981 2248 2013 2278; x_wconf 85' lang='lat' dir='ltr'>et</span> 
     </span>
     <span class='ocr_line' id='line_1_34' title="bbox 173 2303 2012 2350; baseline 0.002 -15"><span class='ocrx_word' id='word_1_359' title='bbox 173 2303 315 2337; x_wconf 83' lang='lat' dir='ltr'>dominio</span> <span class='ocrx_word' id='word_1_360' title='bbox 346 2305 543 2338; x_wconf 68' lang='lat' dir='ltr'>hereditario</span> <span class='ocrx_word' id='word_1_361' title='bbox 573 2333 580 2340; x_wconf 85' lang='lat'><strong><em>.</em></strong></span> <span class='ocrx_word' id='word_1_362' title='bbox 612 2332 619 2338; x_wconf 94' lang='lat'><strong><em>.</em></strong></span> <span class='ocrx_word' id='word_1_363' title='bbox 651 2305 864 2339; x_wconf 75' lang='lat' dir='ltr'>tidcinssm·es</span> <span class='ocrx_word' id='word_1_364' title='bbox 898 2311 974 2340; x_wconf 85' lang='lat' dir='ltr'>sunt</span> <span class='ocrx_word' id='word_1_365' title='bbox 1010 2310 1135 2340; x_wconf 80' lang='lat' dir='ltr'>strenui</span> <span class='ocrx_word' id='word_1_366' title='bbox 1172 2309 1233 2340; x_wconf 90' lang='lat' dir='ltr'>viri</span> <span class='ocrx_word' id='word_1_367' title='bbox 1261 2333 1269 2339; x_wconf 90' lang='lat'><strong>.</strong></span> <span class='ocrx_word' id='word_1_368' title='bbox 1300 2332 1307 2339; x_wconf 90' lang='lat'><strong>.</strong></span> <span class='ocrx_word' id='word_1_369' title='bbox 1338 2304 1503 2350; x_wconf 85' lang='lat' dir='ltr'>Philippus</span> <span class='ocrx_word' id='word_1_370' title='bbox 1539 2304 1641 2338; x_wconf 80' lang='lat' dir='ltr'>frater</span> <span class='ocrx_word' id='word_1_371' title='bbox 1677 2310 1791 2340; x_wconf 88' lang='lat' dir='ltr'>noster</span> <span class='ocrx_word' id='word_1_372' title='bbox 1828 2305 1869 2339; x_wconf 89' lang='lat' dir='ltr'>de</span> <span class='ocrx_word' id='word_1_373' title='bbox 1897 2305 2012 2340; x_wconf 83' lang='lat' dir='ltr'>Maiori</span> 
     </span>
     <span class='ocr_line' id='line_1_35' title="bbox 174 2363 2013 2408; baseline 0.002 -12"><span class='ocrx_word' id='word_1_374' title='bbox 174 2363 295 2397; x_wconf 77' lang='lat' dir='ltr'>Senicz</span> <span class='ocrx_word' id='word_1_375' title='bbox 324 2370 353 2398; x_wconf 79' lang='lat' dir='ltr'>ct</span> <span class='ocrx_word' id='word_1_376' title='bbox 384 2365 601 2399; x_wconf 73' lang='lat' dir='ltr'>Wrchoslaus</span> <span class='ocrx_word' id='word_1_377' title='bbox 637 2365 676 2399; x_wconf 89' lang='lat' dir='ltr'>de</span> <span class='ocrx_word' id='word_1_378' title='bbox 709 2366 840 2400; x_wconf 74' lang='lat' dir='ltr'>thrcz</span> <span class='ocrx_word' id='word_1_379' title='bbox 871 2394 878 2400; x_wconf 92' lang='lat'>.</span> <span class='ocrx_word' id='word_1_380' title='bbox 910 2394 917 2400; x_wconf 89' lang='lat'>.</span> <span class='ocrx_word' id='word_1_381' title='bbox 947 2378 1009 2400; x_wconf 87' lang='lat' dir='ltr'>nec</span> <span class='ocrx_word' id='word_1_382' title='bbox 1045 2378 1109 2400; x_wconf 89' lang='lat' dir='ltr'>non</span> <span class='ocrx_word' id='word_1_383' title='bbox 1147 2371 1248 2401; x_wconf 85' lang='lat' dir='ltr'>testes</span> <span class='ocrx_word' id='word_1_384' title='bbox 1284 2365 1415 2399; x_wconf 84' lang='lat' dir='ltr'>Podoba</span> <span class='ocrx_word' id='word_1_385' title='bbox 1450 2365 1490 2398; x_wconf 89' lang='lat' dir='ltr'>de</span> <span class='ocrx_word' id='word_1_386' title='bbox 1528 2365 1787 2408; x_wconf 74' lang='lat' dir='ltr'>Drahanowicz,</span> <span class='ocrx_word' id='word_1_387' title='bbox 1825 2365 1937 2400; x_wconf 87' lang='lat' dir='ltr'>Onsso</span> <span class='ocrx_word' id='word_1_388' title='bbox 1971 2365 2013 2399; x_wconf 83' lang='lat' dir='ltr'>de</span> 
     </span>
     <span class='ocr_line' id='line_1_36' title="bbox 176 2423 2012 2471; baseline 0.001 -14"><span class='ocrx_word' id='word_1_389' title='bbox 176 2423 304 2468; x_wconf 63' lang='lat' dir='ltr'>ngd,</span> <span class='ocrx_word' id='word_1_390' title='bbox 341 2425 472 2459; x_wconf 88' lang='lat' dir='ltr'>Vlricns</span> <span class='ocrx_word' id='word_1_391' title='bbox 507 2426 547 2459; x_wconf 88' lang='lat' dir='ltr'>de</span> <span class='ocrx_word' id='word_1_392' title='bbox 583 2425 783 2471; x_wconf 70' lang='lat' dir='ltr'>Namycscz.</span> <span class='ocrx_word' id='word_1_393' title='bbox 813 2427 970 2461; x_wconf 87' lang='lat' dir='ltr'>Albcrtus</span> <span class='ocrx_word' id='word_1_394' title='bbox 1000 2427 1039 2461; x_wconf 89' lang='lat' dir='ltr'>de</span> <span class='ocrx_word' id='word_1_395' title='bbox 1068 2427 1226 2461; x_wconf 78' lang='lat' dir='ltr'>Bistrzicz</span> <span class='ocrx_word' id='word_1_396' title='bbox 1255 2453 1261 2460; x_wconf 92' lang='lat'>.</span> <span class='ocrx_word' id='word_1_397' title='bbox 1293 2453 1300 2460; x_wconf 88' lang='lat'><strong>.</strong></span> <span class='ocrx_word' id='word_1_398' title='bbox 1330 2426 1451 2459; x_wconf 86' lang='lat' dir='ltr'>Actum</span> <span class='ocrx_word' id='word_1_399' title='bbox 1481 2430 1512 2459; x_wconf 81' lang='lat' dir='ltr'>et</span> <span class='ocrx_word' id='word_1_400' title='bbox 1541 2426 1649 2460; x_wconf 85' lang='lat' dir='ltr'>datum</span> <span class='ocrx_word' id='word_1_401' title='bbox 1680 2429 1709 2460; x_wconf 89' lang='lat' dir='ltr'>in</span> <span class='ocrx_word' id='word_1_402' title='bbox 1740 2426 1898 2461; x_wconf 80' lang='lat' dir='ltr'>Olomucz</span> <span class='ocrx_word' id='word_1_403' title='bbox 1926 2436 2012 2460; x_wconf 86' lang='lat' dir='ltr'>anno</span> 
     </span>
     <span class='ocr_line' id='line_1_37' title="bbox 174 2484 1614 2532; baseline 0.004 -17"><span class='ocrx_word' id='word_1_404' title='bbox 174 2484 296 2518; x_wconf 87' lang='lat' dir='ltr'>domini</span> <span class='ocrx_word' id='word_1_405' title='bbox 327 2486 496 2519; x_wconf 88' lang='lat' dir='ltr'>millesimo</span> <span class='ocrx_word' id='word_1_406' title='bbox 527 2490 759 2520; x_wconf 81' lang='lat' dir='ltr'>trecentesimo</span> <span class='ocrx_word' id='word_1_407' title='bbox 789 2487 1043 2532; x_wconf 76' lang='lat' dir='ltr'>quadragesimo</span> <span class='ocrx_word' id='word_1_408' title='bbox 1072 2487 1124 2521; x_wconf 84' lang='lat' dir='ltr'>dic</span> <span class='ocrx_word' id='word_1_409' title='bbox 1153 2486 1297 2522; x_wconf 77' lang='lat' dir='ltr'>secunda</span> <span class='ocrx_word' id='word_1_410' title='bbox 1328 2489 1450 2520; x_wconf 86' lang='lat' dir='ltr'>mensis</span> <span class='ocrx_word' id='word_1_411' title='bbox 1481 2487 1614 2532; x_wconf 79' lang='lat' dir='ltr'>Aprilis.</span> 
     </span>
    </p>
   </div>
   <div class='ocr_carea' id='block_1_5' title="bbox 480 2565 1940 2599">
    <p class='ocr_par' dir='ltr' id='par_1_7' title="bbox 480 2565 1940 2599">
     <span class='ocr_line' id='line_1_38' title="bbox 480 2565 1940 2599; baseline 0 -8"><span class='ocrx_word' id='word_1_412' title='bbox 480 2566 551 2590; x_wconf 56' lang='lat' dir='ltr'>(Ans</span> <span class='ocrx_word' id='word_1_413' title='bbox 576 2566 633 2591; x_wconf 67' lang='lat' dir='ltr'>tlt-in</span> <span class='ocrx_word' id='word_1_414' title='bbox 659 2566 724 2591; x_wconf 63' lang='lat' dir='ltr'>(od.</span> <span class='ocrx_word' id='word_1_415' title='bbox 752 2566 781 2591; x_wconf 96' lang='grc'>11.</span> <span class='ocrx_word' id='word_1_416' title='bbox 809 2567 824 2591; x_wconf 61' lang='grc' dir='ltr'>ΙΙ</span> <span class='ocrx_word' id='word_1_417' title='bbox 857 2566 899 2593; x_wconf 78' lang='grc'>17.</span> <span class='ocrx_word' id='word_1_418' title='bbox 927 2568 959 2592; x_wconf 83' lang='lat' dir='ltr'>im</span> <span class='ocrx_word' id='word_1_419' title='bbox 987 2567 1099 2592; x_wconf 25' lang='lat' dir='ltr'>*trrhivc</span> <span class='ocrx_word' id='word_1_420' title='bbox 1125 2567 1171 2592; x_wconf 72' lang='lat' dir='ltr'>‹lt-s</span> <span class='ocrx_word' id='word_1_421' title='bbox 1197 2566 1329 2591; x_wconf 67' lang='lat' dir='ltr'>(nmium-i·</span> <span class='ocrx_word' id='word_1_422' title='bbox 1354 2565 1534 2599; x_wconf 68' lang='lat' dir='ltr'>Dona-apitcls</span> <span class='ocrx_word' id='word_1_423' title='bbox 1559 2570 1727 2592; x_wconf 73' lang='lat' dir='ltr'>vntnoninwn</span> <span class='ocrx_word' id='word_1_424' title='bbox 1755 2567 1784 2592; x_wconf 67' lang='lat' dir='ltr'>A.</span> <span class='ocrx_word' id='word_1_425' title='bbox 1812 2565 1940 2597; x_wconf 52' lang='lat' dir='ltr'>noem-it.)</span> 
     </span>
    </p>
   </div>
  </div>
 </body>
</html>
