2184 2828
1015 89 1082 124 101

129 211 160 242 iu
191 208 381 242 Triennium
416 207 622 252 provinciale
659 206 842 252 Capitulum
876 207 1040 241 Abbaturn
1075 211 1106 240 et
1140 206 1288 240 Priorum
1322 206 1601 242 Mouasteriorum
1637 208 1786 243 Abbates
1822 213 1977 255 proprios

128 280 194 302 non
223 267 423 309 habentium,
459 271 490 300 et
519 269 615 300 etiam
655 267 804 301 Priorum
837 267 1076 301 Catliedralium
1119 267 1336 301 ecclesiarum
1371 268 1503 303 Ordinis
1539 280 1596 303 seu
1632 269 1816 314 Religionis
1859 273 1974 316 ipsius„

129 340 188 363 seu
216 328 352 362 aliorum
382 330 540 361 maiorum
570 330 602 360 in
631 330 712 372 ipsis
741 328 894 361 ecclesiis
923 331 1145 370 existentium,
1175 332 1248 373 post
1267 328 1445 362 Antistites
1474 329 1664 363 earumdem
1693 330 1776 376 apud
1805 342 1904 364 unum
1933 331 1974 364 de

128 389 340 432 MonasterijS
369 388 517 421 eiusdem
546 387 670 422 ordinis
700 388 741 422 ad
769 388 830 422 hoc
865 394 987 434 aptum.
1021 389 1075 423 vel
1109 391 1136 423 si
1171 388 1234 422 hoc
1269 389 1339 422 fieri
1368 400 1432 422 non
1463 395 1587 435 posset.
1622 390 1706 436 apud
1742 391 1838 424 alium
1867 392 1974 425 locum

128 449 168 483 ad
197 448 260 483 lioc
289 459 473 493 congruum
502 453 533 482 et
562 459 725 482 securum.
763 449 803 482 de
838 461 900 494 quo
935 450 1135 483 Monasterio
1164 460 1224 483 seu
1259 450 1333 483 loeo
1362 454 1394 483 et
1423 449 1474 483 die
1502 453 1596 496 primi
1626 450 1762 497 Capituli
1791 451 1974 485 huiusmodi

129 509 319 543 celebrandi
347 514 380 543 et
407 509 479 542 aliis
508 509 548 542 ad
582 509 612 542 id
648 514 831 554 opportune
868 509 1063 544 facientibus
1097 510 1276 555 providere
1305 509 1437 553 hahent,
1467 514 1521 556 qui
1558 523 1657 557 super
1684 512 1747 546 hoc
1775 523 1833 558 per
1861 512 1974 546 sedem

128 570 342 616 apostolicam
370 569 478 603 forent
506 569 663 615 deputati,
693 574 787 615 prout
814 573 843 603 in
871 570 964 604 dictis
984 570 1244 604 ordinationibus
1264 571 1393 616 plenius
1414 574 1610 605 continetur.
1642 572 1683 606 Ut
1703 572 1765 606 hec
1787 576 1976 607 executioni

128 631 238 665 debite
267 630 519 672 demandentur,
553 641 617 664 vos
651 629 691 663 de
727 642 864 676 quorum
901 634 1204 677 circumspectionis
1233 632 1403 675 industria.
1432 632 1563 678 plenam
1591 635 1623 666 in
1652 633 1794 667 Domino
1823 634 1975 668 fiduciam

128 691 326 727 obtinemus,
363 690 402 725 ad
440 690 637 737 exequenda
673 693 837 736 premissa
874 696 905 725 et
940 693 1001 726 alia
1041 691 1251 738 infrascripta
1285 695 1317 726 iu
1353 692 1472 737 Regno
1514 693 1663 736 Boomie,
1698 694 1783 740 quod
1816 706 1875 740 pro
1909 706 1975 728 una

128 752 234 798 quoad
263 751 497 786 celebrandum
526 762 613 785 nunc
639 756 672 785 et
696 754 726 785 in
748 756 912 797 posterum
934 752 1118 786 huiusmodi
1137 753 1346 787 Provinciale
1367 753 1550 799 Capitulum
1569 754 1733 788 voluimus
1754 760 1784 789 et
1805 758 1976 789 statuimus

127 816 272 860 reputari
313 812 488 846 Provincia
523 816 638 846 tenore
678 815 880 858 presentium
916 813 1108 860 deputantes
1139 841 1145 848 .
1176 813 1377 847 Discretioni
1405 819 1517 848 vestre
1559 818 1752 849 auctoritate
1794 816 1976 862 apostolica

128 876 360 908 committimus
388 877 421 907 et
448 872 624 906 districtius
652 875 864 917 iniungimus,
893 878 926 907 ut
953 885 1012 920 pro
1041 873 1241 908 celebrando
1276 874 1339 908 bac
1374 878 1476 921 prima
1506 879 1581 909 vice
1610 876 1795 910 huiusmodi
1825 876 1975 922 Capitulo

128 938 160 968 in
189 934 274 968 dicto
304 934 423 978 Regno
452 944 511 979 per
545 944 606 967 nos
639 938 673 967 ut
705 937 898 979 premittitur
933 934 1104 979 designato
1137 935 1267 981 aliquod
1303 935 1539 969 Monasterium
1575 936 1724 970 eiusdem
1754 936 1886 971 Ordinis
1916 949 1975 971 seu

127 995 311 1040 Religionis
340 994 381 1027 ad
408 993 471 1027 hoc
500 998 608 1039 aptum
637 996 665 1028 si
699 997 731 1027 in
766 1005 805 1028 ea
842 995 952 1028 valeat
980 998 1129 1041 reperiri.
1180 997 1338 1042 Alioquin
1366 996 1473 1030 locum
1503 997 1599 1030 alium
1629 997 1669 1031 ad
1699 997 1761 1031 boc
1791 1009 1976 1042 congruum

127 1060 159 1090 et
187 1066 352 1096 securum,
381 1058 413 1088 et
441 1054 526 1088 diem
555 1054 596 1088 ad
625 1054 656 1088 id
685 1057 783 1088 etiam
812 1067 993 1099 congruam
1030 1067 1102 1089 cum
1131 1060 1376 1090 continuatione
1410 1057 1534 1091 dierum
1565 1061 1770 1103 sequentium
1800 1059 1975 1103 eligentes.

111 1115 278 1151 ‘Abbates
306 1115 437 1149 Priores
466 1119 499 1148 et
526 1115 608 1148 alios
637 1118 884 1161 prenominatos
921 1116 959 1149 ad
996 1116 1180 1151 huiusmodi
1216 1117 1397 1163 Capitulum
1432 1129 1621 1152 convocare
1657 1122 1790 1153 curetis.
1820 1119 1915 1153 Diem
1945 1124 1977 1153 et

128 1177 236 1211 locum
269 1175 435 1222 predictos
468 1178 516 1209 eis
552 1187 612 1221 per
651 1181 783 1209 vestras
818 1177 942 1210 litteras
977 1176 1205 1212 nichilominus
1241 1181 1428 1213 intimantes
1472 1191 1531 1225 per
1567 1190 1662 1224 quem
1696 1183 1728 1213 in
1765 1184 1834 1226 ipso
1871 1183 1977 1226 primo

128 1239 259 1271 instanti
288 1235 437 1282 Capitulo
472 1239 573 1270 missa
609 1236 802 1270 solemniter
836 1237 1008 1273 celebrari.
1045 1249 1219 1284 sermoque
1252 1239 1527 1273 convenientibus
1563 1240 1602 1273 ad
1637 1240 1754 1274 dictum
1793 1241 1976 1286 Capitulum

128 1298 199 1332 fieri
227 1297 346 1331 debeat
370 1297 507 1343 provide
532 1297 729 1332 ordinando.
751 1297 932 1344 eodemque
954 1297 1102 1344 Capitulo
1122 1305 1327 1345 congregato
1347 1300 1476 1334 faciatis
1498 1301 1622 1346 aliquas
1643 1312 1803 1347 personas
1824 1302 1977 1347 ydoneus

128 1370 188 1405 per
215 1362 321 1404 ipsum
350 1357 533 1404 Capitulum
562 1358 652 1403 eligi,
682 1370 745 1404 que
774 1359 861 1392 dieto
891 1362 993 1404 primo
1025 1358 1172 1406 Capitulo
1201 1361 1403 1406 presideant,
1435 1373 1540 1407 eaque
1569 1361 1691 1395 faciant
1719 1367 1750 1396 et
1779 1363 1978 1408 adimpleant

129 1430 193 1465 que
221 1422 312 1453 iuxta
341 1418 527 1453 huiusmodi
556 1424 688 1453 nostras
717 1419 953 1465 ordinationes7
990 1421 1043 1454 vel
1072 1421 1152 1455 alias
1181 1426 1255 1455 sunt
1291 1433 1352 1467 per
1379 1423 1586 1468 presidentes
1616 1422 1799 1457 huiusmodi
1828 1424 1976 1458 Provin-

129 1479 266 1514 cialibus
301 1479 459 1525 Capitulis
493 1479 657 1514 facienda.
714 1480 841 1514 Statuta
876 1492 1006 1526 quoque
1043 1486 1075 1515 et
1110 1482 1336 1516 ordinationes
1374 1483 1557 1517 huiusmodi
1593 1495 1657 1528 que
1694 1484 1789 1518 vobis
1825 1490 1857 1518 et
1891 1486 1978 1519 dicto

131 1540 280 1587 Capitulo
322 1539 382 1574 sub
424 1539 510 1574 bulla
545 1545 657 1574 nostra
692 1544 949 1578 transmittimus,
985 1545 1016 1575 in
1053 1542 1168 1576 eodem
1200 1542 1348 1589 Capitulo
1386 1544 1568 1589 publicetis.
1600 1557 1637 1578 ac
1667 1545 1732 1590 legi
1761 1550 1791 1579 et
1822 1547 1977 1580 ascultari

130 1601 337 1646 integraliter
365 1601 491 1635 faciatis
534 1612 651 1635 omnes
693 1601 857 1635 Abbates.
903 1602 1032 1636 l'riores
1068 1608 1100 1636 et
1134 1604 1214 1639 alios
1252 1604 1417 1650 predictos
1454 1609 1694 1640 convenientes
1723 1607 1762 1640 ad
1794 1608 1977 1653 Capitulum

131 1666 358 1705 memoratum,
394 1672 456 1695 nec
490 1673 557 1695 non
592 1667 826 1708 procuratores
862 1662 1043 1696 absentium
1086 1664 1261 1699 monendo.
1300 1670 1331 1699 et
1372 1669 1398 1699 si
1434 1677 1576 1700 necesse
1612 1666 1708 1700 suerit
1736 1668 1976 1713 compellendo.

130 1727 165 1756 ut
192 1725 338 1768 ipsorum
368 1726 561 1756 statutorum
599 1734 658 1756 seu
693 1723 933 1757 ordinationum
971 1727 1099 1769 copiam
1133 1724 1191 1759 sub
1229 1726 1416 1760 authentica
1452 1730 1613 1772 scriptura
1649 1731 1821 1773 recipiant.
1855 1729 1907 1762 illa
1937 1729 1977 1762 ad

131 1783 306 1826 ecclesias,
349 1785 560 1826 monasteria.
601 1795 661 1817 seu
702 1784 775 1817 lora
819 1787 963 1830 ipsorum
1007 1785 1145 1819 tideliter
1185 1785 1334 1829 delaturi,
1377 1798 1440 1832 que
1477 1790 1576 1821 etiam
1619 1791 1649 1821 in
1692 1788 1784 1822 dictis
1826 1790 1978 1823 eeclesiis

131 1843 325 1888 Monasterij
355 1848 452 1889 atque
479 1844 560 1878 locis
588 1844 655 1889 legi
684 1844 806 1878 saciant
835 1850 866 1878 et
895 1845 1081 1889 diligentius
1109 1846 1263 1881 custodiri
1292 1852 1323 1881 et
1351 1851 1446 1881 etiam
1477 1848 1664 1882 observari.
1696 1849 1855 1883 Volumus
1881 1853 1977 1883 etiam

131 1916 191 1950 per
219 1904 339 1938 dictum
368 1907 506 1950 primum
537 1904 721 1950 Capitulum
750 1906 917 1952 provideri
947 1906 986 1939 de
1015 1906 1087 1940 loco
1117 1907 1155 1940 ad
1185 1907 1247 1941 hoc
1276 1909 1456 1942 accomodo
1486 1914 1517 1942 et
1545 1920 1666 1943 securo
1687 1910 1832 1944 eiusdem
1853 1911 1976 1955 Regni.

132 1964 186 1998 ubi
215 1964 297 1998 liber
325 1965 567 1999 ordinationum
604 1977 664 1999 seu
698 1970 892 2000 statutorum
929 1971 1113 2000 nostrorum
1149 1967 1332 2002 huiusmodi
1368 1969 1453 2003 bulla
1488 1974 1600 2003 nostra
1637 1974 1778 2004 munitus
1807 1975 1977 2017 perpetuis

134 2024 250 2059 futuris
278 2025 480 2071 temporibus
508 2026 685 2069 diligenter
713 2026 831 2061 debeat
859 2030 1065 2061 conservari.
1097 2029 1226 2062 Statuta
1255 2032 1352 2063 etiam
1382 2033 1413 2063 in
1442 2030 1706 2065 Provincialibus
1735 2042 1792 2065 seu
1823 2043 1977 2065 comnm-

133 2084 230 2119 nibus
259 2085 426 2120 Abbatum
455 2091 487 2119 et
514 2086 662 2120 Priorum
692 2087 912 2132 predictorum
943 2088 1017 2121 dieti
1047 2088 1156 2132 Regni
1186 2088 1322 2123 Boemie
1352 2090 1508 2136 Capitulis
1537 2092 1611 2125 olim
1642 2092 1738 2134 facta.
1768 2095 1890 2137 portari
1919 2105 1979 2139 per

134 2157 194 2179 eos
222 2149 274 2192 qui
304 2146 355 2180 illa
385 2146 558 2180 habuerint
586 2147 626 2181 ad
655 2148 817 2193 prefatum
846 2151 982 2194 primum
1014 2149 1207 2193 Capitulum,
1237 2154 1269 2183 et
1296 2153 1365 2196 ipsa
1394 2163 1452 2196 per
1480 2152 1608 2197 aliquos
1629 2152 1668 2185 ab
1689 2152 1804 2186 eodem
1827 2152 1978 2199 Capitulo

134 2206 351 2252 deputandos,
381 2210 565 2241 examinari
594 2219 668 2242 cum
703 2209 870 2253 diligentia
906 2209 1045 2251 faciatis,
1079 2214 1111 2242 et
1145 2221 1209 2255 que
1251 2210 1290 2244 de
1328 2212 1389 2245 illis
1425 2223 1487 2258 que
1523 2217 1630 2246 tamen
1669 2215 1790 2246 nostris
1819 2214 1978 2260 predictis

134 2266 396 2301 ordinationibus
423 2278 488 2302 non
525 2268 670 2311 obvient.
708 2272 738 2303 in
776 2273 847 2315 ipso
883 2270 1000 2308 Regno
1035 2269 1209 2304 observari
1245 2270 1397 2306 debeant.
1435 2275 1464 2306 in
1501 2275 1650 2317 sequenti
1685 2273 1830 2307 eiusdem
1869 2275 1978 2319 Regni

135 2327 283 2373 Capitulo
312 2327 492 2362 ordinetur.
548 2329 676 2363 Deinde
711 2330 750 2364 ad
785 2331 945 2364 ecclesias
981 2330 1205 2367 Catliedrales,
1241 2330 1444 2367 Monasteria
1481 2338 1512 2366 et
1547 2334 1608 2366 alia
1638 2334 1709 2367 loca
1739 2334 1977 2370 Conventualia

135 2387 282 2422 eiusdem
312 2387 436 2421 ordinis
465 2400 522 2423 seu
552 2389 736 2434 Religionis
774 2391 855 2424 inl'ra
898 2391 982 2424 idem
1024 2391 1177 2436 Regnum
1214 2395 1401 2429 existentia.
1440 2397 1636 2427 coniunctim
1675 2395 1729 2429 vel
1758 2395 1889 2430 divisim
1920 2408 1979 2443 per

136 2448 290 2482 diversas
319 2452 429 2493 partes
457 2454 553 2494 prout
581 2450 619 2483 ad
650 2453 794 2485 invicem
823 2454 1047 2485 conveneritis
1082 2453 1302 2497 personaliter
1337 2454 1548 2489 accedentes.
1578 2455 1618 2489 de
1647 2458 1792 2502 ipsorum
1821 2468 1883 2491 nec
1913 2469 1978 2491 non

136 2508 357 2542 membrorum
387 2519 519 2543 suorum
556 2510 776 2546 facultatibus.
816 2524 854 2545 ac
889 2516 966 2556 quot
994 2511 1146 2546 Monaclii
1176 2524 1253 2547 esse
1281 2518 1517 2548 consueverint
1547 2518 1577 2549 in
1607 2516 1742 2560 eisdem,
1773 2523 1850 2563 quot
1879 2521 1978 2552 etiam

138 2568 179 2602 de
207 2568 301 2602 dictis
339 2569 545 2604 facultatibus
588 2572 851 2606 incumbentibus
887 2576 934 2606 eis
973 2577 1171 2619 supportatis
1214 2574 1369 2608 oneribus
1405 2576 1576 2610 commode
1613 2578 1747 2612 valeant
1788 2582 1978 2621 sustentari,
