2184 2828
1014 75 1088 110 833

998 244 1105 280 233.

122 313 250 349 Probst
268 312 406 347 Jolmmz
432 313 499 347 und
525 314 587 347 das
618 314 756 359 Capilel
782 325 835 348 am¹
860 313 1072 359 I‘Isqselzrade
1096 313 1282 358 verkaufen
1310 313 1381 348 dem
1407 315 1575 350 Heinrich
1598 327 1661 350 eon
1682 316 1770 361 Lz‘pa
1794 318 1848 352 die
1874 318 1985 353 Galer-

120 376 156 410 in
180 373 383 417 Wolframz'e
407 375 467 408 mit
494 374 556 408 den
580 375 667 409 (law
691 374 877 420 qeliorae'qen
898 374 1061 418 Dorfern.
1090 374 1174 409 Deo.
1202 374 1342 419 Praqae
1370 375 1443 409 Vll.
1472 376 1552 410 Idus
1572 377 1785 422 Septembris
1807 379 1829 421 (
1832 379 1863 413 7.
1884 379 1983 425 Sep-

912 435 1050 481 tembr.)
1081 435 1191 470 1325.

278 485 369 540 Ros
387 504 559 540 Johannes
589 506 642 540 dei
663 508 777 551 gracia
803 499 1144 550 Wisschegradensis
1171 504 1326 539 Ecclesie
1355 508 1556 551 prepositus,
1586 506 1697 552 Regni
1726 506 1864 542 Boemie
1889 507 1984 543 Can-

121 565 289 609 cellarius,
328 565 495 613 Dyrzlaus
536 565 706 609 Decanus,
744 565 903 600 Nicotaus
945 565 1076 609 Custos,
1115 565 1274 612 Thobyas
1315 565 1532 611 Scolasticus,
1573 567 1759 613 Totumque
1799 567 1983 616 Capitulum

120 625 276 661 Ecclesie
304 626 646 672 WVisschegradensis
683 627 845 673 predicte,
883 626 922 660 ad
952 627 1137 661 Romanam
1165 626 1365 670 Ecclesiam,
1395 627 1484 661 nullo
1513 628 1621 662 medio
1650 632 1860 675 pertinentis,
1889 630 1983 664 fate-

120 698 206 730 mur,
241 692 274 722 et
310 690 587 732 recognoscimus
626 699 686 734 per
721 693 908 734 presentes,
939 687 1035 729 Quod
1070 687 1224 722 volentes
1262 687 1494 722 condicionem
1532 691 1635 734 ipsius
1671 689 1830 724 Ecclesie
1868 696 1983 725 nostre

120 747 238 782 facere
257 748 442 791 meliorem,
463 747 556 782 Bona
580 752 792 795 prepositure
819 748 968 783 ciusdem
994 751 1026 782 in
1046 748 1266 783 VVolsramicz
1292 750 1324 782 in
1344 747 1496 783 Moravia
1523 752 1596 784 sita.
1624 761 1697 784 cum
1718 751 1807 786 villis
1826 751 1983 786 videlicet

120 807 284 852 Lissnicz,
315 808 505 843 Selchwicz
535 814 566 843 et
594 809 764 855 Pochticz,
794 821 833 843 ac
863 812 1029 843 vniuersis
1058 819 1173 843 eorum
1208 810 1438 855 pertinencijs,
1473 820 1537 856 que
1566 815 1690 844 tantum
1719 822 1737 845 a
1766 816 1879 846 nostra
1908 812 1982 847 dis-

120 868 233 903 tabant
259 869 428 916 Ecclesia,
457 869 545 915 quod
575 881 689 905 eorum
719 870 891 904 vtilitatem
925 881 993 904 non
1024 873 1125 904 totam
1158 873 1335 916 percipere
1368 874 1571 916 poteramus,
1608 876 1734 905 matura
1771 877 1805 906 et
1833 872 1983 918 diligenti

120 929 368 964 deliberacione
396 929 580 977 prehabito,
610 930 651 965 de
686 931 901 965 Serenissimi
936 930 1068 965 Domini
1104 933 1221 974 nostri,
1257 930 1390 964 Domini
1419 930 1583 965 Johannis
1612 931 1749 966 Boemie
1784 937 1816 967 et
1844 933 1983 968 Polonie

119 991 238 1036 Regis,
268 990 404 1026 Comitis
431 991 750 1037 Lucemburgensis,
779 995 834 1037 qui
863 991 1010 1026 eiusdem
1038 990 1194 1026 Ecclesie
1222 996 1338 1025 nostre
1366 996 1524 1038 patronus
1554 995 1692 1036 exstitit,
1719 994 1870 1037 consili0,
1895 1005 1984 1029 con-

119 1055 278 1087 nivencia
306 1056 339 1086 et
367 1063 548 1096 consensu,
583 1052 745 1099 expedire
781 1057 814 1087 et
849 1055 911 1099 ipsi
946 1052 1099 1086 Ecclesie
1131 1056 1247 1086 nostre
1282 1052 1457 1098 proficere,
1492 1056 1625 1087 minime
1654 1053 1852 1098 dubitantes,
1882 1054 1983 1089 nobili

120 1116 206 1156 viro,
244 1112 388 1147 Domino
422 1112 568 1147 Henrico
606 1113 646 1147 de.
682 1112 786 1160 Lypa,
823 1113 960 1147 Summo
995 1112 1105 1158 Regni
1140 1112 1279 1147 Boemie
1311 1112 1536 1157 Marschalco,
1575 1118 1638 1148 rite
1675 1119 1708 1148 et
1744 1115 1983 1150 rationabiliter

119 1172 330 1208 vendidimus
358 1184 418 1220 pro
448 1173 586 1208 Duobus
613 1173 747 1209 Milibus
775 1185 959 1208 marearum
987 1185 1184 1219 grossorum
1208 1174 1439 1220 Pragensium.
1471 1175 1656 1220 Sexaginta
1682 1180 1824 1222 quatuor
1843 1187 1983 1221 grossos

120 1244 181 1281 pro
210 1245 322 1269 marca
351 1234 497 1281 qualibet
526 1235 759 1282 computando,
790 1236 898 1269 taliter
926 1235 1013 1280 quod
1042 1246 1140 1269 omne
1168 1234 1239 1279 Jus,
1270 1235 1357 1281 quod
1386 1235 1494 1279 nobis,
1523 1239 1746 1282 prepositure,
1772 1241 1805 1271 et
1828 1237 1983 1272 Ecclesie

120 1299 237 1329 nostre
265 1294 435 1342 predictis,
466 1299 498 1330 in
527 1298 608 1342 ipsis
637 1295 740 1330 Bonis
770 1295 988 1330 Wolframicz
1024 1299 1193 1343 competit,
1232 1301 1287 1330 aut
1322 1301 1515 1343 competere
1549 1302 1690 1343 poterat,
1726 1297 1915 1332 Ecclesiam
1952 1303 1984 1332 et

120 1355 182 1390 Jus
210 1360 405 1402 patronatus
433 1355 555 1390 ibidem
585 1357 774 1402 specialiter
803 1357 876 1390 loco
904 1359 998 1390 cuius
1027 1359 1098 1403 ipse
1126 1356 1278 1391 dominus
1307 1362 1423 1392 noster
1451 1357 1538 1401 Rex,
1573 1358 1669 1392 nohis
1697 1361 1869 1405 preposito
1897 1370 1983 1405 pre-

121 1416 210 1450 dicto
243 1421 275 1450 et
312 1416 575 1452 Successoribus
613 1420 735 1451 nostris
771 1420 949 1463 prepositis
985 1417 1138 1452 Ecclesie
1166 1417 1507 1463 Wisschegradensis
1537 1418 1698 1465 predicte,
1727 1419 1767 1453 ad
1797 1422 1983 1454 instantiam

120 1479 241 1523 ipsium
268 1476 402 1512 Domini
434 1478 573 1512 Heni-ici
607 1481 713 1512 eciam
750 1483 783 1512 vt
819 1489 864 1512 ex
901 1481 973 1524 ipsa
1010 1477 1211 1512 vendicione
1239 1477 1309 1512 Nos
1343 1483 1375 1512 et
1411 1480 1556 1514 ecclesia
1591 1484 1706 1514 nostra
1741 1483 1774 1514 in
1802 1480 1891 1514 nullo
1920 1480 1984 1514 de-

121 1537 269 1572 fraudari
297 1538 501 1583 videremur,
538 1539 756 1573 collacionem
795 1542 1007 1586 prepositure
1042 1538 1318 1583 Bolezlaviensis,
1355 1539 1442 1574 dedit
1478 1544 1510 1574 et
1544 1540 1692 1584 donavit,
1728 1543 1984 1588 imperpetuum,

121 1601 211 1633 omni
238 1598 319 1634 Jure
349 1601 435 1634 sicut
462 1603 567 1646 ipsam
597 1599 785 1634 Ecclesiam
815 1603 847 1634 in
875 1599 1096 1634 Wolsramicz
1125 1599 1298 1634 habuimus
1326 1600 1494 1644 conferre,
1525 1601 1748 1636 transtulimus
1772 1604 1805 1636 in
1829 1602 1983 1646 eundem,

120 1659 210 1704 quod
238 1661 310 1706 ipse
337 1659 501 1695 Dominus
529 1660 694 1695 Ilenricus
728 1665 760 1694 ct
793 1663 843 1694 sui
879 1660 1041 1703 Heredes,
1077 1660 1171 1695 Bona
1205 1664 1290 1707 ipsa,
1326 1666 1358 1695 et
1391 1662 1488 1696 villas
1520 1662 1699 1708 predictas,
1729 1674 1803 1696 cum
1832 1662 1984 1697 omnibus

120 1719 269 1764 Juribus,
299 1720 506 1765 vtititatihus,
545 1726 578 1755 et
615 1724 830 1767 pertinenciis
865 1724 934 1755 suis
968 1724 1145 1765 vniuersis,
1183 1725 1216 1756 in
1249 1721 1503 1768 quibuscunque
1541 1722 1654 1757 Rebus
1692 1725 1876 1757 consistant
1909 1734 1984 1757 cuin

121 1784 211 1815 omni
240 1780 386 1815 dominio
414 1782 497 1816 Jure
525 1786 557 1816 et
586 1781 820 1819 Jurisdicione,
851 1785 933 1816 sicut
963 1782 1003 1816 ad
1032 1785 1137 1828 ipsam
1170 1785 1413 1828 preposituram
1447 1788 1479 1817 et
1506 1783 1693 1818 Ecclesiam
1721 1788 1869 1818 nostram
1897 1794 1984 1830 per-

122 1841 283 1885 tinebant,
313 1841 395 1876 Jure
423 1842 624 1877 hereditario
662 1847 694 1877 et
729 1846 969 1889 imperpetuum
1009 1842 1177 1885 habeant,.
1201 1847 1233 1877 et
1262 1843 1467 1890 possideant,
1497 1855 1677 1891 corumque
1706 1848 1852 1887 vtantur,
1883 1848 1916 1878 et
1943 1843 1984 1878 de

125 1904 176 1936 eis
204 1906 370 1948 tamquam
399 1903 440 1938 de
468 1903 520 1938 Re
549 1907 695 1950 propria,
726 1904 913 1950 disponant,
945 1908 976 1937 ct
1007 1903 1142 1946 saciant,
1172 1903 1234 1937 hoc
1263 1904 1350 1949 quod
1378 1916 1491 1939 eorum
1521 1906 1680 1951 placuerit
1708 1905 1880 1949 voluntati,
1910 1904 1984 1939 Re-

127 1968 375 2008 cognoscentes
404 1964 588 2011 predictam
618 1968 805 2010 pecuniam.
836 1976 896 2010 per
924 1967 1031 2010 ipsum
1060 1964 1236 1998 Dominum
1266 1964 1457 2001 Heni-icum.
1494 1966 1589 2000 nobis
1617 1970 1650 2000 et
1676 1965 1828 2000 Ecclesie
1856 1969 1985 2007 nostre,

127 2023 225 2069 plene
259 2029 292 2058 et
327 2026 534 2070 integraliter
567 2026 721 2069 solutam,
757 2029 788 2059 et
823 2028 854 2059 in
890 2028 1111 2071 prepositure,
1150 2030 1183 2059 ct
1216 2024 1369 2060 Ecclesie
1403 2031 1516 2061 nostre
1554 2026 1774 2073 predictarum
1813 2026 1984 2060 Vtilitatein

120 2086 204 2129 -quia
232 2095 315 2119 vero
343 2088 417 2132 ipsa
446 2086 539 2121 Bona
575 2091 606 2120 et
641 2087 737 2120 xillus
773 2089 805 2120 in
834 2086 949 2132 Syria,
983 2086 1142 2130 Lechow,
1180 2086 1391 2130 Sobiechlcb,
1426 2092 1459 2122 et
1490 2087 1761 2130 Luhoschowitz,
1798 2087 1872 2122 loco
1901 2099 1985 2134 pre-

127 2144 290 2178 dictorum
318 2145 487 2181 Bonorum
517 2151 549 2182 in
578 2147 811 2183 wolfi-aniicz.
847 2150 986 2181 emimus
1023 2151 1056 2181 et
1083 2149 1364 2193 comparavimus,
1400 2159 1478 2183 esse
1506 2159 1720 2191 conversam,
1751 2151 1800 2183 sic
1828 2148 1915 2194 quod
1945 2148 1985 2183 de

127 2208 200 2251 ipsa
230 2209 372 2251 pecunia
400 2207 536 2242 duorum
566 2208 690 2242 Milium
721 2218 917 2241 marcarum.
948 2207 1090 2241 eundem
1115 2208 1281 2242 dominum
1306 2208 1498 2253 Heni-icum,
1524 2208 1675 2242 lleredes
1701 2213 1735 2243 et
1759 2209 1986 2245 Successores

126 2276 218 2307 suos,
249 2266 458 2311 presentibus
487 2272 712 2314 quittavimus,
743 2273 773 2302 et
798 2268 919 2302 liberos
944 2279 1021 2302 esse
1057 2268 1196 2303 dicimus
1223 2273 1255 2302 et
1281 2268 1416 2313 solutos,
1438 2270 1709 2304 Renuncciantes
1735 2272 1842 2304 eciam
1867 2275 1986 2316 sponte

128 2331 160 2361 et
188 2337 353 2372 expresse
382 2330 413 2361 in
448 2331 624 2375 integrum.
655 2330 825 2364 Beneficio
860 2331 1076 2363 restitutionis
1109 2331 1306 2374 excepcioni
1341 2341 1405 2364 non
1443 2334 1614 2364 numerate
1652 2333 1796 2376 pecunie
1828 2331 1884 2366 vel
1918 2342 1985 2365 non

127 2387 236 2422 solute
270 2386 365 2421 nobis
400 2389 454 2422 vet
491 2392 522 2423 in
557 2392 729 2425 vtilitatem
767 2393 976 2436 prepositure
1011 2394 1043 2423 et
1081 2389 1236 2423 Ecclesie
1274 2395 1407 2434 nostre,
1447 2402 1512 2425 non
1550 2401 1717 2425 converse
1755 2402 1856 2438 supra
1898 2391 1986 2426 dicte

127 2450 283 2494 pecunie,
314 2452 346 2481 et
375 2451 463 2482 omni
496 2450 548 2494 alij
582 2451 672 2485 Juris
709 2451 830 2485 auxilio
867 2455 928 2484 tam
960 2451 1120 2484 Canonici
1150 2461 1246 2496 quam
1275 2452 1383 2486 civilis
1412 2451 1659 2486 consuetudinis
1688 2452 1741 2486 vel
1771 2455 1896 2497 statuti,
1925 2463 1984 2487 seu

127 2508 265 2543 alterius
294 2508 481 2551 cuiuslibet,
511 2521 574 2555 quo
604 2515 710 2546 iuuari
739 2522 927 2558 possemus,
958 2511 998 2545 ad
1027 2511 1260 2557 requirendum
1286 2517 1400 2547 nostro
1427 2513 1479 2547 vel
1507 2514 1715 2558 prepositure
1735 2516 1808 2548 sive
1829 2513 1983 2548 Ecclesie

127 2573 241 2604 nostre
278 2569 498 2615 predictarum
539 2575 683 2607 nomine.
723 2572 763 2606 ab
798 2575 869 2618 ipso
906 2571 1050 2606 Dmnino
1084 2572 1241 2615 Ilenrico,
1279 2572 1476 2607 Hei-edibus.
1517 2577 1571 2607 aut
1605 2572 1871 2609 Successoribus
1900 2578 1980 2615 suis,
