2184 2828
991 123 1062 159 183

107 242 213 276 dictos
241 242 281 276 de
308 241 495 287 LompnicZ.
525 240 633 275 eidem
668 241 730 275 filie
765 246 878 276 nostre
911 244 1001 288 prius
1037 243 1216 283 nominate.
1245 241 1300 275 vel
1329 243 1407 287 ipsis
1437 242 1608 276 sororibus
1636 242 1710 276 dicti
1740 244 1945 287 monasterij,

107 306 334 349 prenominate
353 304 587 348 quinquaginta
608 313 730 337 marce.
751 305 873 348 paratis
893 313 967 336 cum
986 302 1142 346 denarijs,
1167 303 1375 346 integraliter
1393 304 1559 348 persolute
1580 302 1699 337 fuerint
1720 308 1753 336 et
1772 304 1945 350 complete.

105 362 262 398 fructibus
290 367 323 397 et
340 362 532 396 viilitatibus
553 361 782 396 nichilominus
810 362 917 397 medio
942 367 1089 409 tempore
1107 365 1287 409 perceptis.
1309 366 1340 396 in
1361 367 1450 397 sorte
1470 364 1620 409 capitalis
1639 367 1792 410 pecunie.
1814 367 1946 398 mininie

105 423 326 465 defalcandis3
354 423 515 457 Volumus
544 426 650 457 eciam
679 428 710 456 et
738 426 981 466 committimus,
1010 427 1043 457 ut
1069 433 1128 469 pro
1157 424 1333 469 persolutis
1362 426 1596 470 quinquaginta
1623 427 1755 459 marcis,
1785 425 1836 469 alij
1865 428 1946 458 cerii

103 489 285 531 prouentus
327 487 391 518 emi
432 489 464 518 et
504 487 691 530 comparari
734 484 927 527 debeantur.
971 486 1024 530 qui
1064 483 1236 517 antedictis
1273 484 1443 518 sororibus
1479 488 1696 530 exequiarum
1732 490 1881 532 tempore
1916 490 1946 519 et

104 546 320 588 aniversarijS
348 547 471 579 nostris
499 546 639 589 singulis
676 550 772 590 prout
806 548 1011 578 conueniens
1047 543 1155 586 fuerin
1194 544 1396 579 deriuentur.
1431 544 1571 579 Omnem
1609 549 1714 579 eciam
1749 551 1946 592 prouentum

104 609 137 640 et
170 616 307 639 censum
345 609 451 640 tocius
483 608 544 639 orti
579 608 610 639 in
644 604 878 639 Vrsichowicz
912 606 1060 651 predicte
1095 604 1159 638 filie
1195 610 1308 639 nostre
1342 605 1502 647 Elisabet.r
1537 610 1571 639 et
1607 611 1681 652 post
1710 611 1847 640 mortem
1877 609 1946 640 eius

104 665 273 700 sororibus
302 667 492 710 monasterij
523 670 638 699 sancte
659 666 770 709 Anne.
798 677 856 711 pro
877 665 1021 700 subsidio
1042 676 1263 711 expensarum
1284 670 1317 700 et
1335 668 1452 712 precii.
1474 666 1514 700 ad
1541 667 1716 700 tenendum
1738 668 1944 714 capellanum

103 729 239 760 tercium
274 729 306 760 in
340 726 520 760 remedium
555 729 736 760 animarum
770 731 957 760 nostrorum
992 726 1277 772 predecessorum,
1314 731 1345 760 et
1381 738 1613 761 successorum
1656 731 1812 770 omnium,
1850 739 1945 773 quem

103 787 166 821 alio
194 787 291 821 modo
320 790 485 821 sustinere
512 798 578 820 nou
607 787 759 821 valerent
786 798 849 820 nec
878 792 1004 830 tenere⁷
1033 797 1106 821 cum
1134 790 1222 820 omni
1251 789 1321 820 iure
1341 791 1373 821 et
1393 787 1549 829 dominio.
1571 799 1634 834 quo
1655 799 1727 821 nos.
1750 793 1780 822 et
1800 788 1943 823 heredes

102 851 236 881 nostros
264 850 355 894 prius
383 847 607 892 contingebat,
637 859 655 881 a
685 848 768 881 datis
796 851 1003 894 presencium
1028 847 1261 894 possidendum
1281 847 1480 882 hereditarie
1499 848 1701 882 conferimus
1722 854 1752 882 et
1774 849 1943 883 donamus.

103 907 147 942 Vt
174 913 284 942 autem
311 908 373 942 hec
402 908 571 942 ordinacio
600 912 632 942 et
660 908 789 953 legacio
817 919 877 954 per
905 920 965 943 nos
994 908 1080 943 facta
1109 908 1355 942 racionabiliter
1383 913 1416 942 et
1443 913 1600 942 contexta
1636 909 1835 943 inviolabilis
1863 921 1946 956 per-

102 973 246 1013 seueret,
275 971 308 1003 in
337 971 559 1003 testimonium
588 968 773 1003 huiusmodi
803 974 833 1003 et
862 970 1069 1003 evideneiam
1096 969 1277 1015 pleniorem
1304 974 1491 1015 presentem
1512 969 1650 1003 litteram
1681 969 1751 1004 fieri
1781 975 1811 1004 et
1840 974 1945 1017 primo

102 1033 215 1073 nostri,
245 1041 284 1064 ac
313 1029 504 1064 dilectorum
533 1029 672 1064 filiorum
711 1034 741 1064 et
776 1029 933 1064 heredum
969 1035 1167 1073 nostrorum,
1202 1029 1359 1064 videlicet
1394 1029 1515 1063 domini
1546 1029 1714 1073 Jesconis‚
1749 1031 1942 1075 Jenczonis.

102 1095 134 1125 et
162 1090 365 1125 Proczkonis
393 1090 554 1125 dictorum
584 1090 624 1124 de
658 1090 847 1137 Lompnicz.
885 1091 1068 1136 deindeque
1095 1090 1249 1125 nobilium
1278 1093 1424 1124 virorum
1455 1095 1486 1124 et
1520 1091 1739 1135 dominorum,
1777 1091 1940 1126 Gerhardi

101 1151 143 1186 de
171 1150 343 1194 Chunstat,
372 1162 430 1198 pro
451 1162 539 1185 nunc
566 1151 748 1185 Brunensis
777 1156 809 1185 et
835 1151 1058 1198 Znoymensis
1086 1151 1190 1186 czude
1218 1153 1403 1196 camerarij,
1433 1151 1536 1186 Pothe
1565 1152 1605 1186 de
1630 1151 1882 1195 wildenberch‚
1913 1157 1943 1186 et

99 1212 208 1247 dilecti
235 1215 353 1257 generi
380 1215 485 1246 nostri
520 1212 642 1246 domini
668 1212 820 1246 Jesconis
850 1212 889 1246 de
910 1212 1110 1246 Boskowicz
1131 1215 1335 1259 appensione
1355 1212 1536 1257 sigillorum
1558 1215 1715 1246 iussimus
1734 1216 1941 1247 communiri.

100 1272 218 1307 Datum
254 1278 286 1307 et
328 1278 435 1307 actum
466 1273 576 1307 Brune
614 1284 700 1307 anno
739 1273 860 1307 domini
899 1273 1082 1317 millesimo,
1111 1276 1357 1317 trecentesimo,
1387 1276 1553 1307 tricesimo
1582 1284 1683 1316 nono,
1720 1274 1826 1320 pridie
1863 1279 1941 1308 ante

101 1334 344 1368 exaltacionem
374 1338 491 1368 sancte
519 1333 646 1368 Crucis.

405 1413 472 1446 (Das
487 1412 561 1447 Orig.
586 1412 632 1439 auf
641 1413 762 1447 Pergam.
787 1414 831 1438 mit
845 1413 935 1439 sichen
950 1413 1056 1439 kleinen
1079 1413 1308 1439 wohlerhalienen
1327 1413 1437 1448 Sigillen
1454 1414 1488 1439 im
1509 1413 1624 1439 Archive
1649 1413 1791 1439 desselben
1809 1412 1942 1439 Klosters.

509 1466 543 1491 im
568 1473 600 1491 m.
626 1469 658 1492 st.
683 1465 895 1492 Landesarchive
919 1465 965 1492 Lit.
991 1465 1021 1491 H.
1047 1473 1072 1491 n.
1099 1464 1162 1498 11.)

969 1594 1074 1629 252.

243 1653 365 1718 Karl,
392 1673 569 1719 Markgraf
592 1685 659 1708 von
686 1673 838 1717 Mahren,
874 1672 1067 1719 genelimigt
1102 1672 1154 1706 die
1184 1672 1389 1718 Schenkung
1417 1672 1475 1707 des
1502 1672 1625 1707 Dorfes
1654 1672 1784 1719 Lythge
1818 1675 1942 1707 seitens

98 1736 210 1769 seines
239 1734 362 1769 Vaters
391 1746 433 1768 an
462 1734 514 1768 die
541 1734 665 1769 Kirche
695 1734 802 1769 Trier.
832 1734 885 1769 Dt.
917 1734 1066 1768 Treviris
1095 1733 1154 1768 22.
1184 1733 1275 1781 Sept.
1309 1734 1418 1769 1339.

405 1811 589 1847 (Reischach's
613 1814 676 1849 Rep.
702 1815 727 1840 in
752 1814 879 1840 Coblenz.
904 1813 1018 1839 Bohmer
1044 1813 1093 1839 Ad.
1118 1812 1150 1839 11.
1175 1813 1203 1839 S.
1229 1812 1298 1840 343.
1324 1822 1350 1840 n.
1375 1813 1440 1845 36.)

967 1942 1074 1977 253.

99 2019 172 2054 Der
201 2011 372 2055 OImHIz-er
399 2021 550 2066 BIschof
569 2021 705 2056 Jolemm
743 2021 907 2065 erlfl¹ire!‚
943 2021 1022 2054 (lass
1061 2020 1176 2053 Beue&
1206 2020 1280 2054 Has
1313 2032 1376 2054 ron
1413 2020 1575 2054 Karou-ic
1603 2021 1716 2053 see'ner
1744 2018 1941 2053 Seleu-ester

97 2080 217 2125 Aqnes
269 2081 297 2116 V
332 2082 435 2116 Mai-lc
476 2082 598 2116 Zinses
641 2084 673 2116 in
721 2083 867 2127 Aujffid,
910 2082 974 2115 med
1013 2080 1134 2125 llynelt
1173 2092 1235 2114 ron
1277 2081 1418 2126 Byslr‘e'c
1454 2082 1507 2115 ilu-
1543 2082 1647 2114 Galle
1688 2080 1721 2114 X
1764 2079 1866 2113 Marlt,
1907 2082 1939 2113 in

99 2140 265 2175 Halioaecoe'c
299 2142 351 2176 als
383 2142 588 2188 Leibyede'nq
622 2145 835 2188 anqecciesen
870 2142 990 2176 haben.
1048 2141 1105 2175 Dt.
1146 2141 1322 2185 mornacii,
1358 2142 1411 2176 die
1440 2141 1468 2176 b.
1508 2142 1700 2176 Ilieronz’mz'
1729 2140 1810 2182 (30.
1841 2140 1939 2185 Sep-

867 2202 1015 2245 tember)
1048 2201 1158 2236 1339.

251 2278 340 2332 Ros
367 2297 538 2334 Johannes
566 2299 619 2334 dei
647 2304 680 2334 et
709 2300 890 2346 apostolice
918 2298 1007 2332 sedis
1035 2299 1146 2343 gracia
1180 2300 1357 2344 episcopus
1386 2298 1617 2333 Olomucensis
1652 2301 1764 2331 notum
1798 2296 1940 2332 facimus

98 2363 214 2393 tenore
249 2362 455 2405 presencium
492 2364 672 2403 minei-sis.
714 2361 798 2407 quod
841 2362 1036 2393 constitutus
1074 2361 1104 2391 iu
1146 2360 1321 2404 presencia
1357 2364 1472 2393 nostra
1507 2358 1611 2392 fidelis
1645 2362 1761 2392 noster
1798 2358 1937 2392 dilectus

99 2418 279 2454 Benessius
307 2419 412 2453 dictus
431 2419 533 2463 Huzz,
562 2421 727 2467 quondam
756 2421 797 2455 de
817 2421 1002 2461 (Ἧι-(Μία,
1024 2419 1150 2463 Agneti
1177 2422 1283 2452 sorori
1305 2430 1364 2454 sue
1393 2422 1489 2453 vxori
1520 2419 1624 2452 tidelis
1652 2421 1757 2452 nostri
1777 2418 1939 2453 Hinconis

97 2479 138 2514 de
165 2479 323 2514 Wistricz
352 2483 495 2526 quinque
524 2492 708 2516 marcarum
743 2482 887 2516 redditus
916 2483 946 2514 in
977 2480 1052 2513 villa
1081 2484 1191 2513 nostra
1231 2479 1360 2523 Vgezd.
1389 2483 1523 2514 nomine
1552 2478 1647 2522 dotis,
1677 2490 1739 2525 que
1769 2479 1940 2524 wlgariter

98 2539 288 2586 leibgeding
316 2541 444 2583 dicitur,
472 2544 665 2586 restgnaust,
694 2542 884 2587 Ibidemque
913 2540 1018 2574 eidem
1040 2540 1163 2585 Agnou
1193 2539 1297 2574 dictus
1318 2540 1424 2574 Hinco
1454 2543 1484 2573 in
1513 2539 1590 2573 villa
1610 2539 1795 2574 Hanowicz
1823 2539 1938 2573 decem

98 2611 281 2636 marcarum
310 2602 454 2636 redditus
482 2613 610 2637 annuos
637 2603 817 2649 deputauit‚
855 2604 992 2637 racione
1025 2601 1111 2635 dotis
1146 2605 1179 2635 vt
1214 2603 1365 2646 superius
1401 2605 1452 2635 est
1487 2611 1695 2646 expressum,
1732 2603 1939 2646 prominenS,
