2184 2828
95 220 195 254 ueluti
229 218 367 252 dominis
403 217 472 250 suis
514 214 691 258 ordinarijs
729 219 759 248 ct
797 214 1001 248 naturalibus
1039 213 1181 248 debitam
1225 225 1358 260 semper
1400 215 1613 250 exhibuerint
1647 220 1868 251 reuerentiam
1906 221 1939 252 et

93 280 264 321 honorem,
295 279 382 311 sicut
410 275 474 309 hoc
503 275 612 309 littere
642 275 706 308 diui
736 274 898 308 Friderici
928 275 1153 308 Romanorum
1182 274 1397 320 Imperatoris
1418 277 1575 322 Augusti,
1605 280 1659 322 qui
1687 277 1728 311 de
1757 283 1849 312 certa
1878 290 1938 313 sua

93 342 229 375 scientia
257 341 289 371 in
318 339 423 383 prima
453 338 609 381 ipsarum.
641 336 737 369 ctare
766 335 928 369 Memorie
948 335 1167 369 Wtadisiaum
1195 335 1323 369 Ducem
1345 336 1482 371 Boemie
1502 338 1663 372 Illustrem
1694 337 1767 371 dum
1797 342 1938 373 uiueret.

92 398 241 434 Heredes
270 402 303 431 et
333 397 561 431 Successores
590 407 680 430 51105.
713 399 839 430 uirtutis
861 400 890 430 et
921 396 1127 430 excellencie
1146 398 1248 441 ipsius
1268 396 1439 439 industria.
1469 402 1530 432 rite
1559 402 1733 444 poscente,
1763 404 1939 445 antequam

93 459 233 495 eundem
268 458 309 492 ad
343 458 497 503 Regnum
534 456 671 490 Boemie
705 460 859 491 coronari
898 460 1130 501 contingeret,
1166 457 1332 501 gestando
1367 458 1492 492 circulo
1528 458 1718 502 decorauit,
1757 463 1790 492 ut
1822 460 1940 493 eodem

90 521 216 564 Insigni
245 518 370 553 circulo
400 517 547 551 adinstar
575 516 817 562 Imperatorum
848 522 877 550 et
907 517 1037 561 Regum
1066 517 1306 551 Romanorum.
1336 520 1369 551 in
1388 517 1577 553 Natiuitatis
1599 518 1732 562 Christi,
1761 524 1793 553 et
1815 519 1941 553 Salua-

89 583 168 615 toris
197 582 313 622 nostri.
343 578 482 613 Pasche.
516 582 547 611 et
576 577 826 611 Pentliecostcs.
858 589 987 611 necnon
1010 578 1187 612 Beatorum
1216 578 1448 621 VVenczeslai,
1479 583 1509 612 et
1530 580 1702 614 Adalberti
1723 580 1939 614 Patronorum

88 640 224 675 Boemie
258 638 490 674 festiuitatibus
524 643 682 672 uteretur.
714 637 776 678 Qui
805 643 913 672 tamen
944 639 1096 681 circulus.
1127 638 1235 672 eidem
1256 638 1339 672 Duci
1369 650 1387 672 a
1416 641 1548 673 nemine
1577 645 1787 686 preterquam
1816 652 1834 674 a
1854 640 1937 674 Pra-

87 705 186 747 gensi
215 705 271 735 aut
300 700 515 734 Olomucensi
536 699 713 745 Episcopis
742 699 795 732 nel
824 710 938 732 eorum
960 700 1074 741 altero.
1104 702 1158 744 qui
1180 699 1254 732 dum
1276 700 1413 733 alterum
1434 711 1479 733 ex
1501 703 1549 734 eis
1572 700 1692 735 abesse
1712 704 1939 746 contingeret.

88 765 182 796 uices
213 761 384 807 suppleret
413 759 597 793 amborum.
628 763 661 793 in
690 760 848 805 predictis
878 759 1110 793 festiuitatibus
1138 759 1245 793 fuerat
1273 760 1507 806 imponendus.
1538 761 1645 795 Acin
1665 761 1812 795 secunda
1833 762 1939 796 littera

89 823 186 857 Clare
213 821 376 856 Memorie
404 820 526 854 Illustri
556 819 716 854 Ottakaro
747 823 862 866 primo.
894 825 925 854 et
955 820 1215 854 Successoribus
1246 824 1314 855 suis
1353 821 1514 867 preclaris
1547 821 1683 855 Boemie
1718 822 1868 867 Regibus
1899 822 1940 856 ob

88 883 238 927 Insignia
273 886 306 916 et
343 885 438 926 grata
476 883 638 915 seruicia.
674 880 789 926 quibus
825 892 956 914 sacrum
991 881 1176 915 Romanum
1214 881 1391 927 Imperium
1429 882 1539 926 dignis
1575 882 1756 916 honoribus
1784 886 1941 929 prosequi

88 943 304 984 studuerunt,
333 941 532 976 inuestiendi
561 953 600 974 ac
630 940 836 975 infeudandi.
876 941 1063 987 Episcopos
1090 941 1208 988 prefati
1238 942 1349 987 Regni
1377 942 1515 976 Boeinie
1543 943 1674 989 plenam
1700 942 1811 977 tribuit
1830 943 1941 977 facul-

88 1008 197 1038 tatem.
228 1002 267 1037 Et
296 1003 404 1036 littere
433 1002 498 1036 diui
527 1001 689 1036 Friderici
710 1002 856 1036 Secundi
877 1002 1101 1036 Romanorum
1121 1002 1236 1047 Regis.
1268 1006 1298 1036 in
1320 1002 1437 1048 quibus
1457 1007 1666 1049 exprimitur,
1696 1003 1783 1048 quod
1802 1003 1940 1038 Illustris

91 1064 269 1098 lleinricus
310 1062 459 1097 Marchio
497 1062 649 1096 Morauie
695 1067 725 1096 et
769 1066 967 1097 uniuersitas
1001 1062 1192 1108 Magnatum
1227 1068 1258 1097 et
1294 1063 1458 1097 Nobilium
1495 1064 1633 1098 Boemie
1668 1064 1709 1098 de
1743 1075 1882 1099 assensu
1911 1069 1942 1099 et

91 1125 262 1159 uoluntate
290 1123 428 1158 Illustris
459 1122 612 1157 Ottakari
642 1124 809 1169 qnondam
830 1123 966 1157 Boemie
987 1123 1102 1168 Regis.
1132 1123 1252 1158 Proaui
1280 1127 1387 1158 nostri
1416 1124 1601 1167 karissimi,
1630 1125 1797 1159 Illustrem
1827 1125 1941 1159 Wen-

90 1185 271 1228 czeslaum,
300 1184 559 1229 Primogenitum
588 1187 705 1230 ipsius.
736 1187 767 1217 in
797 1184 925 1228 Regem
955 1195 1049 1218 suum
1078 1184 1252 1229 elegerint.
1285 1189 1315 1218 et
1335 1185 1451 1219 eadem
1472 1185 1608 1219 Eleccio
1637 1197 1698 1231 per
1717 1186 1941 1232 supradictum

87 1245 295 1280 Fridericum
331 1244 559 1279 Romanoram
596 1244 726 1289 Regem
762 1244 861 1278 fuerit
895 1244 1096 1290 approbata,
1135 1250 1166 1279 et
1194 1245 1302 1279 littere
1331 1246 1396 1279 diui
1424 1246 1581 1280 Richardi
1611 1246 1685 1280 olim
1714 1246 1941 1280 Romanorum

88 1307 205 1351 Regis.
235 1307 288 1352 qui
318 1308 514 1339 auctoritate
545 1316 605 1339 sua
634 1308 720 1339 sicut
749 1309 950 1351 protestatur
978 1308 1010 1338 in
1039 1306 1165 1349 litteris.
1196 1306 1359 1352 prefatum
1390 1306 1519 1352 Regem
1541 1306 1745 1341 Ottakarum.
1776 1306 1941 1341 Proauum

88 1371 252 1401 nostrum.
289 1366 365 1400 dum
400 1365 508 1399 adhuc
542 1369 642 1399 uitam
672 1370 788 1410 ageret
818 1369 849 1398 111
881 1366 1049 1408 humanis.
1081 1366 1120 1399 de
1148 1366 1257 1411 Regni
1287 1366 1424 1401 Boemie
1453 1372 1485 1401 et
1513 1367 1762 1401 Mareliionatus
1790 1367 1941 1401 Morauie

89 1425 330 1473 principatibus
359 1431 392 1460 et
419 1426 573 1460 omnibus
603 1426 711 1460 feudis
741 1426 781 1459 ad
811 1426 928 1460 cadem
958 1427 1182 1472 spectantibus
1203 1430 1382 1461 inuestiuit.
1413 1427 1452 1461 Et
1473 1429 1663 1474 specialiter
1683 1428 1823 1461 donacio
1845 1427 1941 1462 Clare

89 1487 251 1522 Memorie
280 1486 419 1521 Illustris
449 1486 598 1520 Ottakari
629 1486 775 1520 Secundi
805 1487 968 1532 quondam
996 1486 1131 1521 Boemie
1152 1487 1267 1532 Regis.
1298 1488 1419 1522 Proaui
1447 1492 1551 1522 nostri
1582 1489 1703 1531 dilecti7
1732 1499 1828 1533 quam
1858 1491 1941 1534 patri

89 1547 228 1582 Illustris
264 1546 392 1581 Nicolai
434 1547 536 1580 Ducis
566 1547 718 1593 Oppauie
757 1551 923 1593 presentis
960 1548 1081 1581 l'ecisse
1110 1548 1307 1582 dinoscitur.
1347 1549 1421 1583 dum
1452 1554 1574 1583 terram
1602 1549 1754 1583 Morauie
1789 1549 1941 1583 diuidens

89 1608 254 1642 Ducatum
284 1611 356 1642 siue
386 1608 610 1654 Principatum
643 1608 889 1654 (lppauiensem
919 1611 1044 1642 creauit
1074 1620 1117 1642 ex
1145 1619 1251 1642 nouo.
1281 1609 1459 1656 Ipsumque
1493 1609 1610 1643 ducem
1645 1609 1813 1656 Oppauie.
1843 1620 1940 1654 quem

90 1669 132 1703 de
161 1679 253 1703 mera
282 1679 342 1703 sue
371 1668 585 1713 benignitatis
615 1671 730 1713 gracia
761 1668 949 1702 sublimauit
976 1672 1007 1702 in
1037 1668 1234 1715 Principem.
1264 1669 1417 1704 Heredes
1446 1674 1479 1704 et
1499 1670 1726 1704 Successores
1755 1681 1846 1713 51105,
1874 1681 1940 1704 una

89 1740 162 1764 cum
192 1729 321 1763 Ducatu
352 1732 424 1763 siue
454 1729 643 1775 Principatu
675 1730 815 1775 prefato.
846 1730 906 1763 sibi
936 1729 1123 1763 lleredibus
1152 1734 1184 1763 et
1213 1729 1479 1764 Successoribus
1510 1734 1580 1765 suis
1610 1731 1747 1764 Boemie
1775 1730 1938 1775 Regibus.

91 1794 121 1824 et
151 1789 299 1824 eiusdem
330 1789 436 1835 Regni
460 1790 592 1824 Corone
621 1790 723 1824 uoluit
752 1790 940 1824 immediate
969 1790 1121 1825 subesse.
1152 1790 1354 1824 lucidissime
1375 1796 1611 1837 protestantur.
1643 1791 1786 1831 Quarum
1809 1791 1939 1836 quidem

93 1850 272 1884 litterarum
309 1853 500 1884 sentencias
534 1855 564 1884 et
601 1851 783 1885 clausulas.
824 1862 905 1896 quas
944 1850 983 1884 ad
1018 1850 1253 1897 probacionem
1289 1852 1448 1885 dictarum
1477 1854 1700 1885 intencionum
1731 1851 1938 1893 adduximus,

94 1921 224 1956 semper
252 1916 286 1945 et
318 1912 438 1957 ubique
468 1915 499 1945 111
529 1912 679 1945 Judicio.
717 1916 747 1945 01
779 1916 872 1945 extra
909 1922 947 1944 ac
977 1914 1007 1944 in
1038 1911 1176 1955 singulis
1205 1911 1333 1946 actibus
1368 1912 1507 1958 publicis
1536 1917 1568 1946 et
1596 1915 1749 1958 priuatis.
1779 1914 1939 1956 quociens

94 1974 302 2016 presencium
338 1977 487 2006 tenorem
523 1973 590 2017 legi
619 1976 691 2006 51110
721 1973 879 2018 publicari
909 1975 1103 2017 contigerit.
1139 1972 1287 2006 eiusdem
1323 1973 1474 2007 eslicacie
1507 1976 1633 2017 uigoris
1669 1977 1699 2005 ct
1735 1974 1939 2005 auctoritatis

95 2034 243 2065 existere
271 2032 493 2076 decernimus,
524 2045 564 2067 ac
593 2037 619 2068 si
650 2036 681 2067 in
711 2034 825 2078 liguris
855 2034 998 2078 proprijs
1027 2033 1202 2077 originalia
1231 2033 1432 2067 uiderentur.
1463 2044 1503 2067 eo
1532 2036 1689 2079 precipue
1718 2043 1790 2066 cum
1821 2032 1939 2065 eadem

95 2092 267 2135 originalia
296 2093 421 2139 pridem
451 2105 510 2139 per
538 2105 600 2129 nos
630 2106 669 2128 ac
698 2094 872 2128 nonnullos
900 2093 1126 2127 Romanorum
1156 2098 1189 2126 et
1216 2093 1353 2128 Boemie
1380 2095 1571 2139 Regnorum
1594 2093 1762 2138 Principes
1791 2097 1823 2126 et
1852 2092 1939 2126 Pro-

95 2162 193 2185 ceres
224 2151 415 2188 Venerabili
449 2155 604 2189 johanne
641 2154 855 2189 Oloniuccnsi
892 2154 1057 2200 Episcopo
1094 2154 1385 2198 Consangwineo.
1416 2166 1547 2189 necnon
1577 2153 1756 2187 Illustribus
1785 2152 1938 2187 Jolianne

94 2211 291 2245 Mai-chione
319 2213 467 2249 Morauie
496 2215 598 2249 fratre
627 2221 659 2249 et
679 2215 817 2250 Nicolao
838 2214 931 2248 Duce
952 2214 1104 2260 Oppauie
1124 2214 1333 2260 Principibus
1353 2218 1487 2251 nostris.
1517 2215 1635 2249 ibidem
1656 2218 1687 2247 et
1708 2217 1739 2246 in
1760 2217 1937 2259 presencia

94 2275 283 2306 constitutis
304 2276 486 2309 auscultata
515 2281 547 2310 et
577 2280 767 2310 examinata
788 2276 910 2309 suerint
930 2274 1115 2319 diligenter.
1147 2276 1239 2308 Sicut
1259 2278 1356 2309 etiam
1378 2288 1451 2309 nos.
1482 2280 1513 2309 01
1534 2275 1680 2309 1111151105
1701 2273 1937 2318 Progenitores

94 2337 126 2367 et
161 2332 425 2369 l'redecessores
460 2340 563 2371 nostri
600 2336 738 2371 Bocmic
777 2336 890 2379 Reges
926 2339 956 2368 in
992 2335 1225 2381 predictorum
1250 2335 1375 2369 Jurium
1416 2348 1495 2369 110111
1532 2340 1562 2368 ct
1600 2337 1682 2367 iusta
1719 2330 1936 2379 possessione

94 2396 298 2439 perstitimus
327 2399 573 2441 prescripcione
603 2401 784 2443 temporum
815 2397 978 2440 diuturna.
1008 2400 1039 2429 et
1067 2396 1176 2428 diuina
1208 2396 1338 2430 l'auente
1367 2397 1548 2430 clemencia
1578 2397 1783 2440 persistimus
1803 2398 1834 2428 in
1855 2406 1938 2440 pre-

95 2456 191 2488 senti.
247 2453 316 2487 Nos
351 2456 450 2498 igitur
483 2458 693 2492 attendentes
729 2462 761 2492 et
798 2461 955 2491 accurate
991 2456 1219 2489 meditacionis
1249 2456 1355 2491 studio
1385 2456 1546 2502 limpidius
1575 2457 1758 2489 intuentes.
1797 2455 1938 2499 qualiter

95 2516 266 2559 imposicio
295 2513 412 2559 prefati
441 2517 554 2550 circuli
581 2529 642 2563 per
670 2530 787 2552 manus
816 2516 1064 2550 venerabilium
1094 2516 1275 2561 Pragcnsis
1303 2521 1335 2550 et
1364 2517 1595 2550 Oloniuccnsis
1623 2515 1838 2550 ecelesiarum
1859 2515 1938 2548 An

95 2576 231 2607 tistitum
262 2574 312 2608 uel
342 2574 476 2609 alterius
505 2586 548 2609 ex
576 2580 636 2621 eis,
666 2578 741 2613 duni
771 2579 909 2612 alterum
939 2577 1057 2612 abesse
1085 2581 1306 2622 contingeret,
1335 2582 1367 2611 ut
1396 2576 1560 2623 prefertur
1587 2578 1649 2610 rite
1677 2576 1757 2610 lieri.
1788 2581 1840 2609 aut
1861 2575 1937 2609 Rex
