2184 2828
1012 88 1079 122 141

1000 231 1101 267 192.

272 291 410 355 Konig
437 309 568 343 Jobann
597 320 664 343 von
695 309 842 344 Bolimen
871 310 987 344 befreit
1015 310 1073 344 das
1101 309 1234 343 Kloster
1263 308 1397 342 Sedletz
1427 320 1492 342 von
1523 309 1580 342 der
1609 320 1859 353 erzwungenen
1881 309 1973 343 Aus—

126 371 245 406 nahme
273 370 480 416 koniglicher
515 370 674 404 Beamten
703 371 784 404 oder
821 371 937 406 Ritler.
967 369 1252 404 Fuss-Soldaten
1283 370 1363 403 oder
1391 370 1533 403 andei-cr
1568 369 1681 407 Lente.
1719 369 1781 403 und
1812 369 1973 403 verbietet

126 435 252 467 seinem
283 431 396 465 Sohne
425 431 514 473 Karl,
543 430 758 476 Markgrasen
788 443 854 465 von
884 431 1034 473 Mithrem
1065 431 1218 475 dagegen
1248 442 1285 464 zu
1316 430 1469 464 bandelii.
1500 430 1552 464 Dt.
1584 430 1643 464 ⁴2⁴2.
1674 430 1766 464 Marz
1799 430 1908 464 1338.

433 510 542 543 (Jacobi
567 510 655 536 codex
678 510 830 544 epistolaris
855 510 985 536 „Iohannis
1009 519 1065 544 reg.
1091 509 1200 536 nahem.
1227 509 1334 543 Reges-i.
1364 508 1432 535 183.
1458 510 1485 535 S.
1511 510 1575 540 99.)

1003 631 1020 666 1
1030 630 1103 666 93.

125 708 313 753 Mai-limas
334 708 426 742 Karl
449 711 617 753 qestattet
646 708 718 742 dem
752 708 895 742 Kloster
929 709 1035 751 Satur,
1070 709 1136 752 ans
1162 707 1253 741 allen
1285 708 1412 741 Giltern
1442 709 1495 741 ein
1524 707 1747 752 Halsqericlet
1777 720 1817 741 zu
1845 707 1973 741 Ιιαῖίειι.

365 769 424 803 Dt.
457 769 604 812 Brutine,
635 769 688 802 die
717 769 1000 803 Annuntialiom's
1027 769 1070 803 B.
1098 768 1210 802 Marie
1239 770 1323 813 tz'rq.
1356 768 1437 811 (25.
1467 769 1587 811 Mara]
1619 767 1730 802 1338.

280 845 368 899 Ros
406 864 547 899 Karolus
582 864 705 898 domini
740 892 746 898 .
784 892 789 898 .
831 892 837 898 .
874 864 978 910 Regis
1014 864 1149 898 Boemie
1186 866 1425 910 primogenitus
1462 863 1611 898 Marchio
1645 863 1810 898 Morauie.
1857 863 1977 897 Notum

124 925 264 960 facimus
293 929 409 959 tenore
436 928 647 971 presencium
676 928 855 967 vniuersiS.
878 925 971 966 Quod
1001 926 1152 960 volentes
1179 927 1313 970 gracias
1343 937 1360 958 a
1390 924 1452 958 deo
1481 924 1577 958 nobis
1606 924 1731 959 infusas
1760 927 1792 958 in
1819 924 1978 958 Subditos

126 991 259 1021 nostros
293 990 325 1019 et
359 989 517 1032 precipue
546 989 577 1020 in
606 997 676 1029 eos,
706 989 760 1032 qui
789 989 907 1032 spretis
936 986 1044 1020 mundi
1070 985 1164 1020 huius
1185 985 1323 1030 delicijs.
1345 988 1487 1020 creatori
1508 988 1653 1019 omnium
1674 985 1733 1020 sub
1755 985 1977 1019 obseruancia

124 1047 270 1092 regulari
308 1050 435 1081 seruire
470 1051 501 1080 et
537 1046 686 1080 famulari
721 1052 966 1081 sonsucuerunt
999 1046 1167 1080 effundere
1196 1057 1363 1091 generose
1393 1046 1429 1092 ²⁶¹)
1466 1046 1680 1092 disponentes
1715 1049 1815 1091 igitur
1849 1046 1977 1080 deuotis

125 1110 247 1142 nostris
276 1107 404 1141 dilectis
435 1135 442 1142 .
474 1135 481 1141 .
513 1134 520 1141 .
549 1107 671 1141 Abbati
699 1111 731 1141 et
760 1106 944 1142 Conuentui
969 1107 1159 1152 Monasterij
1190 1110 1222 1141 in
1252 1107 1344 1149 Sars,
1374 1110 1429 1152 qui
1458 1118 1546 1140 nunc
1575 1111 1649 1141 sunt
1679 1111 1710 1140 et
1737 1118 1796 1153 pro
1827 1111 1977 1153 tempore

125 1168 247 1202 fuerint
274 1171 421 1214 graciam
451 1168 564 1202 facere
601 1168 791 1214 specialem,
821 1168 904 1214 Ipsis
938 1168 1151 1202 concedimus
1191 1172 1222 1202 et
1258 1167 1421 1211 fauemus,
1457 1172 1491 1201 vt
1525 1171 1556 1201 in
1593 1167 1745 1201 omnibus
1774 1167 1869 1201 bonis
1899 1170 1978 1210 suis,

127 1239 190 1274 que
219 1240 306 1263 nunc
334 1229 457 1263 habent
485 1232 516 1263 in
546 1228 694 1263 Mon-auia
723 1229 776 1263 uel
805 1232 1051 1274 conquisierint,
1081 1233 1136 1263 aut
1170 1228 1380 1275 possederint
1415 1229 1506 1263 titulo
1535 1240 1743 1275 quocunque.
1773 1228 1980 1262 concedente

128 1289 271 1333 domino.
301 1293 333 1324 in
362 1289 503 1324 futurum
534 1288 672 1336 Cippum
701 1294 734 1323 et
760 1289 937 1336 patibulum
967 1289 1091 1323 habere
1119 1289 1262 1324 debeant
1291 1290 1330 1324 ad
1360 1289 1700 1332 animaduertendum,
1730 1301 1790 1323 sev
1820 1289 1979 1334 judicium

125 1349 312 1384 faciendum
341 1353 373 1384 in
402 1350 609 1384 facinorosos
639 1355 670 1384 et
698 1350 815 1393 malos,
845 1355 958 1396 vtputa
979 1353 1011 1384 in
1036 1349 1138 1394 sures,
1165 1350 1371 1396 Spoliatores
1392 1355 1425 1384 et
1444 1350 1672 1384 Incendiarios
1692 1350 1842 1384 homines
1865 1350 1980 1384 Status

128 1415 161 1445 et
188 1411 392 1445 condicionis
421 1411 577 1457 simplicis
605 1422 665 1445 seu
701 1411 894 1453 Rusti-talis,
930 1422 989 1457 per
1024 1409 1214 1446 Conuersos
1248 1422 1308 1445 seu
1342 1411 1459 1445 Laicos
1487 1411 1623 1445 Judices
1661 1422 1787 1454 eorum,
1816 1410 1862 1445 lta
1892 1410 1979 1455 quod

129 1472 264 1506 eosdem
294 1471 466 1515 Czudarijs
496 1471 750 1518 prouincialibus
780 1476 835 1505 aut
855 1472 926 1516 alijs
956 1476 1043 1505 terre
1062 1471 1212 1506 Morauie
1240 1472 1410 1506 Judicibus
1430 1483 1489 1506 seu
1509 1472 1709 1516 Justiciarijs
1730 1471 1981 1518 quibuscunque

129 1543 194 1566 non
224 1531 375 1575 debeant,
405 1543 468 1566 nec
497 1537 672 1566 teneantur
700 1535 731 1566 in
761 1537 859 1566 antea
887 1536 1094 1579 presentare.
1125 1533 1232 1567 Secus
1260 1537 1369 1567 tamen
1399 1533 1440 1567 de
1460 1532 1631 1567 Nobilibus
1660 1537 1714 1566 aut
1734 1531 1979 1575 Bladiconibus‚

130 1595 157 1627 si
192 1595 244 1638 qui
279 1593 442 1627 iudicandi
476 1595 507 1627 in
552 1593 653 1627 Bonis
685 1593 840 1640 predictis
875 1596 996 1639 reperti
1032 1592 1163 1635 suerint,
1201 1593 1423 1637 decernimus.
1462 1597 1536 1639 quia
1571 1593 1736 1637 volumus,
1774 1598 1809 1627 vt
1844 1592 1980 1626 eosdem

129 1652 248 1700 prefati
283 1653 435 1698 Czudarij
471 1654 692 1700 prouinciales
729 1665 787 1688 seu
823 1653 956 1687 Judices
992 1658 1023 1687 et
1057 1653 1234 1699 Justiciarij
1270 1657 1373 1701 ipsius
1402 1659 1489 1688 terre
1527 1654 1690 1697 Mora11ie‚
1719 1659 1754 1688 vt
1783 1658 1979 1688 consuetum

130 1718 180 1748 est
207 1713 379 1760 hactenus,
408 1714 551 1749 debeant
580 1715 619 1748 de
648 1720 760 1749 cetero
791 1715 947 1749 iudicare.
979 1713 1090 1755 Quare
1118 1718 1284 1749 vniuersis
1313 1720 1345 1749 et
1373 1716 1510 1760 singulis
1540 1715 1685 1749 Subditis
1714 1720 1745 1749 et
1774 1713 1980 1749 Officialibus

126 1778 260 1811 nostris.
290 1787 349 1821 per
376 1775 559 1809 Morauiam
589 1778 814 1822 cuiuscunque
844 1776 1048 1809 condicionis
1078 1780 1133 1808 aut
1161 1779 1408 1821 preeminencie
1428 1776 1559 1818 fuerint.
1580 1775 1789 1822 presentibus
1809 1780 1842 1809 et
1862 1775 1980 1809 futuris

126 1838 325 1881 iniungimus
362 1840 393 1870 et
427 1839 626 1882 precipimus
656 1840 795 1879 seriose,
827 1836 998 1878 Quatenus
1035 1835 1201 1879 indultam,
1240 1836 1347 1870 datam
1377 1841 1408 1870 et
1437 1848 1633 1871 concessam
1662 1848 1722 1882 per
1750 1848 1811 1870 nos
1839 1839 1978 1881 gratiam

127 1895 248 1930 Abbati
279 1901 310 1930 et
340 1896 527 1930 Conuentui
556 1897 673 1942 prcl'ati
704 1897 898 1941 „ilonasierij
929 1899 960 1930 in
991 1896 1083 1938 Sars,
1114 1907 1178 1930 non
1208 1896 1350 1931 debeant
1378 1900 1457 1943 ipsis
1486 1897 1681 1942 infringere,
1711 1908 1773 1931 nec
1793 1899 1871 1943 pati.
1893 1895 1978 1941 quod

128 1959 176 1990 eis
205 1968 263 2002 per
290 1960 474 2003 quempiam
504 1960 535 1991 in
565 1962 661 1992 antea
692 1958 874 2003 aliqualiter
904 1957 1053 1991 violetur.
1109 1956 1144 1991 111
1180 1960 1272 1991 cuius
1307 1961 1354 1991 rei
1392 1961 1610 1992 testimonium
1645 1962 1818 2003 presentes
1847 1956 1916 1990 fieri
1946 1961 1979 1990 et

130 2021 242 2050 nostro
281 2017 395 2062 Sigillo
431 2021 585 2052 iussimus
618 2022 823 2052 communiri.
881 2018 997 2052 Datum
1038 2017 1182 2052 Brunne.
1219 2018 1254 2052 In
1291 2019 1343 2052 die
1376 2020 1662 2052 Annunciacionis
1701 2018 1796 2052 beate
1837 2020 1978 2062 virginis

129 2076 234 2111 Mai-ie
263 2078 361 2111 Anno
391 2079 513 2112 domini
542 2078 718 2113 Millesimo
748 2079 998 2114 Trecentesimo
1028 2078 1212 2112 Tricesimo
1242 2078 1381 2113 Octauo.

439 2158 504 2187 «Das
537 2158 610 2192 Orig.
644 2159 690 2184 aui'
717 2159 874 2192 Pergameni
904 2160 946 2184 mii
977 2159 1060 2183 einem
1092 2165 1207 2190 grossen
1234 2158 1336 2191 jedoch
1366 2159 1558 2191 gebroclienen
1585 2158 1779 2192 {toppelsigille
1805 2158 1836 2182 im
1863 2157 1978 2183 Arcinive

541 2211 683 2237 desselben
709 2211 830 2237 Klosters
855 2213 887 2237 im
912 2220 944 2236 rn.
970 2213 1001 2235 st.
1027 2209 1239 2235 Laude-archim
1263 2209 1308 2236 Lit.
1336 2210 1366 2236 A.
1393 2219 1416 2236 n.
1445 2210 1492 2236 538.
1520 2209 1695 2243 Abgcclrurkt
1719 2209 1760 2234 1191
1778 2209 1920 2235 Steinbacli
1946 2209 1977 2235 ll.

542 2264 568 2288 S.
595 2263 642 2288 64.
670 2271 693 2288 n.
720 2263 806 2289 XLIV.
834 2263 946 2289 8111111191·
971 2262 1020 2287 Ad.
1047 2261 1077 2287 11,
1103 2263 1130 2287 S.
1159 2261 1227 2287 342.
1254 2270 1278 2287 11.
1305 2261 1368 2294 27.)

151 2544 177 2572 ”)
198 2543 242 2566 tim
263 2544 301 2566 bv·
323 2543 403 2566 1’1·11,1·ἷ
425 2543 449 2566 h‘.
472 2543 525 2566 h'nrt
546 2543 583 2567 iv.
604 2544 618 2567 1.
640 2544 682 2568 Τ11.
703 2544 862 2568 1’1“11111111ι»1111Δ
884 2544 907 2567 S.
929 2544 968 2567 21.
989 2552 1011 2566 11.
1033 2543 1090 2567 ΧΧΙ.
1111 2544 1174 2567 nat-lu
1196 2545 1276 2567 vina-n·
1292 2545 1322 2567 1111
1336 2543 1448 2567 Brunner
1462 2544 1634 2567 stadim-hm·
1649 2544 1806 2567 :nunu-walin
1821 2551 1976 2572 (ξι-1195911911

203 2594 251 2609 nun
273 2587 332 2609 alm-r
353 2591 498 2609 11Τιιιι-·5ῑι>11
519 2586 645 2617 (lriginnlo
666 2588 837 2617 abgodruclxtz·
859 2587 976 2611 t'rimmh·
997 2588 1035 2610 hat
1055 2594 1270 2619 ..qnasvuniquvf'
