2184 2828
128 267 314 308 presentem
344 262 481 301 literam,
510 259 618 303 sigillo
647 270 722 293 meo
751 259 906 304 sigillavi,
936 264 969 293 et
996 259 1130 293 fratrum
1160 269 1309 292 meorum
1340 258 1460 292 domini
1490 258 1618 292 Nicolai
1646 258 1756 291 militis
1785 263 1816 291 et
1836 258 1970 304 Sd3‘slai

126 323 364 369 predictorum,
402 325 499 366 atque
533 319 653 353 nobilis
689 323 750 353 viri
787 319 977 354 Raczkonis
1012 320 1051 353 de
1080 318 1271 361 Czelcztez,
1301 323 1332 353 et
1361 319 1488 352 Alberti
1518 319 1558 352 de
1588 318 1765 356 Bistrzicz,
1802 318 1901 352 Ulrici
1930 318 1971 352 de

126 382 278 416 Naniiscz
316 385 347 414 et
384 380 624 414 Nedwidkonis
660 380 700 413 de
738 380 897 414 Dubczan
928 381 1062 425 sigillis3
1098 382 1274 426 procuravi
1310 379 1500 423 diligentius
1530 380 1679 424 sigillari.
1736 378 1854 412 Datum
1884 390 1970 412 anuo

126 443 245 476 domini
266 441 437 475 millesimo
458 441 711 474 Trecentesimo
732 441 988 486 qvadragcsimo
1009 440 1166 482 secundo,
1188 439 1240 473 die
1260 439 1425 473 dominico
1446 450 1512 484 qvo
1532 444 1696 473 cantatur:
1718 439 1797 473 Esto
1814 439 1890 472 milii
1907 443 1969 472 etc.

432 528 511 561 (Eine
536 528 657 554 eint'aclie
683 527 819 554 Absebrift
844 529 867 554 iu
894 528 941 553 der
965 528 1163 554 ssorzek'scbeu
1189 527 1344 561 Sammluug
1369 536 1392 553 n.
1421 526 1513 554 3872.
1539 528 1570 552 im
1597 536 1628 552 m.
1655 531 1687 554 st.
1712 527 1950 560 Laudesarrluxe.)

995 673 1101 709 395.

127 754 241 795 Cenelz·
268 773 332 795 eon
352 761 439 806 Li'pa
465 760 670 805 eersprz'claet5
699 760 779 794 dass
807 772 846 794 er
873 772 936 794 ‘ron
964 762 1087 794 sez'uem
1108 759 1244 793 Bruder
1262 759 1432 793 Berlleoltl
1460 759 1581 792 ln'tmen
1611 759 1833 792 d1·e2·.Jalu·en
1854 758 1972 792 besueta

130 822 227 856 Tleeil
253 823 313 856 det·
342 822 553 856 ccilerlc'elten
583 822 690 855 Gater
718 821 1029 865 zure'lcla·z·erlauyen
1058 821 1150 854 wird.
1194 820 1253 854 Dt.
1287 820 1502 863 Chrumnow,
1532 821 1585 854 (lie
1614 819 1644 854 b.
1682 820 1852 854 l'alenle'nz'
1878 831 1974 852 neur-

776 884 861 927 tyris
893 881 972 924 (141.
1003 881 1177 925 Februar)
1211 881 1321 915 1342.

278 959 367 1012 Ros
387 977 523 1012 Czenlm
550 978 591 1012 de
610 977 702 1023 Lypa
721 976 842 1011 Notum
871 976 1009 1010 facimus
1038 982 1154 1011 tenore
1181 979 1391 1022 presencium
1421 979 1602 1017 vniuersis„
1634 974 1727 1016 Quod
1758 986 1831 1009 cum
1862 986 1974 1008 vene—

124 1039 217 1073 rabili
246 1039 379 1072 domiuo
409 1038 577 1078 Bertoldoq
607 1037 896 1084 Wyssehradensi
925 1041 1103 1083 preposito,
1132 1037 1235 1071 fratre
1264 1042 1378 1071 nostro
1398 1036 1576 1070 karissimo
1605 1047 1665 1082 pro
1694 1041 1786 1081 parte
1807 1035 1974 1069 Bonorum

124 1100 398 1146 patrimonialium
419 1110 480 1133 nos
500 1102 717 1144 contingente
745 1099 785 1132 de
806 1099 944 1132 consilio
971 1102 1150 1132 amicorum
1169 1102 1356 1132 nostrorum
1378 1100 1651 1144 pertractauimus
1671 1099 1702 1130 in
1724 1096 1810 1130 hunc
1829 1095 1973 1134 modum,

125 1160 219 1202 Quod
247 1172 266 1194 a
294 1159 380 1194 festo
409 1160 537 1194 Pascbe
566 1163 718 1206 proxime
747 1164 887 1193 venturo
917 1159 955 1193 ad
985 1164 1052 1193 tres
1081 1170 1184 1193 annos
1213 1161 1387 1193 continuos
1416 1158 1537 1192 nullam
1568 1162 1694 1204 partem
1724 1160 1872 1203 ipsorum
1902 1156 1974 1189 Bo-

124 1232 239 1255 norum
268 1221 542 1266 patrimoniolium
572 1220 613 1254 ab
643 1224 715 1266 ipso
744 1219 846 1254 fratre
875 1224 989 1253 nostro
1019 1220 1164 1265 predicto
1200 1222 1343 1264 exigere
1378 1223 1410 1252 et
1438 1223 1591 1264 repetere
1620 1221 1750 1264 penitus
1780 1217 1972 1257 debeamus,

125 1281 220 1322 Quod
248 1281 341 1315 Bona
371 1286 403 1315 et
430 1284 561 1315 sincera
591 1281 654 1315 lide
682 1280 870 1314 faciendum
901 1283 1115 1326 promittimus
1143 1279 1202 1314 sub
1232 1279 1491 1314 Condicionibus
1518 1279 1747 1324 infrascriptis.
1804 1278 1860 1311 Sic
1888 1277 1973 1323 quod

124 1345 197 1388 ipse
231 1334 335 1376 frater
368 1346 483 1375 noster
520 1341 686 1388 predictus
715 1345 806 1375 iuxta
836 1341 1003 1374 decretum
1039 1345 1071 1374 et
1098 1340 1370 1375 informacionem
1399 1340 1564 1374 Nobilium
1592 1342 1738 1373 virorum
1768 1338 1973 1372 dominorum

123 1402 284 1437 Johannis
313 1402 353 1436 de
382 1402 620 1446 Clingenlierg,
650 1402 838 1436 W'anconis
867 1401 907 1435 de
936 1401 1202 1445 Wmtenbercb,
1231 1401 1387 1436 Jesconis
1417 1401 1457 1435 de
1487 1401 1685 1434 Bozeowicz
1706 1404 1738 1433 et
1757 1399 1913 1433 Jesconis
1935 1398 1975 1432 de

123 1462 371 1497 Wartenbercb
400 1463 476 1496 dieti
496 1463 536 1496 de
557 1463 693 1496 W'essel
722 1462 817 1496 nobis
846 1473 946 1496 vnam
976 1465 1198 1507 prouisionem
1218 1465 1250 1496 in
1270 1462 1365 1496 bonis
1387 1465 1508 1495 nostris
1530 1459 1823 1506 patrimonialibus„
1853 1470 1974 1504 quam-

124 1535 265 1569 cumque
294 1526 538 1558 nominauerint
566 1526 639 1557 sine
668 1523 833 1557 dilacione
861 1527 893 1557 et
921 1523 1188 1556 contradiccione
1216 1523 1360 1569 qualibet
1388 1522 1468 1556 dare
1498 1526 1529 1556 et
1557 1525 1730 1566 assignare
1751 1520 1882 1562 debeat,
1912 1531 1974 1565 qua

124 1587 309 1618 contentari
338 1584 486 1630 predicto
516 1584 655 1618 durante
685 1587 825 1618 triennio
853 1586 1070 1630 promittimus
1099 1588 1131 1617 et
1159 1583 1327 1625 debemus,
1356 1583 1398 1617 Et
1425 1586 1451 1617 si
1481 1594 1579 1617 secus
1608 1582 1795 1615 faceremus
1824 1581 1864 1614 de
1893 1592 1976 1626 pro-

124 1647 254 1679 uisione
283 1648 455 1690 assignata
483 1647 667 1679 contentari
695 1645 846 1679 nolentes
866 1648 991 1689 partem
1021 1655 1082 1677 nos
1111 1646 1360 1689 contingentem
1389 1648 1504 1678 contra
1524 1646 1762 1688 premissorum
1786 1646 1975 1676 nostrorum

123 1708 367 1740 continenciam
388 1705 581 1751 repetendo,
612 1710 736 1739 extunc
764 1705 983 1749 indulgemusq
1013 1704 1099 1750 quod
1127 1706 1198 1750 ipse
1226 1704 1329 1739 frater
1357 1709 1472 1739 noster
1500 1703 1541 1737 ad
1570 1706 1775 1737 moniciones
1804 1707 1837 1736 et
1865 1705 1975 1747 impe-

125 1769 264 1800 ticiones
298 1770 430 1800 nostras
465 1776 523 1812 pro
559 1770 652 1812 parte
688 1770 802 1799 nostra
839 1766 1024 1799 nullatenus
1060 1776 1097 1798 se
1133 1769 1305 1799 conuertat
1339 1776 1402 1799 nec
1439 1768 1470 1798 in
1507 1775 1547 1798 eo
1584 1765 1724 1809 aliquam
1761 1765 1913 1796 iniuriam
1943 1766 1973 1795 et

124 1830 320 1862 iniusticiam
349 1830 477 1861 senciat
505 1838 542 1860 se
571 1827 745 1860 facturum.
801 1826 940 1872 Insuper
975 1825 1173 1868 addicimus„
1210 1828 1237 1860 si
1265 1826 1348 1860 vltra
1379 1830 1558 1871 prouentus
1587 1829 1620 1858 et
1648 1824 1772 1858 fructus
1801 1823 1839 1857 ad
1870 1826 1972 1868 ipsam

125 1891 348 1933 prouisionem
383 1891 587 1933 pertinentes
625 1899 665 1921 ae
698 1890 934 1933 prouenientcs
964 1886 1047 1919 iufra
1076 1886 1257 1931 predictum
1286 1889 1461 1920 triennium
1491 1896 1697 1930 quecumque
1733 1884 1839 1917 debita
1870 1882 1974 1916 modis

125 1951 351 1982 contraximus
380 1948 652 1994 quibuscumque,
682 1948 767 1992 quod
797 1947 986 1993 sepedictus
1016 1946 1118 1980 frater
1146 1951 1260 1980 noster
1288 1946 1461 1980 Bertoldus
1490 1951 1590 1991 atque
1619 1945 1779 1984 heredes,
1809 1943 1972 1988 quondam

127 2008 270 2042 Heinrici
300 2013 332 2041 et
357 2008 520 2042 Jobannis
549 2008 684 2042 fratrum
714 2013 899 2042 nostrorum
922 2007 1189 2049 lx'arissimoruim
1220 2006 1325 2041 felicis
1354 2010 1513 2040 memorie
1543 2006 1583 2039 de
1613 2005 1757 2051 partibus
1786 2007 1853 2037 suis
1883 2006 1973 2049 ipsos

126 2072 157 2102 in
200 2071 280 2114 ipsis
317 2068 418 2102 Bonis
460 2073 584 2102 uostris
621 2068 904 2114 patrimonialibus
941 2067 1210 2111 contingentilms
1251 2067 1290 2100 ad
1326 2068 1529 2101 solucionem
1566 2066 1748 2099 debitorum
1789 2063 1973 2097 huiusmodi

128 2131 258 2162 minime
287 2133 474 2171 teneantur,
504 2129 563 2163 sed
583 2130 669 2175 quod
690 2132 760 2175 ipsa
781 2129 888 2162 debita
911 2128 950 2161 de
972 2132 1065 2173 parte
1085 2127 1306 2172 predictorum
1328 2127 1506 2161 Bonorum.
1529 2138 1588 2160 uos
1609 2129 1823 2169 contingente
1843 2124 1973 2157 soluere

127 2188 319 2222 debeamus.
349 2188 385 2222 ln
414 2192 507 2224 cuius
538 2193 585 2223 rei
615 2193 850 2224 testimonium.
881 2192 1051 2235 presentes
1081 2187 1150 2220 lieri
1180 2189 1335 2221 iussimus
1365 2193 1397 2221 et
1426 2188 1550 2232 sigiliis
1579 2191 1707 2221 nostro.
1739 2196 1868 2218 necnon
1899 2183 1973 2217 No-

128 2250 236 2283 bilium
266 2251 410 2282 virorum
439 2250 645 2284 dominorum
674 2250 945 2295 subscriptorum„
975 2260 1057 2293 quos
1078 2247 1201 2281 adhoc
1231 2258 1289 2293 pro
1318 2249 1455 2282 testibus
1477 2251 1667 2290 rogauimus
1696 2245 1853 2279 tradimus
1873 2257 1972 2279 com-

128 2313 280 2343 munitas.
336 2308 404 2342 Nos
433 2321 515 2344 vero
544 2311 714 2344 Jobannes
744 2311 784 2344 de
814 2309 1049 2351 Cium-enimse.
1079 2308 1210 2341 Wanco
1231 2308 1271 2341 de
1290 2308 1547 2344 Wartenbereln
1576 2308 1677 2340 vaco
1698 2306 1739 2339 (le
1761 2305 1971 2342 Bozcowicz.

126 2370 226 2404 Jesco
256 2370 296 2403 de
324 2369 569 2404 U'artenbercb
599 2371 704 2404 dictus
735 2371 775 2404 de
804 2370 949 2404 Wesscl.
981 2369 1096 2413 Sinylo
1125 2368 1165 2401 de
1185 2368 1376 2404 Vetbowia.
1408 2369 1514 2402 llinco
1535 2369 1574 2401 de
1596 2367 1717 2400 Sleben
1739 2371 1770 2400 et
1791 2366 1972 2401 Benessms

127 2431 168 2465 de
202 2430 427 2464 wartenberk
463 2430 568 2465 dietus
605 2432 644 2465 de
681 2431 819 2477 'l'eczyn
850 2431 1136 2474 Recognoscimus
1172 2428 1301 2474 publice
1331 2434 1563 2474 protestante&
1594 2427 1749 2472 predictis
1778 2428 1971 2461 interfuisse

128 2491 329 2533 tractatibus,
361 2494 516 2535 ipsosque
544 2491 584 2524 de
614 2492 717 2525 verbo
746 2492 784 2526 ad
816 2491 951 2525 verbum
981 2493 1174 2535 expressius
1203 2490 1381 2531 audiuisse,
1411 2494 1441 2523 et
1472 2500 1530 2534 per
1559 2487 1970 2533 predictum'Uzenconem

127 2551 166 2584 ad
196 2551 257 2585 hoc
287 2552 476 2596 specialiter
504 2554 608 2594 rogati
638 2564 696 2597 pro
717 2553 866 2587 testibus.
897 2551 1011 2595 sigilla
1033 2555 1142 2583 nostra
1164 2561 1236 2583 cum
1259 2549 1373 2593 similo
1394 2553 1496 2595 ipsius
1518 2549 1557 2581 de
1577 2553 1667 2582 certa
1690 2553 1800 2582 nostra
1822 2551 1970 2582 sciencia

129 2612 337 2657 presentibus
358 2610 574 2656 appendenda
595 2611 747 2647 duximus
767 2616 798 2647 in
820 2612 956 2647 euidens
978 2613 1200 2645 testimonium
1220 2613 1362 2643 omnium
1385 2613 1632 2655 premissorum.
1665 2609 1782 2644 Datum
1804 2614 1835 2642 ct
1864 2614 1970 2643 actum
