2184 2828
1096 134 1168 167 ,(1110

208 261 239 289 et
268 255 353 299 quod
385 253 445 287 sibi
475 256 668 286 assistemus
697 263 770 284 cum
801 256 867 284 toto
897 256 1081 285 nostrarum
1112 254 1227 283 uirimn
1258 254 1425 295 polentam
1454 254 1568 283 contra
1598 260 1727 283 omnem
1748 249 1912 282 hominem
1933 260 2052 294 quem-

208 327 359 360 cumque.
392 325 568 361 personam
599 316 837 357 vuius-euinque
867 312 1034 352 dignitatis
1065 315 1097 343 et
1124 311 1328 344 condicionis
1359 311 1456 343 suerit
1485 315 1517 343 et
1546 313 1702 355 precipue
1721 314 1834 343 contra
1868 310 2045 344 dominum.

214 377 254 410 13.
294 379 358 421 qui.
395 376 447 409 uel
484 386 558 420 que„
598 377 701 418 ipsum
738 373 788 405 uel
825 384 904 406 suos
940 371 1126 405 intenderet
1163 371 1340 404 molestare
1376 371 1428 404 1101
1459 382 1496 403 50
1524 371 1714 415 disponeret
1743 375 1796 403 aut
1825 370 1984 413 dirigeret
2013 370 2052 403 ad

211 437 380 470 molestias
410 437 535 481 aliquas
565 434 623 468 sibi
658 435 707 467 uel
739 437 806 466 suis
835 436 949 467 amicis
980 437 1077 477 atque
1107 431 1256 465 fidelibus
1286 431 1478 465 inferendas
1509 433 1724 476 promittimus
1754 433 1859 463 eciam
1889 442 1948 464 nos
1969 431 2054 464 uelle

209 509 281 530 cum
312 497 429 530 eodem
471 496 602 529 domino
632 499 746 527 nostro
775 506 855 537 rege
885 494 922 526 ad
954 493 1025 526 talis
1055 498 1184 537 tamque
1352 492 1494 525 discrete
1529 491 1766 525 beneuolencie
1801 494 1956 524 vnionem
1992 502 2055 537 que

211 570 270 591 nos
301 562 386 603 (sic)
416 558 522 591 solum
553 560 636 589 inter
665 567 725 588 nos
755 558 894 588 inuicem
925 558 1036 591 uiuent
1065 564 1179 586 verum
1209 556 1305 586 ctiam
1336 553 1373 585 ad
1405 553 1488 585 lilios
1525 552 1662 585 liliorum
1699 555 1868 597 vtriusque
1907 556 2055 585 nostrum

209 617 542 652 inexterimnabilitcr
571 620 699 649 tenetur
731 617 817 658 (sic)
847 619 879 647 1-1
908 618 1101 659 permaneat
1129 613 1326 653 inuiolabilis
1356 618 1453 658 atque
1482 617 1642 646 constans
1672 612 1711 645 ad
1739 618 1902 646 terrarum
1931 615 2057 646 utrius-

210 691 273 724 que
314 683 460 711 nostrum
500 676 628 709 felicem
665 680 782 709 statum
819 679 851 708 et
885 677 1184 707 conseruacioncm
1221 677 1371 720 prosperi
1401 676 1595 706 incrementi
1625 677 1655 706 et
1685 673 1888 717 generaliter
1916 676 2058 718 promit-

210 743 306 773 timus
345 750 425 771 vera
462 737 525 771 lide
561 737 646 781 quod
685 737 834 769 eumdem
873 737 1038 768 aelmm'mtm.
1073 747 1184 779 rossem
1221 746 1285 768 11011
1322 735 1536 779 relinquimus
1570 736 1601 766 in
1630 736 1696 767 uita
1725 734 1777 767 uel
1807 736 1837 766 in
1867 737 1970 766 morte
1999 733 2057 766 sed

209 804 301 834 iuxta
338 800 522 833 ualenciam
558 803 743 843 nostrarum
781 801 897 830 uirium
933 797 994 829 sibi
1032 799 1225 830 assistemus
1264 806 1377 828 secum
1412 798 1580 838 utriusque
1615 794 1745 827 fortune
1775 804 1867 839 spem
1896 796 2060 827 communi

213 867 245 894 et
274 861 381 905 equali
410 862 584 905 participio
614 862 802 892 scot-temni·
831 858 986 891 uolentcs
1016 868 1080 890 vna
1111 868 1185 890 cum
1224 859 1294 901 ipso
1333 860 1364 888 ct
1392 858 1603 900 asperitatem
1634 855 1789 888 tollerare
1819 865 2057 900 quamcumque

213 922 373 956 aduersus
416 932 514 954 casus
563 919 719 953 10111χί101-
765 923 797 951 ct
843 922 1024 951 serenitate
1058 917 1229 951 iocundari
1267 917 1376 950 leticie
1410 926 1507 961 quam
1552 915 1682 948 fortune
1721 915 1898 949 adduxerit
1939 915 2055 948 dextra

210 985 452 1028 prosperitatis.

1027 1047 1080 1080 De
1109 1047 1235 1080 eodem..

365 1111 434 1144 Nos
463 1116 528 1144 etc.
559 1115 669 1143 notum
700 1109 837 1142 facimus
868 1111 1036 1142 vniuersis
1065 1112 1128 1140 tam
1160 1106 1368 1152 presentibus
1398 1117 1494 1150 quam
1524 1105 1641 1139 suturis
1670 1105 1754 1150 quod
1784 1106 1861 1140 licet
1895 1105 2063 1139 karissimi

211 1175 305 1206 amici
336 1174 464 1205 nostri.
493 1176 576 1204 .et.
632 1170 866 1203 marchiones.
887 1172 967 1202 .sint
997 1168 1091 1201 nobis
1121 1168 1263 1201 adiuncti
1294 1167 1416 1201 federis
1444 1167 1569 1211 glutino
1598 1167 1714 1200 natalis
1748 1167 1921 1200 multorum
1950 1170 2058 1200 tamen

212 1234 342 1267 liebctut
381 1235 492 1278 opinio
530 1237 561 1264 ct
599 1231 747 1264 creduli-
777 1234 783 1271 (
901 1232 912 1271 )
943 1235 991 1263 tas
1028 1241 1087 1274 pro
1124 1231 1288 1262 constanti
1323 1227 1467 1265 tenebat,
1504 1227 1589 1272 quod
1634 1238 1693 1261 nos
1727 1230 1869 1260 inuicem
1910 1227 2060 1261 karitatis

212 1299 322 1327 mutue
352 1304 417 1326 non
448 1293 688 1337 amplectentes
719 1290 889 1324 affectibus
919 1302 981 1323 nec
1011 1301 1251 1335 prosequemur
1280 1289 1472 1322 alterutrum
1502 1288 1740 1321 beneuolencia
1760 1292 1794 1321 111
1814 1288 1948 1321 deceret
1975 1287 2065 1322 vnde

211 1355 249 1387 ad
281 1353 459 1387 tollendam
489 1352 583 1386 liuius
621 1355 784 1397 opinionis
819 1355 848 1383 et
883 1351 1086 1384 credulitatis
1122 1353 1327 1383 sentenciam
1362 1360 1425 1395 que
1463 1348 1534 1382 fere
1567 1348 1756 1382 adoleuerat
1784 1348 1952 1393 diuulgata
1987 1359 2061 1382 cum

214 1416 362 1459 prefatis
391 1413 569 1446 aman-ulis
598 1414 723 1445 misti-is
752 1423 851 1457 super
880 1412 908 1444 id
939 1411 1023 1456 quod
1055 1415 1168 1444 natura
1199 1411 1330 1444 uinculo
1360 1412 1531 1455 sanquinis
1561 1412 1646 1442 inter
1674 1420 1732 1443 nos
1760 1412 1903 1442 inuicem
1928 1408 2062 1443 stabili-

210 1479 304 1508 uerat
333 1474 430 1507 talem
459 1476 612 1506 iniuimus
643 1472 764 1506 sederis
795 1475 949 1505 vnionem
979 1471 1064 1517 quod
1094 1474 1174 1516 ipsis
1204 1474 1412 1516 promisimus
1450 1475 1481 1504 et
1519 1473 1732 1516 promittimus
1770 1481 1852 1515 puro
1887 1469 1986 1503 corde
2032 1476 2068 1506 et

212 1540 321 1569 mente
351 1546 415 1568 11011
445 1534 522 1567 ficta
554 1537 692 1579 prestita
723 1545 801 1566 uera
833 1533 895 1566 tide
924 1536 1006 1578 ipsis
1042 1535 1175 1565 sincere
1215 1532 1455 1565 beneuolencte
1489 1542 1529 1563 ac
1568 1533 1718 1564 amicicie
1752 1531 1891 1564 uinculis
1931 1533 2066 1564 amicari

211 1601 243 1630 et
280 1600 394 1629 contra
428 1606 564 1628 omnem
601 1594 766 1627 bominem
802 1604 1004 1637 omnemque
1039 1604 1217 1638 personam
1253 1595 1284 1625 in
1321 1603 1417 1637 quam
1453 1603 1526 1625 cum
1565 1591 1691 1624 honore
1732 1595 1846 1624 nostro
1886 1593 2064 1636 poterimus

211 1657 335 1689 eisdem
365 1666 439 1688 eum
469 1658 556 1689 omni
588 1659 776 1687 nostrarum
807 1657 924 1687 uirium
957 1656 1112 1699 potencia
1143 1665 1201 1686 seu
1231 1657 1399 1698 potentatu
1429 1652 1610 1686 astabimus
1637 1656 1796 1697 oportuna
1817 1654 1897 1697 ipsis
1921 1650 2066 1685 subsidia

213 1716 442 1762 impendentes
470 1716 575 1749 eidem
606 1726 736 1760 quoque
770 1715 931 1747 attetteceali
967 1716 1080 1747 nostri
1115 1714 1197 1758 (sic)
1238 1716 1310 1746 uice
1340 1723 1436 1746 uersa
1469 1713 1562 1746 nobis
1591 1717 1705 1746 contra
1734 1722 1863 1745 omnem
1902 1711 2068 1745 hominem

213 1789 286 1810 cuni
323 1779 411 1810 omni
447 1788 505 1810 sua
546 1779 696 1821 potencia
737 1776 886 1808 similiter
919 1778 1079 1808 assistere
1122 1777 1342 1819 promiserunt
1376 1784 1449 1806 nam
1492 1776 1582 1807 iuxta
1618 1775 1826 1817 exigenciam
1865 1776 1896 1805 et
1929 1771 2069 1805 debitum

214 1838 335 1871 federis
365 1848 428 1881 quo
458 1848 518 1870 nos
548 1842 661 1870 natm-a
692 1840 875 1869 connexuit
903 1836 1089 1869 dilectionis
1119 1840 1151 1868 et
1186 1837 1398 1880 promotionis
1436 1834 1553 1868 affectu
1596 1844 1661 1879 quo
1696 1836 1874 1879 poterimus
1916 1835 2070 1878 prosequi

216 1910 275 1931 nos
306 1898 457 1931 uolumus
487 1898 682 1930 alternatim
713 1900 803 1941 ipsos
834 1907 1074 1942 prosequemur
1103 1899 1136 1928 111
1164 1899 1325 1928 tenemur.
1357 1894 1392 1928 In
1422 1897 1516 1929 cuius
1544 1898 1606 1928 etc.

1047 2008 1101 2041 De
1130 2009 1257 2041 eodem.

370 2070 438 2104 Nos
477 2074 539 2104 etc.
580 2069 794 2103 Intendentes
833 2072 977 2102 omnium
1015 2072 1136 2102 amoris
1174 2072 1246 2101 sine
1282 2071 1420 2101 caritate
1468 2072 1499 2101 et
1547 2069 1678 2101 vnionis
1723 2070 1881 2111 perpetue
1928 2067 2070 2110 puritate

217 2132 357 2165 Karum.
378 2141 591 2176 germanum
620 2134 767 2163 nostrum
796 2130 960 2164 dominum
990 2133 1138 2163 nostrum
1167 2132 1336 2162 comitem.
1356 2129 1512 2173 ‚diligere
1541 2133 1573 2161 et
1601 2137 1680 2160 uere
1708 2126 1901 2159 dilectiones
1939 2125 2070 2158 affecti-

218 2192 278 2225 bus
307 2196 467 2238 perpetuo
497 2191 675 2236 amplexati
705 2195 738 2223 et
766 2194 856 2236 pacis
886 2194 919 2224 et
947 2190 1126 2224 concordie
1156 2190 1312 2223 Karitatis
1342 2189 1482 2223 nexibus
1511 2186 1746 2222 connectendis
1775 2198 1846 2220 cum
1875 2197 1916 2219 eo
1943 2186 2066 2219 firmius

219 2258 249 2285 et
279 2252 543 2286 iri-euocabititer
578 2251 794 2285 obseruandis
832 2254 916 2284 sicut
951 2251 1072 2296 pluries
1108 2256 1140 2284 et
1174 2252 1297 2296 pluries
1334 2252 1544 2295 promisimus
1585 2251 1627 2280 ita
1664 2251 1696 2280 et
1730 2258 1817 2280 nunc
1855 2248 2069 2292 promittimus

225 2313 309 2346 bona
339 2313 401 2346 tide
430 2316 567 2358 prestito
598 2311 692 2345 nobis
721 2312 938 2356 corporaliter
965 2315 1148 2344 iuramento
1184 2310 1268 2356 quod
1299 2310 1420 2343 dictum
1449 2312 1598 2342 comitem
1629 2318 1671 2340 ex
1701 2306 1810 2340 cordis
1844 2309 1963 2339 intimis
1992 2305 2069 2339 dili-

220 2384 338 2418 gemus
374 2378 405 2406 et
442 2384 482 2406 eo
519 2384 591 2406 cum
628 2377 694 2406 toto
730 2382 830 2417 posse
872 2376 986 2405 nostro
1028 2376 1142 2404 contra
1185 2381 1317 2406 omnem
1353 2373 1518 2403 uiuentem
1557 2367 1729 2401 hominem
1751 2370 1977 2401 'assistemus
2033 2365 2068 2399 In

223 2437 318 2467 cuius
347 2437 410 2467 etc.

1038 2492 1091 2525 De
1119 2492 1246 2525 eodem.

379 2554 447 2588 Nos
477 2560 540 2587 etc.
572 2554 734 2587 Constare
755 2554 905 2586 uolumus
929 2555 1093 2587 vntum-sis
1115 2555 1324 2598 presencium
1341 2555 1469 2598 copiam
1489 2552 1652 2583 intuitui-is
1672 2548 1757 2595 quod
1783 2559 1856 2581 011111
1878 2547 2035 2581 dominis,
2054 2573 2061 2579 .

227 2620 274 2649 et.
295 2615 402 2649 .karis
432 2615 608 2648 ‹mum-ulis
628 2616 754 2648 nostris
783 2617 933 2647 amicicie
962 2617 1123 2659 perpetue
1152 2624 1211 2646 nos
1240 2615 1454 2646 astrinximus
1483 2613 1607 2644 vnione
1636 2612 1866 2655 promittentes
1899 2607 1987 2641 bona
2007 2605 2071 2640 fide
