2184 2828
1063 147 1136 182 212

1049 299 1155 335 294.

190 388 356 422 Ber-tholf!
375 399 435 422 ron
456 388 551 431 Εἶρα,
573 386 697 421 Probst
716 398 768 420 am
794 386 1001 431 It'ys'ehrade
1027 389 1101 432 φη,
1123 384 1244 429 befree't
1265 387 1305 419 im
1326 385 1645 421 Ee'ncerstcindm'sse
1664 388 1722 420 mit
1740 387 1863 420 seinem
1880 386 2014 420 Brnder

191 442 306 483 Ceuclt
333 449 386 481 dic
415 448 517 482 Stadt
546 447 841 489 Deutseh-Bmd„
871 459 931 481 z-m·
958 447 1152 490 Ersetz-mzq
1180 445 1238 479 des
1265 446 1369 480 durch
1397 448 1491 480 einen
1518 459 1660 492 qrossen
1688 447 1808 480 Brund
1834 446 2014 480 erliltenen

188 509 375 551 Schmlens,
405 510 470 551 aas
489 508 573 541 z-elm
600 508 708 541 ,labi-e
736 519 798 541 rou
827 508 917 541 allen
946 506 1122 551 Abyabeu,
1153 506 1301 541 Steuern
1330 507 1395 540 und
1420 507 1675 552 Schenkemqen.
1704 507 1763 541 Dt.
1804 506 1840 541 T.
1876 507 2014 552 Brodoe,

747 568 825 601 Idus
856 567 1013 601 Octobris
1044 567 1124 609 (15.
1156 566 1322 608 October)
1354 567 1460 602 1340.

340 645 428 697 λος
456 663 629 697 Bertoldus
658 662 697 696 de
716 663 794 708 Lipa
823 662 874 695 dci
902 665 1013 707 gracia
1043 664 1227 707 prepositus
1247 661 1539 707 XVissegradensis
1568 662 1783 697 cancellarius
1811 666 1843 696 et
1870 672 2014 696 summus

187 724 392 759 marchalcns
411 727 506 768 regni
527 723 662 757 Boemie
683 723 721 756 ad
741 725 971 757 vniuersorum
992 725 1144 756 noticiam
1165 726 1279 756 tenore
1299 726 1503 768 presencium
1524 723 1673 757 volumus
1693 725 1880 769 peruenire,
1897 721 2016 763 Quod-

186 785 400 830 dampnosum
436 787 467 818 in
496 788 603 817 animo
633 788 746 817 nostro
777 783 930 816 dolorose
957 783 1168 816 reuoluentes
1195 787 1346 816 euentum
1376 788 1472 829 atque
1500 783 1652 829 dampna,
1681 785 1776 817 nimis
1805 782 1868 816 heu
1888 785 2014 827 gracia,

187 857 248 891 que
283 848 429 879 vniuersi
459 847 596 878 ciuitatis
632 848 742 877 nostre
778 843 885 877 Brode
921 843 1165 877 Tlientunicalis
1200 843 1419 887 habitatores,
1455 848 1485 878 et
1513 844 1620 878 incole
1647 855 1707 889 per
1734 843 1899 877 crudelem
1928 845 2014 888 ignis

186 905 383 952 prochdolor
402 905 603 951 pertulerunt
632 907 839 948 voraginem,
869 903 993 948 obque
1021 904 1230 949 quamplures
1259 903 1437 937 eorundum
1466 904 1505 938 ad
1534 903 1784 938 irreuocabilem
1813 903 2018 938 deuenerunt

186 969 338 1012 inopiam.
360 965 442 1011 quod
465 970 609 998 nostrum
630 976 733 1007 graue
763 967 919 998 sentimus
939 964 1143 1009 dispendium
1173 968 1204 998 et
1233 975 1297 997 non
1318 963 1476 998 modicum
1501 964 1741 1007 detrimentum,
1771 963 1887 1009 quibus
1907 968 2015 998 tamen

186 1030 238 1073 pie
267 1028 507 1072 compassionis
536 1036 596 1058 nos
634 1025 753 1058 all'cctu
788 1029 942 1058 mouente
970 1027 1109 1058 sinceris
1139 1024 1355 1058 condolentes
1383 1035 1494 1058 eorum
1523 1028 1633 1070 inopie
1661 1025 1746 1071 ylari
1774 1024 2016 1060 consolacionis

185 1087 330 1121 remedio
371 1086 410 1119 de
450 1090 561 1119 nostra
603 1084 830 1118 munificencia
866 1096 909 1118 ex
943 1084 1052 1118 debito
1086 1084 1240 1118 duximus
1276 1085 1529 1119 succurrendum
1559 1090 1589 1119 et
1622 1090 1655 1119 ut
1689 1085 1818 1120 facilius
1846 1088 2015 1132 pristinum

187 1151 350 1191 attingere
378 1136 495 1179 statum
525 1146 666 1187 valeant,
697 1157 736 1179 ac
766 1157 783 1179 a
804 1148 935 1179 miserie
956 1148 1118 1191 pressuris
1139 1149 1169 1179 et
1189 1148 1340 1189 sarcinis,
1369 1150 1480 1179 nostra
1501 1146 1702 1189 suffragante
1722 1148 1834 1190 gracia
1861 1145 2014 1189 releuari,

184 1211 263 1253 ipsis
285 1210 446 1240 iniiucrsis
467 1211 498 1240 et
518 1206 656 1251 singulis
686 1206 725 1240 de
745 1217 909 1239 consensu
930 1205 1039 1239 fratris
1060 1209 1161 1240 nostri
1182 1206 1412 1240 TsehenkonIs
1440 1211 1472 1240 et
1501 1206 1655 1240 heredum
1676 1206 1809 1240 fratrum
1829 1210 2015 1241 nostrorum

184 1268 288 1302 felicis
322 1271 478 1302 memorie
507 1279 523 1301 a
553 1267 636 1300 sesto
664 1269 841 1300 natiuitatis
870 1266 982 1300 christi
1003 1271 1145 1299 venturo
1174 1270 1341 1312 proxime,
1370 1266 1410 1300 ad
1438 1267 1551 1300 decem
1580 1278 1683 1301 annos
1711 1269 1866 1301 continue
1893 1277 2016 1301 nume-

184 1329 317 1370 randos,
339 1327 378 1361 ab
399 1327 548 1361 omnibus
565 1327 812 1369 exaccionilius,
833 1326 1146 1369 contrilmcionilius,
1168 1327 1405 1361 donacionibus
1425 1338 1482 1361 seu
1503 1327 1720 1373 peticionibus
1739 1326 1834 1362 nobis
1854 1327 2015 1362 faciendis

184 1390 311 1435 plenam
341 1394 437 1434 atque
465 1399 587 1421 meram
616 1388 798 1422 libertatem
819 1388 1011 1421 donauimus
1040 1392 1071 1421 et
1099 1387 1304 1433 presentibus
1332 1388 1530 1422 conferimus
1559 1393 1590 1422 ct
1610 1389 1769 1422 donamus
1788 1391 2015 1434 promittentes

184 1462 241 1496 pro
271 1449 363 1482 nobis
391 1453 421 1482 et
452 1449 551 1482 fratre
579 1452 691 1481 nostro
720 1448 865 1493 predicto
895 1453 993 1494 atque
1022 1448 1198 1482 heredibus
1228 1448 1362 1482 fratrum
1390 1453 1573 1482 nostrornm
1603 1461 1641 1483 ac
1670 1453 1790 1483 nostris
1819 1448 2014 1483 officialibus

185 1510 451 1556 minnist-nmque.
481 1509 565 1555 qnod
595 1520 657 1542 nec
687 1521 746 1555 per
774 1520 833 1542 nos
863 1520 922 1542 nec
957 1521 1016 1554 per
1044 1521 1102 1543 eos
1131 1514 1185 1543 aut
1219 1520 1278 1555 per
1305 1520 1520 1555 quencunque
1549 1509 1712 1544 hominum
1742 1514 1854 1544 nostro
1882 1512 2014 1544 nomine

185 1574 252 1617 ipsa
288 1570 419 1604 libertas
456 1569 612 1616 prelibata
657 1569 890 1603 vniuersatiter
929 1575 983 1603 aut
1026 1570 1212 1616 specialiter
1247 1569 1330 1604 infra
1364 1569 1542 1615 predictum
1573 1573 1672 1616 ipsius
1700 1570 1858 1604 llbertatis
1887 1575 2014 1616 tempus

185 1636 215 1665 et
235 1634 379 1676 spacium
400 1631 507 1676 aliquo
528 1630 745 1676 predictorum
775 1630 870 1663 modo
899 1633 978 1676 ipsis
1007 1633 1128 1664 nostris
1149 1629 1296 1664 fidelibus
1315 1630 1467 1676 predictis
1487 1629 1604 1664 debeat
1624 1630 1866 1676 quomodolibet
1883 1631 2012 1666 violari.

185 1692 219 1725 In
249 1694 340 1725 cuius
370 1694 415 1724 rci
445 1693 662 1724 testimoninm
692 1695 862 1736 presentes
892 1690 961 1724 fieri
990 1695 1021 1724 et
1048 1694 1151 1725 nostri
1179 1691 1274 1736 sigilli
1304 1693 1505 1737 appensione
1535 1693 1686 1725 iussimus
1718 1693 1890 1726 comuniri.
1944 1689 2013 1726 Nos

185 1764 265 1785 vero
295 1751 471 1785 Tsclienko
501 1751 664 1797 predictus
694 1751 871 1797 predictam
910 1751 1067 1785 libertatis
1103 1754 1249 1796 graciam
1278 1751 1318 1784 de
1346 1755 1456 1784 nostro
1484 1762 1650 1785 consensu
1686 1756 1717 1786 et
1745 1763 1884 1786 assensu
1912 1762 2014 1786 reco-

184 1815 373 1857 gnoscimus
402 1815 619 1857 processisse,
649 1816 680 1845 et
707 1811 746 1845 ad
775 1811 1046 1845 obseruaeionem
1075 1812 1221 1846 eiusdem
1249 1811 1466 1845 inuiolabile-m
1495 1822 1554 1845 nos
1590 1812 1722 1846 tirmiter
1747 1815 1956 1858 astringimur
1982 1815 2014 1846 et

185 1876 314 1907 sincere
334 1877 364 1906 et
384 1872 523 1917 sigillum
544 1877 688 1906 nostrum
718 1883 789 1906 cnm
819 1872 926 1917 sigillo
947 1872 1055 1906 fratris
1075 1875 1176 1906 nostri
1196 1873 1330 1919 predicti
1350 1871 1558 1918 presentibus
1579 1872 1730 1907 duximus
1751 1873 2012 1920 appendendum.

186 1934 305 1967 Actum
341 1937 372 1966 et
411 1933 517 1966 datum
553 1936 585 1966 in
626 1935 756 1966 ciuitate
796 1933 942 1979 predicta
983 1933 1059 1967 Idus
1101 1932 1256 1967 Octobris
1295 1944 1380 1966 anuo
1415 1932 1533 1966 domini
1569 1934 1738 1968 millesimo
1781 1936 2013 1969 trecentesimo

185 1994 448 2039 quadragesimo.

489 2072 573 2101 (Mu-h
597 2072 654 2097 dem
673 2074 746 2103 tii-ig.
772 2072 817 2097 aus
836 2072 954 2103 remam.
979 2074 1024 2099 mit
1047 2073 1112 2098 zwei
1137 2071 1328 2106 anliiingenden
1346 2071 1465 2105 signnm,
1483 2072 1515 2097 im
1536 2072 1648 2098 Art-tuive
1666 2073 1808 2099 ‹tersethen
1825 2073 1899 2100 stadt
1925 2074 2012 2108 alige-

592 2124 730 2150 sclnriclicn
756 2125 787 2150 A.
813 2124 942 2156 Boczek.)

1046 2257 1152 2293 295.

188 2333 371 2378 Beilvfflmq
400 2334 457 2368 des
486 2334 628 2368 Str-illes
656 2334 820 2368 z-wiseleen
849 2335 911 2369 den
939 2335 1105 2379 Psarrern
1138 2346 1201 2369 ron,
1229 2333 1365 2368 Morbes
1394 2334 1460 2367 med
1487 2334 1614 2369 Κηῠὲῖσ
1642 2334 1817 2381 bezilqlt⁰ck
1845 2337 1904 2370 des
1930 2335 2008 2371 Pa-

186 2395 455 2428 !romztsrcchles
485 2395 566 2429 iiber
593 2395 646 2428 die
676 2396 801 2429 Μῖνι-[ιε
830 2398 861 2429 iu
891 2395 1038 2430 Morbes.
1088 2396 1146 2430 Dt.
1186 2395 1344 2428 Olonmc..
1371 2395 1396 2438 s.
1428 2394 1473 2428 ll.
1512 2399 1591 2428 (title
1627 2396 1713 2430 diem
1741 2396 1779 2431 S.
1814 2395 2005 2431 Elisabeth.

870 2456 950 2499 (13.
981 2456 1190 2499 Norember)
1224 2455 1329 2489 13110.

340 2529 382 2582 'n
412 2553 541 2584 nomine
570 2551 688 2584 domini
726 2563 832 2586 amen.
890 2551 959 2585 Nos
988 2551 1150 2585 ilenricus
1178 2553 1356 2584 canonicus
1386 2554 1418 2584 et
1452 2555 1562 2585 custos
1591 2552 1752 2595 ecclesie,
1789 2563 1828 2586 ac
1856 2551 2007 2587 officiatis

186 2612 275 2643 curie
312 2610 557 2653 (ilomucensis,
593 2615 624 2644 et
657 2611 817 2646 Martinus
852 2611 1012 2658 plebanus
1047 2611 1189 2645 ecclesie
1230 2614 1260 2644 in
1300 2609 1458 2645 l‘raczaw
1494 2615 1656 2646 uniuersis
1692 2618 1805 2646 tenore
1845 2615 2006 2658 presentis
