2184 2828
1012 56 1084 91 983

675 185 756 219 Rea·
794 184 940 229 Vnyarie
963 183 1123 228 palatino
1152 183 1251 226 requi
1276 182 1408 216 scribit.

274 253 411 288 Fiducia
450 259 562 288 nostra
596 254 761 288 hactenus
799 257 905 288 tenuit
938 253 1024 300 quod
1061 255 1148 287 inter
1183 263 1297 297 reqem
1331 253 1562 287 Romanorum
1600 254 1798 288 auunculum
1833 258 1980 289 nostrum

123 315 278 350 dilectum
315 320 346 349 et
384 314 550 349 dominum
583 319 722 360 patrem
759 319 1065 363 nostrum-regem
1099 313 1265 348 Bokemz‘e
1306 313 1394 347 nulla
1430 317 1547 359 posset
1586 316 1665 348 oriri
1700 317 1836 348 materia
1871 315 1982 350 odium

119 379 265 423 paritura
295 380 328 410 et
356 376 564 413 stacidulum„
595 387 668 410 cum
699 387 742 409 ex
771 376 872 420 longo
902 380 1009 409 tractu
1046 377 1204 421 temporis
1233 376 1391 408 vnitatem
1422 374 1603 408 concordie
1631 378 1842 410 seruauerint
1870 376 1981 411 dilec-

118 440 249 471 cionem
280 448 357 471 mu-
387 440 402 481 (
508 438 523 481 )
553 442 641 471 tuam
677 436 847 470 affinitatis
883 436 1016 470 uinculo
1054 435 1228 470 solidante.
1272 434 1369 469 Nunc
1398 446 1479 469 uero
1509 440 1630 470 mutata
1673 440 1856 482 temporum
1892 448 1982 472 con—

118 497 262 542 dicione,
298 508 359 544 per
394 497 523 531 hostem
559 497 692 532 humani
731 500 867 543 generis
896 496 1135 531 discordiarum
1164 496 1241 529 lolio
1270 498 1433 529 seminato
1461 496 1629 542 predictus
1657 509 1723 531 rece
1752 498 1983 532 Romanorum

118 563 152 593 ut
180 561 348 593 veraciter
377 561 566 604 accepimus
597 570 735 603 regnum
763 560 940 602 impugnat
973 557 1135 591 Bokemie
1162 559 1195 591 in
1224 559 1329 603 ipsius
1357 560 1453 601 regni
1483 560 1716 592 exterminium
1746 561 1872 603 ingenti
1893 558 1981 593 mul-

119 619 258 653 titudine
286 621 455 652 exercitus
484 624 675 664 corrugata.
708 618 833 652 Verum
863 623 973 652 tamen
1003 618 1127 652 domini
1156 628 1196 652 ac
1215 620 1317 663 patris
1347 621 1452 651 nostri
1482 621 1618 653 iniurias
1648 623 1801 664 tanquam
1830 622 1983 665 proprias

120 684 373 727 reputemus.et
402 683 429 713 si
460 691 561 726 super
590 679 653 713 hoc
682 690 819 713 mouere
849 682 881 712 ui
910 678 1040 713 sublimi
1069 681 1194 713 nomini
1230 683 1343 712 uestro
1373 682 1406 712 et
1433 677 1551 713 honori
1582 679 1803 724 derogaretur
1836 683 1983 714 maxime

123 745 271 774 uestram
305 739 595 785 magnificenciam
635 743 834 786 requirimus
869 739 910 774 ob
949 740 1094 774 carnalis
1136 739 1323 773 affectionis
1352 751 1415 785 qua
1446 742 1577 774 vnimur
1604 741 1769 774 uinculum
1800 745 1983 775 exorantes

117 805 282 847 quatenus
310 800 493 846 predictum
523 812 639 846 regem
668 811 881 834 romanorum
912 812 929 834 a
960 811 1122 846 processu
1154 802 1248 833 euius
1277 810 1415 834 enorme
1445 804 1494 833 est
1523 803 1653 834 inicium
1691 802 1762 834 me'r
1795 806 1982 836 uestrorum

117 861 385 896 consiliariorum
415 862 574 896 industria
603 864 782 896 reuocetis.

986 974 1111 1007 Aliter.

272 1044 451 1077 Ammirari
480 1046 633 1088 cogimur
663 1042 880 1077 uehementer
915 1048 947 1077 et
985 1053 1050 1077 non
1088 1046 1160 1077 sine
1196 1045 1433 1077 animiracione
1472 1042 1590 1077 turbati
1620 1044 1706 1088 quod
1738 1045 1818 1079 Rex
1845 1045 1982 1080 Roma—

114 1115 233 1138 norum
274 1104 361 1138 nulla
397 1107 586 1138 occasionis
626 1104 827 1150 precedente
862 1107 1000 1138 materia
1038 1106 1184 1138 omnium
1220 1103 1459 1138 beneficiorum
1496 1116 1559 1150 que
1594 1104 1655 1139 sibi
1698 1105 1849 1140 dominus
1874 1111 1980 1151 pater

114 1169 233 1199 noster
267 1165 349 1199 Rea:
385 1165 548 1199 Bolzeme‘e
585 1168 730 1209 gratuite
767 1164 916 1198 exhibuit
952 1168 1137 1205 immemor.¹
1174 1175 1233 1198 sue
1268 1168 1424 1210 potencie
1458 1167 1547 1199 uires
1582 1167 1793 1200 incessanter
1820 1172 1981 1212 corrogat

115 1228 269 1272 aspirans
311 1225 409 1259 auide
444 1229 473 1259 in
510 1226 803 1271 dispensacionem
841 1229 937 1271 regni
975 1225 1152 1262 Bohemie,
1200 1236 1386 1271 quanquam
1430 1230 1540 1259 tamen
1569 1226 1713 1270 uolente,
1749 1230 1980 1272 cogitaciones

119 1289 171 1320 sui
199 1289 371 1332 propositi,
409 1291 439 1320 ut
476 1298 663 1332 sperman
701 1290 732 1319 in
771 1286 904 1320 nihilum
941 1286 1147 1331 redigentur.
1183 1285 1403 1332 Interponere
1432 1290 1542 1331 itaque
1570 1291 1683 1333 partes
1711 1292 1845 1323 uestras
1873 1289 1981 1324 uelitis

115 1349 239 1381 amoris
268 1350 373 1382 nostri
403 1350 528 1381 intuitu.
560 1352 593 1380 ut
623 1347 793 1393 predictus
824 1358 886 1380 rex
915 1346 955 1380 ab
977 1350 1110 1393 incepto
1140 1347 1279 1381 desistat
1308 1350 1493 1393 proposito,
1523 1358 1566 1381 ne
1586 1347 1715 1382 demum
1731 1351 1848 1393 patris
1867 1352 1982 1384 nostri

114 1410 234 1441 iniurIe
261 1407 436 1442 uideantur
465 1410 668 1441 transitorie.
701 1410 778 1453 quin
808 1411 923 1454 pocius
952 1411 1041 1442 uires
1070 1411 1101 1442 in
1131 1411 1320 1454 potenciam
1350 1419 1512 1453 cogamur
1532 1408 1573 1442 ad
1592 1409 1772 1443 uindictam
1791 1411 1976 1445 extendere

112 1469 189 1502 licet
231 1470 322 1502 inuiti
358 1468 586 1503 coadunamus
630 1468 866 1502 multitudinem
903 1479 1117 1502 romanorum
1154 1473 1186 1502 et
1220 1469 1357 1502 aliorum
1395 1468 1479 1509 (sici
1507 1472 1663 1507 gencium
1693 1482 1756 1516 que
1786 1473 1982 1518 impugnant

118 1539 179 1575 pro
210 1540 311 1575 posse
341 1529 520 1563 christiane
550 1529 623 1561 lidei
654 1530 879 1575 professores.

933 1669 1159 1713 Respousma.

271 1738 365 1771 Soliti
397 1738 535 1771 affectus
573 1738 799 1771 exuberancia
837 1749 899 1783 que
936 1750 996 1771 nos
1027 1742 1169 1772 inuicem
1205 1742 1376 1783 sanguinis
1406 1742 1563 1774 naturalis
1592 1741 1783 1779 confibulatq
1813 1752 1879 1775 non
1908 1744 1980 1776 sine

114 1797 286 1832 alacritate
320 1801 418 1832 animi
459 1803 570 1832 nesti-e
607 1800 818 1832 excellencie
854 1799 979 1832 litteras
1017 1802 1205 1845 recepimus
1243 1800 1340 1845 pleno
1375 1802 1543 1835 intellectu
1574 1801 1648 1846 quid
1679 1805 1709 1835 in
1739 1805 1787 1836 eis
1817 1804 1979 1836 contineri

112 1858 257 1893 vidimus
287 1860 487 1903 colligentes
517 1870 648 1892 onmem
680 1863 705 1892 si
737 1859 867 1905 quidem
898 1861 1192 1905 promptitudinem
1221 1866 1319 1905 grato
1348 1861 1479 1895 affectui
1509 1862 1744 1896 commendare
1774 1863 1979 1898 studebimus

113 1919 129 1964 (
233 1920 249 1964 )
279 1932 318 1954 ea
348 1932 412 1965 que
441 1920 602 1953 celsitudo
633 1924 725 1963 regia
756 1921 943 1965 postulauit.
974 1922 1082 1955 uelitis
1113 1925 1221 1967 itaque
1252 1922 1347 1956 nobis
1377 1926 1551 1969 precipere
1581 1926 1634 1969 qui
1664 1927 1781 1970 promti
1811 1929 1843 1958 et
1872 1926 1979 1970 parati

113 1990 226 2014 sumus
254 1981 294 2014 ad
323 1985 435 2015 uestra
467 1981 676 2026 beneplacita
707 1981 851 2025 quelibet
882 1982 1094 2027 exequenda.

986 2120 1112 2154 Aliter.

271 2187 351 2221 Tam
389 2193 596 2223 reuerenter.
632 2199 727 2234 quam
768 2190 922 2222 alacriter
955 2190 1165 2234 legacionem
1201 2196 1347 2225 uestram
1389 2195 1579 2239 recepimus
1614 2203 1756 2238 eamque
1792 2193 1979 2228 nitebamur

114 2259 174 2295 pro
209 2248 385 2283 uoluntatis
421 2254 534 2284 uestre
570 2250 735 2283 desiderio
772 2249 953 2283 efficaciter
990 2262 1188 2296 promouere
1217 2263 1358 2297 cumque
1387 2253 1426 2287 ad
1457 2253 1518 2287 hoc
1547 2254 1763 2299 quorumdam
1794 2257 1977 2301 principum

114 2312 168 2356 qui
198 2320 259 2343 nos
289 2312 430 2344 sinceris
459 2315 704 2357 prosequuntur
733 2310 906 2345 affectibus
927 2315 1163 2346 inuocaremus
1184 2314 1357 2347 consilium
1388 2325 1430 2348 ex
1452 2325 1565 2347 corum
1596 2314 1839 2349 informacione
1867 2315 1976 2349 colle-

113 2373 223 2415 gimus
259 2369 342 2415 quod
381 2370 531 2405 dominus
567 2372 647 2405 Ber
677 2372 905 2405 Romanorum
935 2383 994 2405 sue
1035 2373 1279 2417 indignacionis
1308 2375 1435 2409 vvltum
1466 2374 1640 2409 confirmat
1669 2375 1829 2410 aduersus
1859 2386 1975 2411 omnes

113 2434 166 2476 qui
196 2431 416 2464 dissensionis
447 2436 616 2466 materiam
647 2438 729 2467 inter
756 2437 861 2478 ipsum
893 2445 1003 2477 reqem
1026 2434 1251 2468 &ostentorum
1282 2441 1432 2469 exortam
1463 2440 1608 2470 nituntur
1636 2436 1799 2471 reducere
1819 2437 1859 2470 ad
1888 2448 1976 2471 con-

115 2491 230 2525 cordie
264 2494 434 2526 vnionem.
482 2492 552 2527 Hiis
590 2504 671 2527 uero
706 2493 823 2527 auditis
861 2493 1065 2539 cogebamur
1099 2494 1160 2529 sub
1199 2495 1470 2531 dissimulacione
1508 2500 1670 2543 preterire
1703 2508 1768 2531 non
1798 2500 1870 2532 sine
1898 2501 1974 2532 tur-

114 2550 256 2585 bacione
286 2555 398 2585 animi.
429 2563 493 2597 que
522 2553 560 2586 ad
591 2554 743 2588 effectum
775 2554 908 2599 perduci
939 2560 1050 2589 uestre
1080 2556 1255 2602 peticionis
1284 2557 1423 2591 formula
1453 2557 1667 2603 deposcebat.

1794 2619 1869 2646 124*
