2184 2828
1003 111 1073 146 137

116 237 147 266 et
178 231 342 272 valebant,
373 229 600 263 assecurabit:
630 241 701 275 qua·
731 230 959 275 przrtlietoruin
987 229 1099 263 deceni
1121 228 1252 261 millium
1274 239 1458 262 marcarum
1479 240 1616 270 summa3
1639 241 1655 262 a
1677 229 1728 262 (lie
1749 229 1960 264 traductionis

117 296 216 338 ipsius
246 292 328 329 liliae,
364 290 458 324 uobis
488 295 540 323 aut
570 290 700 323 domino
722 291 887 324 Ludonico
915 295 1025 324 nosti-0
1046 291 1276 335 primogenite,
1298 300 1419 334 sponso
1441 292 1542 334 ipsius
1563 290 1701 323 domina*
1729 289 1960 334 Margaretliae‚

116 352 199 386 infra
228 354 324 385 unius
354 354 429 384 anni
460 353 599 396 spatium
629 350 688 384 sub
718 354 833 396 poenisq
870 352 1016 384 articulis
1044 355 1077 384 et
1115 349 1369 392 conditionibus,
1404 360 1514 382 coram
1545 350 1687 396 pra-latis
1716 354 1749 383 et
1782 350 1960 384 baronibus

117 416 283 457 utriusque
312 414 425 458 partis,
456 416 530 445 tunc
559 414 715 457 temporis
736 412 937 453 ordinandis„
959 411 1162 456 integraliter
1181 414 1213 443 et
1233 409 1445 443 infallibiliter
1464 411 1705 455 persoluenda3
1734 413 1760 444 si
1790 410 1819 444 id
1850 410 1963 444 facere

115 475 246 520 poterit,
276 483 407 518 quoque
436 472 544 515 modo,
574 476 670 518 prout
698 483 735 506 se
764 472 848 506 idem
878 472 1027 506 dominus
1046 469 1196 506 Marchio
1217 470 1255 504 ad
1282 469 1363 512 baec,
1385 469 1470 504 bona
1491 475 1524 504 et
1544 474 1675 505 sincera
1697 471 1771 514 fide,
1793 470 1961 516 obligauit.

117 533 152 567 Si
181 538 289 567 autem
318 535 423 579 ipsam
452 537 551 566 totam
581 544 738 566 summam
769 533 883 566 decem
920 533 1051 567 millium
1084 543 1266 566 marcarum
1301 536 1383 566 intra
1420 533 1659 567 reuolutionem
1695 534 1839 580 praedicti
1874 537 1962 577 anni,

116 605 134 628 a
172 594 225 628 die
260 594 475 627 traductionis
510 596 611 639 ipsius
651 593 790 626 dominae
832 594 903 627 lilize
942 605 1008 627 suae
1049 594 1271 639 computandi7
1313 605 1391 626 casu
1427 594 1536 638 aliquo
1579 605 1643 627 non
1681 595 1797 628 doloso
1832 595 1965 629 soluere

117 655 324 700 aliquatenus
352 665 417 688 non
446 658 570 700 posset,
601 665 645 687 ex
675 658 751 687 tunc
779 654 987 688 medietatem
1008 665 1139 688 summae
1159 654 1322 700 praedictae
1342 657 1425 687 intra
1446 654 1685 688 reuolutionem
1706 658 1781 689 anni
1807 655 1965 701 praedicti,

118 715 213 750 nobis
242 720 274 749 et
302 718 361 761 ipsi
395 714 550 760 praedicto
579 714 709 748 domino
738 713 906 748 Ludonico
935 720 989 749 aut
1018 718 1219 761 procuratori
1249 726 1308 748 seu
1337 714 1606 761 procuratoribus
1635 719 1770 759 nostris,
1801 727 1860 762 per
1888 727 1963 759 nos,

117 781 152 810 ut
184 779 399 822 praemittitur⁷
430 775 635 820 deputandis,
666 775 798 809 soluere
826 778 973 821 promisit
1001 787 1039 809 ac
1067 776 1173 810 soluet
1201 775 1275 809 dolo
1304 780 1336 809 et
1362 775 1478 809 fraude
1506 775 1704 822 quibuslibet
1723 777 1836 822 procul
1856 779 1964 810 motis.

117 837 180 871 Pro
209 836 340 870 residua
369 836 497 881 quidem
528 836 704 869 medietate
734 839 838 881 ipsius
872 847 1016 877 summae,
1046 836 1140 870 nobis
1169 840 1200 869 et
1227 839 1448 882 primogenito
1477 841 1590 870 nostro
1620 848 1677 870 sua
1699 839 1838 883 pignora
1868 837 1967 871 sufli-

118 900 240 931 cieutia
277 901 309 931 et
337 897 494 939 valentia,
524 899 556 930 in
591 896 742 930 Morauia
780 900 852 930 sita.
892 897 931 930 de
967 896 1083 942 quibus
1118 907 1178 930 nos
1214 901 1245 930 et
1278 899 1348 942 ipse
1386 897 1537 931 dominus
1572 897 1759 931 Ludonicus
1795 900 1966 943 nostrique

117 962 351 1005 procuratores
381 957 526 1003 praedicti
563 960 747 991 contentari
783 960 974 1003 poterimus.
1010 960 1092 991 intra
1128 957 1224 991 linem
1253 960 1330 991 anni
1364 969 1452 1003 saepe
1481 957 1557 990 dieti
1594 962 1625 991 et.
1653 961 1741 1003 prius
1770 958 1965 1002 assignabit,

117 1018 258 1053 tenenda
289 1023 321 1052 et
349 1018 499 1052 habenda
530 1029 589 1064 per
616 1029 676 1052 nos
705 1023 737 1052 et
764 1021 1017 1064 primogenitum
1046 1023 1203 1061 nostrum,
1233 1018 1298 1052 line
1327 1018 1401 1052 dolo
1430 1023 1462 1052 et
1491 1018 1606 1052 fraude
1635 1019 1772 1064 pacifice
1792 1023 1825 1052 et
1844 1022 1964 1064 quiete.

118 1079 268 1122 Tamdiu,
297 1090 470 1125 quousque
499 1079 657 1112 medietas
686 1089 821 1112 summa?
850 1090 938 1124 saepe
967 1079 1070 1122 dictae,
1099 1083 1175 1125 puta
1210 1082 1353 1124 quinque
1383 1079 1480 1112 millia
1511 1090 1694 1112 marcarum
1723 1079 1966 1126 prendit-tarum,

119 1139 215 1173 nobis
243 1143 276 1173 et
303 1141 364 1185 ipsi
393 1139 525 1172 domino
555 1139 723 1173 Ludovico
752 1150 812 1185 per
840 1139 979 1173 eundem
1009 1139 1174 1173 dominum
1195 1139 1420 1173 marchionem
1442 1139 1540 1173 fuerit
1561 1140 1765 1184 integraliter
1785 1141 1965 1186 persoluta.

119 1199 188 1234 Nos
217 1211 235 1234 e
263 1210 429 1233 conuerso
459 1202 669 1245 assignamus
698 1211 758 1246 pro
787 1204 879 1246 parte
908 1200 1054 1234 eiusdem
1084 1203 1291 1246 primogeniti
1321 1203 1435 1241 nostri,
1466 1204 1593 1234 ratione
1613 1200 1808 1234 Donationis
1835 1206 1968 1247 propter

119 1260 270 1307 Nuptias,
299 1261 404 1294 eidem
435 1260 575 1294 (lominae
602 1260 835 1305 Margarethae,
866 1264 1038 1306 pecuniam
1067 1272 1138 1294 cum
1172 1266 1351 1305 augmento
1386 1264 1487 1295 tertiae
1516 1264 1619 1307 partis
1655 1261 1838 1307 quindecim
1871 1262 1966 1295 millia

121 1332 305 1355 marcarum
340 1326 474 1367 propter
511 1332 602 1355 suam
638 1321 828 1367 praedictain
864 1322 970 1355 dotem
1008 1321 1153 1356 eiusdem
1190 1324 1328 1356 rationis
1367 1326 1397 1355 et
1432 1325 1633 1368 paxamenti‚
1670 1333 1806 1368 quorum
1841 1333 1967 1356 summa

120 1381 196 1416 hinc
223 1381 300 1415 inde
328 1381 368 1415 ad
397 1393 567 1415 numerum
598 1385 714 1427 viginti
744 1385 887 1428 quinque
923 1382 1052 1415 millium
1087 1393 1270 1416 marcarum
1307 1394 1344 1416 se
1373 1382 1533 1423 extendit,
1563 1394 1622 1428 pro
1651 1383 1767 1429 quibus
1796 1394 1837 1416 ex
1869 1394 1966 1426 nunc,

121 1446 216 1489 prout
243 1453 285 1476 ex
315 1447 403 1485 ωηο,
434 1447 544 1476 castra
575 1447 697 1485 nostran
728 1442 883 1476 videlicet
910 1442 1136 1487 Zegedienum
1163 1447 1195 1477 et
1214 1443 1361 1485 liminis,
1383 1443 1446 1477 alio
1467 1446 1599 1477 nomine
1620 1443 1732 1477 Beclie
1753 1447 1967 1486 nominatum,

121 1514 193 1537 cum
223 1514 337 1537 eorum
367 1506 570 1549 pertinentiis
599 1508 631 1537 et
658 1515 731 1537 cum
768 1503 864 1549 pleno
894 1504 1049 1546 (tunninio,
1083 1506 1153 1538 iure
1185 1504 1365 1538 eorundem
1404 1509 1436 1537 et
1468 1515 1599 1538 suarum
1638 1508 1907 1550 pertinentiarum
1937 1509 1970 1538 et

122 1565 309 1610 specialiter
337 1575 409 1597 eum
439 1564 562 1598 iuribus
592 1569 784 1610 patronatus
814 1565 1041 1607 ecclesiarum,
1078 1568 1293 1611 promittimus
1322 1568 1393 1599 sine
1427 1565 1500 1598 dolo
1536 1570 1567 1598 et
1595 1565 1710 1599 fraude
1740 1568 1798 1611 ipsi
1829 1566 1967 1599 dominae

122 1624 355 1669 Margaretliae,
385 1625 476 1668 dare,
507 1625 639 1658 tradere
668 1629 701 1658 et
731 1624 892 1669 obligare.
924 1636 983 1658 suo
1014 1636 1093 1659 casu
1122 1630 1329 1669 occurrente„
1351 1625 1435 1671 quod
1457 1625 1555 1659 absit!
1584 1629 1673 1660 iuxta
1695 1626 1968 1660 consuetudinem

122 1686 277 1731 nvptialis
309 1687 393 1730 juris
429 1689 524 1730 regni
560 1685 739 1728 BobemRe,
778 1686 968 1720 redimenda
1007 1685 1047 1720 ab
1081 1686 1208 1720 eadem.
1263 1686 1403 1733 Insuper
1439 1690 1566 1721 ratione
1602 1698 1697 1721 noua:
1734 1690 1966 1733 proximitatis,

123 1758 185 1793 qua
214 1749 365 1793 utrinque
393 1751 506 1780 mutuo
541 1758 578 1780 se
613 1749 765 1780 astrinxit
800 1750 871 1793 ipse
906 1747 1055 1780 dominus
1085 1746 1221 1782 Carolus
1249 1747 1397 1781 Mareliio
1426 1760 1499 1781 cum
1536 1748 1630 1782 nobis
1660 1753 1692 1782 et
1726 1751 1847 1782 nostris
1877 1748 1968 1789 filiis3

121 1807 189 1840 Nos
219 1818 236 1841 e
265 1818 429 1841 conuerso
458 1807 564 1841 eidem
594 1819 638 1841 ex
667 1811 798 1841 sincere
828 1808 1009 1841 dilectionis
1047 1807 1164 1841 affectu
1193 1813 1305 1842 eontra
1335 1814 1471 1843 cunctos
1500 1812 1650 1842 inimicos
1680 1814 1830 1842 tenemur
1860 1813 1968 1842 mutuo

121 1868 292 1901 adiuuare:
322 1871 363 1901 ita
393 1868 476 1913 quod
508 1873 539 1901 et
568 1871 671 1913 ipsius
699 1868 820 1901 domini
851 1868 1049 1902 marchionis
1069 1871 1191 1901 inimici
1210 1872 1312 1902 nostri
1334 1874 1428 1903 erunt
1448 1874 1479 1903 et
1498 1871 1648 1903 similiter
1668 1875 1797 1903 nostros
1818 1871 1968 1903 inimicos

122 1931 192 1974 ipse
222 1940 279 1974 pro
309 1931 376 1962 suis
406 1931 545 1962 inimicis
575 1928 708 1962 babebit
728 1934 759 1962 et
781 1929 954 1974 reputabit.
985 1927 1119 1973 Nosque
1139 1940 1183 1962 ex
1204 1940 1315 1963 amore
1335 1931 1494 1975 paternali
1516 1935 1548 1964 et
1567 1930 1734 1964 fraternali
1756 1933 1968 1976 ipsorumque

123 1988 284 2022 affectioni
316 1989 401 2022 liliali
431 1994 464 2022 et
494 1989 643 2022 similiter
671 1989 851 2032 fraternali,
882 2000 942 2023 nos
972 1994 1003 2022 et
1031 1993 1241 2034 utrorumque
1270 1995 1455 2024 nostrorum
1487 1991 1569 2025 lilios
1605 1995 1712 2024 mutua
1744 1990 1968 2024 vicissitudine

122 2053 237 2082 contra
267 2061 382 2083 (nunes
413 2049 606 2083 insidiantes
644 2062 682 2083 ac
718 2049 929 2095 rebellantes7
966 2049 1211 2091 adiuuabimus3
1245 2051 1537 2096 compositionilms
1567 2056 1686 2089 tamen,
1717 2055 1799 2084 inter
1827 2051 1968 2085 eundem

122 2120 236 2153 regem
268 2109 408 2143 Boemiae
437 2115 469 2144 et
497 2121 575 2144 suos
606 2111 689 2144 lilios
718 2111 904 2157 praedictos„
942 2122 1068 2155 nosque
1101 2115 1131 2143 et
1161 2111 1306 2144 similiter
1339 2117 1470 2146 nostros
1500 2112 1595 2155 lilios‚
1625 2115 1775 2157 proxime
1804 2112 1906 2146 literis
1935 2116 1970 2146 ut

123 2170 310 2217 praedictum
340 2175 392 2204 est
419 2182 529 2217 supra,
561 2174 590 2204 in
621 2174 688 2205 suis
717 2172 889 2216 vigoribus
919 2174 1157 2217 permansuris.
1188 2170 1267 2205 Haec
1296 2175 1395 2216 igitur
1422 2176 1530 2206 onmia
1551 2177 1581 2206 et
1602 2173 1729 2217 singula
1751 2177 1782 2205 et
1801 2173 1970 2217 quodlibet

123 2234 379 2276 przemissorum,
408 2235 505 2276 prout
532 2232 572 2265 de
601 2231 703 2265 uerbo
732 2232 771 2265 ad
801 2232 935 2266 uerbum
966 2231 1180 2276 praesentibus
1209 2236 1283 2265 sunt
1311 2235 1445 2273 inserta,
1476 2233 1536 2266 sub
1566 2236 1684 2267 virtute
1713 2236 1802 2278 prius
1832 2236 1967 2279 praestiti

123 2292 160 2325 ad
191 2295 303 2325 sancta
334 2291 385 2324 dei
414 2293 589 2337 euangelia
619 2295 802 2335 iuramenti,
833 2291 1003 2326 attendere
1032 2296 1064 2324 et
1092 2292 1258 2326 custodire
1290 2297 1505 2338 promittimus
1540 2304 1578 2326 ac
1616 2294 1751 2327 tirmiter
1787 2305 1826 2328 ac
1854 2297 1968 2328 inuio—

122 2352 261 2385 labiliter
288 2350 480 2385 obseruare.
510 2352 546 2386 In
575 2355 669 2386 cuius
689 2357 792 2398 gestae
813 2356 858 2386 rei
880 2354 1068 2385 memoriam
1090 2357 1235 2386 nostrum
1257 2357 1288 2386 et
1308 2354 1469 2399 przedicta‘
1490 2354 1628 2387 domina»
1648 2357 1783 2398 regin&
1805 2357 1968 2389 consortis

124 2416 255 2446 nostrae.
285 2412 391 2456 sigilla
422 2423 460 2445 ac
488 2416 583 2446 etiam
613 2415 716 2459 ipsius
745 2413 866 2446 domini
896 2412 1050 2446 Ludonici
1072 2413 1225 2457 sigillum⁷
1247 2424 1310 2458 quo
1337 2426 1422 2448 nunc
1450 2418 1556 2452 utiturq
1579 2414 1730 2449 duximus
1751 2415 1968 2461 praesentibus

124 2472 385 2518 appendendum.
442 2473 560 2506 Actum
599 2478 631 2507 et
666 2473 773 2507 datum
812 2477 841 2507 in
877 2473 1069 2516 wisegrad,
1106 2473 1268 2507 dominica
1307 2474 1488 2517 Inuocauit‚
1525 2485 1611 2508 anno
1645 2475 1765 2509 domini
1795 2477 1967 2510 millesimo

125 2536 356 2567 trecentesimo
386 2535 553 2567 tricesimo
582 2539 710 2568 octauo.

328 2603 518 2637 (Abgedruckt
531 2603 571 2629 bei
585 2603 711 2638 Ludewig
725 2604 922 2639 Reliquiar.Ms.
939 2604 954 2629 1⁵
981 2604 1011 2629 V.
1027 2605 1053 2629 S.
1073 2604 1142 2630 48?
1158 2613 1181 2630 n.
1200 2604 1293 2630 xxvi.
1310 2605 1400 2638 Vergl.
1417 2605 1525 2631 Dobuer
1538 2605 1605 2632 Mon.
1627 2606 1668 2632 lV.
1685 2607 1711 2632 S.
1729 2606 1796 2633 30¹.
1813 2616 1837 2632 n,
1853 2606 1967 2637 CLXV.)

1826 2656 1863 2686 18
