2184 2828
1091 108 1164 142 994

201 228 244 261 de
272 225 489 271 obsequendo
517 228 589 260 uisa
618 230 670 259 est
699 230 732 258 et
759 227 870 258 nititur
899 225 1109 271 complacere
1139 225 1346 259 medietatem
1376 226 1453 260 uille
1482 231 1595 261 nostre
1624 227 1685 262 sibi
1713 234 1746 263 et
1775 232 1842 263 suis
1872 229 2051 265 heredibus

200 289 433 321 concessimus
470 285 669 320 hereditarie
699 285 944 330 possidendam.

597 419 612 457 (
621 416 806 449 Concessio
834 415 1097 448 molendium-um
1126 417 1158 449 ιἰι
1187 416 1339 453 Αίὺεεκ
1365 428 1430 461 pro
1459 419 1653 462 seruiee'is.)

354 485 441 519 Nos.
462 485 511 520 W.
546 489 607 518 etc.

353 545 474 580 Notum
508 544 849 578 l'aciiiiiis.videlicct
884 544 969 589 quod
1008 544 1195 578 molendina
1235 548 1266 578 in
1300 545 1418 588 Albe-5,
1453 546 1513 579 sub
1549 550 1682 581 ciuitate
1720 553 1832 582 nostra
1868 548 2050 594 Cotn.qui

198 608 274 640 olim
304 610 409 652 ipsius
438 606 557 640 fuisse.
588 605 631 639 E.
661 616 772 639 coram
802 604 896 638 nobis
926 605 1141 639 concedimus
1171 605 1289 640 eidem.
1326 606 1378 641 W.
1410 611 1439 640 et
1469 607 1646 641 heredibus
1675 611 1754 651 suis,
1785 609 1940 651 tenenda,
1965 620 2050 655 pos-

198 668 334 702 sidenda
365 679 408 701 ex
437 670 552 711 gracia
588 667 736 713 speciali.
786 666 832 700 Ita
868 671 979 700 tamen
1014 666 1100 710 quod
1137 667 1232 700 idem.
1279 667 1328 702 ll'.
1361 672 1393 701 et
1428 671 1532 713 ipsius
1562 667 1704 703 heredes
1735 673 1908 704 teneantur
1936 669 2050 704 facere

199 739 258 775 pro
288 730 422 761 ciuitate
454 728 538 762 Clm.
570 731 602 761 et
631 730 758 761 seruire
789 730 848 773 ipsi
881 729 1006 761 ciuitati
1036 731 1131 772 prout
1161 726 1282 760 Alber.
1315 731 1398 761 ciuis
1429 731 1530 774 ipsius
1560 732 1703 763 ciuitatis
1733 729 1844 764 facere
1868 735 1900 764 et
1920 733 2050 765 seruire

196 794 338 823 tenetur.

532 903 556 945 ζ
557 902 740 936 Concessio
769 901 848 934 m'lle
876 901 1060 943 cuiusdam7
1090 901 1135 934 (td
1163 902 1231 934 uite
1260 904 1400 946 tempus,
1426 913 1491 946 pro
1519 904 1711 946 serniez'e's.)

351 970 506 1007 Nos.W.
538 976 570 1005 et
598 976 662 1005 etc.

350 1031 469 1066 Notum
498 1032 637 1066 facimus
667 1031 753 1078 quod
782 1042 843 1065 nos
872 1031 1126 1064 considerantes
1157 1034 1242 1076 pium
1278 1037 1310 1065 et
1339 1031 1511 1066 honestum
1542 1043 1619 1066 esse
1649 1030 1767 1068 ut'eos
1797 1037 1849 1080 qui
1879 1034 1975 1068 nobis
2005 1034 2047 1069 ab

193 1091 337 1126 infancia
366 1097 480 1126 nostra
509 1092 633 1126 fuerint
663 1092 814 1137 obsequti
844 1095 1129 1125 remuneracionis
1172 1092 1364 1126 dulcedines
1399 1095 1634 1138 preueniamus
1662 1094 1857 1139 Elyz-abellc
1891 1106 1956 1140 que
1984 1106 2047 1130 nos

193 1164 210 1186 a
240 1155 365 1187 teneris
394 1153 541 1187 infancie
570 1156 664 1187 annis
693 1164 800 1198 usque
829 1153 868 1186 ad
899 1153 1129 1198 puerilitatem„
1160 1155 1232 1198 ipsa
1261 1153 1350 1187 uelut
1380 1153 1544 1187 obstetrix
1569 1154 1710 1199 diligens
1735 1155 1901 1198 educauit,
1929 1156 2046 1190 villam

191 1217 343 1247 nostram
381 1225 454 1247 cum
490 1217 557 1248 suis
594 1217 781 1248 attinenciis
814 1216 1044 1248 concessimus
1081 1218 1113 1247 et
1148 1214 1344 1248 contulimus
1378 1214 1579 1248 hereditarIe
1608 1220 1768 1262 perpetuo
1797 1216 2044 1262 possidendam.

920 1350 935 1385 (
942 1345 1235 1389 Recompensmv‘o
1263 1347 1520 1389 sestariorum.)

346 1413 384 1448 O.
417 1413 468 1448 dei
497 1417 610 1459 gracia
639 1419 700 1447 etc.

344 1475 434 1509 Satis
464 1474 628 1509 laudabile
658 1475 824 1508 credimus
862 1478 888 1508 si
924 1474 1072 1509 fidelibus
1108 1479 1230 1509 uostris
1264 1479 1316 1520 qui
1352 1481 1447 1520 grata
1476 1476 1572 1510 nobis
1608 1479 1844 1522 imparciuntur
1877 1476 2042 1524 obsequia

189 1535 421 1570 muniliceneie
451 1535 623 1569 dexteram
655 1535 834 1569 liberaliter
862 1539 1041 1582 aperimus.
1071 1541 1170 1581 atque
1194 1541 1310 1581 gratos
1337 1542 1369 1570 et
1395 1540 1537 1571 seruicia
1559 1542 1591 1571 et
1612 1537 1717 1571 nullas
1738 1538 1874 1571 aliorum
1894 1540 2041 1583 ipsorum

188 1595 283 1630 dotes
321 1596 536 1630 attendderas
572 1596 657 1640 (sic)
688 1596 746 1629 sed
782 1597 882 1641 longe
919 1596 1113 1631 laudabilius
1151 1609 1227 1631 esse
1263 1597 1471 1632 decreuimus
1508 1602 1535 1632 si
1574 1609 1632 1632 eos
1666 1598 1811 1632 donariis
1849 1598 2041 1643 largicionis

186 1661 299 1691 nostre
328 1658 557 1703 perfundimus
587 1670 669 1704 quos
698 1658 778 1691 tides
808 1663 839 1691 et
867 1660 1044 1691 seruieium
1075 1658 1171 1692 nobis
1202 1664 1357 1704 acceptos
1387 1662 1496 1693 statuit
1518 1664 1548 1692 et
1574 1663 1710 1704 generis
1731 1663 1865 1705 insuper
1884 1659 2040 1694 nobilitas

186 1721 365 1752 strenuitas
401 1721 511 1763 erigit.
549 1719 695 1764 probitas
734 1724 765 1752 et
801 1719 939 1763 elegans
975 1722 1125 1764 eorporis
1163 1724 1287 1753 statura
1325 1731 1364 1753 eo
1399 1720 1484 1765 quod
1524 1723 1555 1753 in
1592 1723 1674 1766 ipsis
1710 1732 1775 1754 uon
1811 1720 1916 1754 solum
1954 1724 2041 1755 iuste

185 1779 429 1813 satisfaciamus
466 1791 529 1826 que
564 1783 710 1813 racionis
747 1781 784 1812 ad
823 1780 937 1814 libram
975 1791 1123 1826 pensans
1159 1784 1268 1814 omnia
1305 1784 1469 1827 premissa
1500 1784 1614 1815 merita
1645 1785 1888 1827 recompensat.
1936 1781 2040 1815 Immo

184 1840 386 1874 uoluntatem
417 1840 602 1875 honestatis
632 1844 828 1886 exequimur
857 1852 920 1886 que
949 1840 1122 1887 pulchrum
1151 1852 1259 1886 genus
1289 1846 1421 1887 reputat
1452 1842 1590 1875 confere
1620 1853 1756 1875 munera
1786 1853 1868 1887 quos
1898 1846 2041 1886 negatur

182 1901 320 1945 largitas
349 1906 382 1934 et
411 1901 542 1936 fortune
572 1901 813 1935 heneuolencia
843 1905 912 1935 suis
942 1902 1132 1936 muneribus
1162 1902 1367 1937 dicauerunt.

338 1962 498 1996 Nouerint
525 1965 626 2008 igitur
653 1965 800 1996 uniuersi
830 1967 892 1996 etc.
924 1962 1010 2008 quod
1038 1973 1099 1996 nos
1129 1963 1339 1997 attendentes
1369 1963 1464 1997 fidem
1495 1975 1609 2009 puram
1641 1957 1708 1997 etc?

880 2102 1126 2136 eoncessiones
1155 2103 1332 2136 redituum.

333 2169 522 2204 Frater.de
551 2175 612 2204 etc.

333 2231 396 2265 Per
425 2232 597 2266 domorum
628 2235 716 2266 sacri
746 2231 861 2266 domos
891 2233 1074 2277 hospitalis
1103 2235 1217 2267 sancti
1243 2233 1412 2267 Johanm·s
1437 2233 1725 2268 ilzerosolitm'lani
1742 2242 1802 2278 per
1820 2231 2034 2275 Bohemz'am,

178 2290 354 2325 poloniam
386 2297 418 2326 et
446 2293 640 2326 Mormtz'am
671 2292 821 2326 omnihus
850 2293 968 2339 quibus
998 2293 1106 2327 littere
1135 2299 1311 2340 presentes
1345 2294 1492 2328 exhibite
1521 2294 1640 2328 fuerint
1668 2295 1825 2326 noticiam
1855 2291 2033 2338 subscrip-

176 2356 283 2385 torum
310 2351 353 2385 Et
383 2356 409 2386 si
440 2365 708 2399 unumquemque
737 2364 832 2399 quem
863 2353 1045 2388 honestatis
1076 2366 1136 2388 sue
1166 2359 1337 2389 emeritum
1367 2355 1534 2389 honorare
1562 2354 1678 2388 fouere
1707 2364 1769 2387 nos
1799 2352 1931 2395 debeat,
1957 2352 2033 2386 illos

177 2417 285 2446 tamen
324 2413 473 2458 ampliori
510 2417 540 2447 in
583 2414 717 2448 domino
756 2413 899 2447 karitate
937 2415 1090 2459 diligere?
1130 2420 1161 2448 et
1198 2418 1346 2461 ipsorum
1384 2419 1477 2450 uices
1515 2414 1679 2449 nobilibus
1717 2418 1814 2460 pront
1853 2424 2030 2460 possumus

174 2484 322 2507 annuere
360 2478 576 2519 perpensuris
612 2478 768 2508 conuenit
806 2478 859 2519 qui
901 2486 938 2508 se
981 2475 1075 2509 nohis
1113 2477 1251 2521 speciali
1289 2488 1403 2510 eorum
1433 2476 1552 2510 affectu
1589 2479 1618 2508 et
1655 2475 1815 2520 singulari
1845 2474 2031 2507 deuocione

172 2534 314 2568 reddunt
342 2546 402 2581 pre
431 2539 553 2569 ceteris
582 2538 690 2580 magis
719 2539 844 2580 gratos.
880 2535 960 2569 Inde
995 2540 1046 2570 est
1082 2537 1167 2582 quod
1203 2549 1277 2570 euni
1316 2541 1376 2571 uiri
1412 2537 1543 2571 bonesti
1577 2536 1699 2569 domini
1735 2536 1894 2569 canonici
1918 2535 2032 2568 nostri

172 2595 303 2628 ordinis
332 2595 509 2640 capellani
535 2596 644 2630 dilecti
676 2599 808 2630 sincere
836 2595 1079 2630 beneuoleucie
1108 2599 1272 2642 gratitudo
1303 2609 1399 2643 quam
1429 2608 1510 2641 erga
1545 2608 1605 2630 nos
1639 2602 1670 2630 et
1700 2596 1848 2630 ordinem
1878 2599 2029 2629 nostrum
