2184 2828
1087 116 1158 148 911

1073 319 1178 353 4⁰7.

199 401 315 441 (1....ι
349 399 535 433 Patriarcla
569 410 632 431 ron
671 397 845 442 Aquileia,
881 396 1045 430 ermoldo!
1083 396 1202 440 helmst>-
1238 398 1298 430 der
1334 397 1558 441 Sclelicleflmegy
1592 398 1651 430 {le-s·
1686 398 1852 431 swas-chen
1888 398 1951 431 ilem
1982 399 2048 432 med

196 461 270 494 dem
297 459 480 494 Mez'nlmrd
512 460 579 492 med
612 459 675 491 (len
711 458 858 491 anderen
891 459 1018 501 (irascit
1053 469 1117 490 rou
1148 458 1288 491 Gor...
1317 458 1547 491 11011-1110110000
1584 458 1729 491 Strilbes
1757 460 1819 491 dev
1851 460 1902 497 0..¹
1932 459 2046 503 Kottis]

196 532 262 554 von
289 520 453 563 Bo‘lmwu,
488 520 555 552 und
589 520 651 552 den
680 545 687 552 .
706 546 712 552 .
732 545 757 561 ,7
789 519 939 561 Bis-eleos
967 530 1027 551 ron
1058 518 1163 562 Pras),
1195 530 1234 551 311
1264 519 1575 552 Selei‹›‹l.s·rielalem.
1617 520 1654 552 ().
1692 519 1735 552 Ι).
1774 520 1811 552 0.
1846 520 1912 552 ‘und
1943 519 2043 553 Jahr.

353 578 443 632 Nos
473 597 513 631 Gr.
544 597 594 631 dei
624 600 739 641 gracia
768 602 887 630 sancte
917 596 1006 630 scdis
1038 596 1277 641 Aquilegensis
1307 598 1452 630 ecclesie
1483 597 1675 630 Patriarclia
1701 602 1816 631 tenore
1837 600 2045 643 presencium

197 662 308 692 notum
346 658 416 691 fore
454 658 607 691 volumus
646 660 821 691 universis.
858 657 942 701 quod
979 667 1051 689 011111
1092 667 1153 689 1105
1188 656 1303 691 libere.
1340 668 1433 690 merc
1471 661 1500 691 et
1538 669 1619 703 pure
1655 661 1980 704 conipromiserimus
2014 661 2045 691 in

196 718 423 752 venerabilem
459 722 585 764 patrem
621 718 787 752 dominum
825 717 1014 750 Brunoneni
1050 717 1102 750 dei
1137 720 1251 761 gracia
1293 720 1486 763 episcopum
1526 718 1781 751 (tloinuccnscm
1821 723 1975 764 tanquam
2014 721 2045 752 in

198 778 354 812 arbitrum
384 781 415 811 in
445 778 675 812 arbitratoreni
706 783 737 811 et
766 777 972 811 amicabilem
1003 780 1259 823 compositorem
1290 781 1363 811 sive
1394 778 1534 811 iudicem
1565 778 1605 811 dc
1632 778 1781 812 omnibus
1809 781 2047 813 controversiis

200 839 307 873 litibus
336 843 368 873 et
396 838 627 885 questionibus
656 831 737 883 quas
769 838 926 871 babemus
956 843 989 871 ct
1016 837 1140 871 babere
1169 838 1322 871 videniur
1354 850 1426 871 cmn
1459 838 1622 871 nobilibus
1661 841 1739 872 viris
1770 838 1986 872 ltlcincbardo
2014 843 2046 872 01

196 901 237 933 al.
268 899 450 934 Coniitibus
480 898 559 933 Gor.
591 904 623 932 ct
652 902 711 944 ipsi
741 903 856 932 contra
886 910 947 932 nos
977 903 1009 931 ut
1039 898 1122 931 idem
1153 898 1303 932 dominus
1334 902 1512 945 episcopus
1542 899 1582 931 dc
1611 902 1850 933 controversiis
1878 898 1986 933 litibus
2012 903 2045 933 et

195 960 424 1005 questionibus
458 962 539 1006 ipsis
575 959 689 993 diebus
724 960 850 992 seriatis
886 970 1016 993 necnon
1052 959 1178 993 seriatis
1213 959 1358 1004 partibus
1393 959 1605 1004 presentibus
1641 959 1691 992 vel
1728 971 1793 993 non
1831 959 2043 1005 presentibus

195 1023 302 1055 citatis
336 1021 390 1054 vel
426 1032 490 1054 non
526 1023 633 1054 citatis
669 1020 805 1054 deberet
838 1024 871 1054 et
903 1024 1019 1065 posset
1051 1030 1253 1065 componere
1290 1020 1455 1063 arbitrari„
1494 1023 1705 1054 sentenciare
1740 1025 1771 1054 et
1805 1020 1940 1054 laudare
1972 1022 2044 1054 sive

195 1081 413 1115 amicabiliter
441 1084 514 1115 sive
543 1081 584 1114 de
612 1084 683 1115 inre
712 1084 797 1114 inter
825 1086 937 1126 partes
967 1085 1082 1126 procut
1111 1080 1193 1125 (sic)
1225 1080 1286 1114 sibi
1314 1081 1462 1126 placeret
1487 1086 1520 1115 et
1545 1081 1715 1115 videi-enu-
1734 1082 1850 1115 melius
1870 1080 2044 1126 expedire,

198 1145 428 1187 promittentes
458 1145 590 1175 nomine
619 1146 734 1175 nostro
763 1146 792 1175 01
823 1142 1047 1187 aquilegensis
1085 1142 1231 1175 ecclesie
1260 1153 1320 1176 nos
1351 1147 1455 1175 ratuni
1487 1141 1656 1176 babituros
1685 1147 1716 1176 01
1744 1143 1869 1176 lirnium
1900 1140 2045 1187 quitquid

197 1207 397 1236 memoratus
427 1202 579 1236 dominus
608 1202 794 1248 Episcopus
824 1202 1056 1236 Oloniucensis
1083 1214 1183 1248 super
1210 1206 1382 1248 premissis
1408 1213 1513 1247 usqne
1540 1203 1580 1236 ad
1602 1214 1739 1249 presens
1759 1202 1879 1237 sestuin
1901 1205 2044 1236 omnium

196 1267 383 1296 sanctorum
418 1263 685 1309 componendum
722 1262 943 1297 arbitrandum
985 1263 1258 1297 sentenciamlmn
1289 1268 1319 1297 et
1355 1263 1552 1297 laudandum
1583 1264 1719 1297 duceret
1751 1266 1836 1297 inter
1870 1268 1981 1309 partes
2013 1266 2047 1296 et
2087 1282 2091 1286 ,

196 1328 344 1369 tempore
374 1324 482 1357 medio
512 1327 594 1357 visis
624 1328 655 1357 et
684 1324 802 1357 auditis
832 1323 1053 1369 peticionibus
1083 1327 1252 1369 utriusque
1282 1327 1385 1369 partis
1415 1324 1499 1357 idem
1530 1324 1679 1358 dominns
1698 1324 1883 1370 Episcopus
1908 1325 2047 1369 pecierit

195 1396 212 1417 a
248 1384 342 1417 nobis
377 1389 407 1417 111
443 1396 516 1418 011111
553 1387 607 1417 via
642 1383 822 1418 amicabilis
857 1387 1114 1430 composicionis
1149 1396 1245 1430 quam
1282 1387 1362 1418 satis
1398 1389 1654 1430 atteniptaverat
1688 1388 1772 1418 inter
1806 1389 1918 1430 partes
1952 1387 2047 1428 grato

195 1448 402 1490 nequivisset
431 1445 551 1478 ell'cctu
581 1445 745 1487 concludi„
776 1445 941 1479 illustrem
976 1445 1143 1479 dominum
1181 1445 1219 1479 s).
1251 1445 1379 1490 Regem
1410 1446 1569 1479 Boliemie
1605 1450 1638 1479 et
1666 1445 1891 1479 venerabilem
1920 1448 2047 1490 patrem

203 1533 210 1539 .
229 1505 453 1549 .Pragensem
484 1508 689 1551 episcopum7
720 1505 781 1539 sibi
812 1506 850 1539 ad
881 1506 1154 1540 sentencianduin
1190 1506 1231 1539 (10
1268 1510 1338 1540 iure
1374 1518 1476 1552 super
1510 1509 1681 1552 premissis
1715 1509 1746 1540 in
1776 1505 1987 1539 coadiutores
2016 1508 2049 1538 01

197 1566 393 1600 coniudices
422 1570 536 1600 nostro
566 1569 849 1611 coniungeremus
879 1578 1033 1609 assensu,
1063 1570 1215 1611 quamvis
1244 1567 1339 1601 nobis
1369 1579 1429 1613 per
1458 1570 1567 1601 omnia
1597 1568 1776 1613 placuisset
1803 1571 1836 1600 et
1865 1565 2046 1602 secundum
2084 1559 2088 1570 ¹

196 1626 335 1660 sormam
365 1629 597 1672 compromissi
626 1625 704 1660 facti
733 1630 764 1661 111
801 1639 874 1661 eum
911 1628 950 1661 ad
979 1627 1153 1661 ferendum
1188 1631 1395 1661 sentenciam
1425 1627 1609 1673 procedere
1638 1631 1861 1674 procurasset,
1890 1637 1952 1661 nos
1979 1636 2048 1660 vo—

195 1687 301 1720 lentes
336 1689 368 1720 in
406 1687 470 1721 ullo
505 1689 705 1721 sinceritatis
742 1699 801 1722 sue
836 1687 990 1733 precibus
1026 1688 1177 1722 obviare.
1214 1699 1387 1722 assensum
1423 1692 1559 1734 petitum
1595 1687 1657 1723 sibi
1689 1686 1880 1734 prebuimus
1916 1689 1950 1721 in
1987 1686 2049 1720 hac

197 1747 314 1790 sorma‚
345 1747 501 1781 videlicet
530 1747 614 1793 quod
644 1751 707 1781 iam
737 1749 843 1782 dictus
873 1748 1024 1783 dominus
1053 1749 1190 1783 illustris
1219 1749 1295 1782 Rex
1319 1748 1479 1783 Bolieniie
1506 1754 1539 1783 et
1557 1748 1705 1794 prefatus
1730 1747 1934 1782 venerabilis
1954 1751 2049 1793 pater

196 1808 348 1842 dominus
378 1808 558 1853 Pragensis
593 1811 774 1855 episcopus
809 1814 841 1843 et
876 1814 1078 1844 memoratus
1114 1809 1227 1843 Bruno
1260 1809 1450 1856 Episcopus
1479 1809 1712 1844 Oloniucensis
1746 1811 1779 1842 111
1815 1820 1898 1855 quos
1931 1807 2049 1851 libere,

197 1879 288 1902 inere
317 1873 350 1902 et
378 1881 461 1915 pure
490 1872 776 1915 compromisimus
806 1875 973 1915 tamquam
1001 1873 1035 1905 in
1063 1870 1191 1904 iudices
1220 1875 1276 1904 aut
1302 1870 1366 1904 dno
1395 1881 1510 1904 eorum
1539 1881 1645 1916 usque
1671 1869 1711 1903 ad
1736 1873 1876 1903 octavas
1897 1871 2050 1915 proxime

196 1932 466 1963 resurreccionis
496 1930 660 1964 dominice
686 1941 786 1976 super
811 1931 1032 1977 peticionibus
1059 1935 1090 1965 et
1116 1931 1391 1977 responsionibus
1411 1934 1581 1976 utriusque
1601 1933 1703 1977 partis
1723 1929 1782 1964 sub
1802 1932 1905 1975 ipsius
1926 1929 2050 1963 domini

196 1989 431 2023 Oloniucensis
470 1993 622 2036 episcopi
660 1995 772 2024 nostro
810 1996 841 2025 et
878 1991 1085 2025 dominorum
1113 1991 1158 2025 M.
1198 1996 1230 2025 et
1268 1992 1309 2026 al.
1348 1991 1511 2026 Comitum
1550 1992 1666 2036 sigillis
1707 1990 1844 2024 inclusis
1881 1994 1915 2023 et
1948 2000 2050 2036 super

196 2049 320 2083 iuribus
349 2052 453 2096 partis
483 2050 600 2084 diebus
629 2050 757 2085 seriatis
787 2056 818 2085 et
847 2063 914 2086 non
942 2052 1081 2095 feriatis,
1110 2052 1259 2098 partibus
1293 2052 1505 2098 presentibus
1542 2057 1575 2086 et
1602 2063 1668 2086 non
1695 2050 1911 2097 presentibus
1939 2052 2050 2084 citatis

197 2115 228 2144 et
256 2121 321 2144 non
351 2113 473 2153 citatis,
504 2111 687 2145 secundum
716 2115 767 2146 ius
797 2115 926 2159 possint
960 2117 994 2146 et
1027 2112 1172 2147 debeant
1206 2116 1396 2155 terminare,
1430 2116 1660 2160 promittentes
1694 2111 1754 2146 suh
1789 2122 1875 2158 pena
1910 2110 2048 2145 duorum

196 2169 332 2205 Millium
363 2183 549 2205 marcarum
578 2175 709 2217 argenti
738 2184 874 2217 quarum
905 2173 1066 2207 medietas
1094 2173 1270 2208 Judicibus
1300 2178 1333 2207 et
1361 2174 1423 2208 alia
1453 2173 1611 2207 medietas
1635 2175 1719 2218 parti
1745 2171 1940 2206 observanti
1959 2170 2049 2205 iudi-

198 2234 285 2264 cium
316 2232 501 2278 applicetur
527 2237 632 2266 ratum
662 2232 833 2268 babituros
863 2239 895 2267 ct
923 2234 1051 2268 firmum
1081 2234 1167 2280 quod
1201 2236 1374 2268 memorati
1407 2233 1530 2268 domini
1557 2233 1634 2267 Rex
1663 2237 1696 2266 et
1724 2234 1876 2279 episcopi
1903 2231 1959 2266 vel
1986 2230 2051 2265 duo

198 2302 315 2325 eorum
344 2303 446 2338 super
475 2293 570 2327 dietis
598 2293 788 2328 faciendum
818 2294 963 2328 dixerint
990 2306 1051 2340 pro
1087 2294 1204 2341 quibus
1233 2294 1445 2329 attendendis
1474 2298 1507 2328 et
1534 2292 1755 2327 observandis
1784 2292 1957 2336 dedimus‚.
1976 2296 2050 2336 tra÷

198 2351 338 2386 didimus
368 2357 399 2386 et
427 2357 704 2398 consignavimus
733 2357 765 2387 in
794 2366 910 2389 manus
939 2355 1120 2401 supradicti
1155 2355 1277 2390 domini
1311 2354 1544 2390 Olomucensis
1572 2353 1900 2401 Episcopi⁴nomine
1933 2351 2050 2399 prefa-

200 2417 306 2446 torum
337 2412 541 2447 dominoruin
572 2414 678 2459 Regis
708 2419 739 2448 et
768 2418 916 2461 episcopi
954 2415 1137 2460 Pragensis
1173 2427 1213 2449 ac
1248 2427 1308 2450 suo
1337 2415 1488 2450 Castrum
1523 2418 1671 2449 nostrum
1707 2414 1748 2448 de
1778 2412 2050 2449 Scharfenberch

197 2483 272 2506 cuni
301 2472 426 2507 retibus
462 2473 599 2508 Centum
635 2486 820 2509 mai-carnin
855 2476 1082 2521 aquilegensis
1122 2480 1266 2519 monete,
1302 2479 1529 2522 promittentes
1564 2475 1649 2521 quod
1685 2475 1835 2510 Castrum
1869 2478 1976 2521 ipsum
2009 2474 2050 2508 de

200 2536 373 2579 paciencia
408 2536 512 2580 ipsius
551 2535 673 2569 domini
705 2535 865 2582 Episcopi
901 2536 1133 2571 Oloniucensis
1167 2548 1274 2583 usque
1309 2537 1349 2571 ad
1386 2535 1592 2582 supradictas
1621 2541 1759 2571 octavas
1787 2537 2051 2570 resurreccionis

199 2593 365 2628 dominice
394 2605 455 2641 per
483 2605 544 2629 nos
573 2600 604 2629 et
632 2600 765 2630 nostros
795 2597 971 2639 violencia,
1006 2596 1123 2631 fraude
1155 2598 1210 2632 vel
1246 2597 1321 2632 dolo
1354 2608 1413 2631 seu
1445 2596 1544 2631 modo
1573 2598 1682 2644 aliquo
1711 2608 1775 2632 nec
1803 2599 1960 2644 occupari
1987 2607 2051 2631 nec
