2184 2828
1072 129 1143 164 128

186 250 254 281 suis
275 246 420 290 Juribus,
441 246 643 288 vtilitatibus‚
663 247 916 293 proprietatibus
936 251 968 281 et
987 247 1130 280 dominio
1151 257 1189 280 ac
1208 247 1409 291 generaliter
1429 258 1502 281 cum
1522 251 1591 282 suis
1610 249 1826 294 pertinencijs
1845 249 2025 291 vainei-sis.

185 318 394 353 quocumque
422 311 622 341 censeantur
649 310 784 341 nomine
812 312 844 341 et
871 310 903 341 in
932 307 1191 354 quibuscumque
1219 306 1318 342 rebus
1347 310 1530 342 consistant
1556 311 1627 342 iure
1647 308 1844 342 hereditario
1874 319 1914 341 ac
1942 319 2027 354 pro-

183 370 352 414 prietario,
382 373 477 414 prout
506 368 568 401 alia
597 367 683 401 bona
712 379 770 401 sua
799 371 943 414 propria.
973 367 1206 414 possidendam
1235 372 1394 414 perpetuo
1430 373 1463 402 et
1490 368 1686 406 habendam.
1717 368 1776 402 sub
1806 367 1964 402 oneribus
1993 372 2027 402 et

183 430 335 473 seruicijs
365 440 463 474 supra
493 430 678 473 expressis.
708 427 869 462 Votentes
905 428 1135 462 nichilominus
1171 428 1256 472 quod
1291 428 1407 462 eadem
1444 429 1519 463 villa
1555 429 1736 463 Wasanicz
1771 440 1845 462 cum
1874 428 2026 463 omnibus

184 492 253 523 suis
282 491 433 533 seruicijs
462 500 480 521 a
509 488 596 522 dicto
630 488 833 522 Monasterio
869 500 928 534 per
964 489 1177 523 Abbatissam
1214 493 1245 522 et
1278 488 1483 522 Conuentum
1521 490 1616 523 nullis
1644 500 1788 535 vnquam
1825 489 2027 535 temporibus

183 550 319 583 alienari
349 549 477 583 debeat.
509 548 545 582 Si
574 553 683 582 autem
711 549 797 594 quod
827 549 910 583 absit
938 549 1135 583 ineuitabilis
1165 560 1237 582 eam
1266 549 1401 583 alienari
1436 549 1534 583 faciat
1562 555 1593 583 et
1628 550 1802 595 compellat
1830 552 2026 592 necessitas,

183 615 307 644 extunc
335 611 396 644 alia
425 609 511 643 bona
540 610 699 656 predictis
728 610 823 643 bonis
852 612 885 643 iu
913 609 1095 643 lVasanicz
1124 609 1353 654 equivalencia
1374 613 1434 656 ipsi
1453 609 1656 644 Monasterio
1676 611 1750 643 loco
1770 610 1896 644 illorum
1919 612 2026 644 statim

183 673 349 715 assignari
384 670 535 704 volumus
572 682 632 716 per
666 670 877 704 Abbatissam
916 675 948 703 et
981 670 1199 712 Corniculum,
1235 670 1274 704 de
1309 670 1426 716 quibus
1459 682 1542 704 onus
1578 675 1609 703 et
1644 673 1820 704 seruicium
1855 670 2026 716 prehabita

182 732 278 766 nullis
309 730 563 765 succedentibus
593 730 794 776 temporibus
823 733 890 764 suis
918 730 1089 764 effectibus
1110 730 1353 764 defraudentur.
1384 731 1418 764 ln
1440 734 1531 764 cuius
1551 734 1597 764 rei
1619 734 1838 764 testimonium
1867 735 1899 764 et
1926 730 2028 765 robur

182 797 375 838 perpetuum
404 796 580 838 presentes
608 792 733 825 litteras
763 790 875 833 scribi,
906 795 936 825 et
965 794 1088 825 nostris
1109 803 1182 824 cum
1203 791 1462 837 subscriptorum
1484 791 1700 834 dominorum.
1722 791 1844 825 domini
1865 790 2028 825 Gerhardi

183 853 223 886 de
251 852 421 894 Chunstat.
453 852 631 895 Camerarij
662 851 774 885 Czude
801 851 1018 885 Brunnensis.
1041 851 1217 885 Tlieodrici
1238 851 1277 885 de
1298 852 1404 898 Spran
1426 852 1589 896 Czudarij,
1612 852 1778 886 Wznethe
1798 851 1838 885 de
1857 851 2026 895 Lemnicz‚

181 913 283 947 Pothe
313 913 353 947 de
388 911 651 959 Wyldenbereli,
687 911 857 957 Smylonis
886 911 926 945 de
963 911 1226 954 Luchtenburch,
1265 912 1417 947 Jesconis
1452 913 1492 946 de
1528 912 1772 947 Furstenberch
1807 917 1838 945 et
1871 912 2027 947 Jesconis

182 974 222 1008 de
251 974 390 1008 Crawar
419 973 554 1018 Sigillis.
586 975 638 1018 qui
670 984 707 1005 ea
730 972 769 1005 ad
790 976 935 1006 nostram
957 976 1149 1007 instanciam
1172 972 1380 1018 presentibus
1400 973 1638 1019 appenderunt.
1661 973 1800 1007 fecimus
1821 975 2026 1006 communiri.

182 1035 302 1068 Datum
323 1034 456 1068 Brunne
477 1034 577 1067 Auno
598 1033 719 1066 domiui
741 1033 913 1067 Millesimo
930 1034 1180 1067 Trecentesimo
1197 1033 1380 1067 Tricesimo
1397 1037 1547 1080 septimo.
1566 1034 1637 1067 llll.
1657 1033 1795 1067 Kalend.
1817 1032 2026 1067 Decembris.

490 1113 556 1144 (Das
582 1112 656 1145 (Νῆις.
683 1112 729 1137 auf
750 1113 869 1145 Pergam.
897 1114 938 1139 mit
963 1113 1006 1139 xl.
1029 1113 1144 1143 kleiuen.
1164 1116 1211 1145 ,eut
1228 1113 1379 1138 erhaltcuen
1402 1113 1522 1146 Sigilleu.
1543 1114 1575 1138 im
1599 1113 1713 1138 Arcbive
1734 1112 1876 1138 desselben
1895 1111 2028 1144 Klosters,

596 1166 627 1190 im
653 1173 685 1190 m.
711 1168 743 1190 st.
770 1165 980 1190 Landesarcbivc
1005 1165 1048 1191 Lit.
1075 1165 1105 1190 A.
1133 1173 1156 1190 n.
1184 1165 1247 1196 55.)

1060 1285 1160 1320 iel.

187 1365 294 1409 Papsc
323 1364 489 1398 Benede'cl
518 1364 601 1397 XII.
633 1363 829 1408 beaustrayl
858 1364 911 1397 (lz'e
942 1363 1103 1407 Bz'sclto'fe
1131 1375 1195 1396 ron
1227 1363 1355 1396 (umutz-
1384 1364 1448 1396 und
1476 1363 1599 1405 Posen.
1631 1364 1719 1396 darm
1748 1363 1811 1396 den
1830 1362 2029 1396 Bautzener

183 1425 353 1458 Declnml.
383 1425 445 1458 das
464 1425 607 1458 Islosler
628 1425 778 1457 [somenz-
803 1435 911 1468 (leyen
940 1424 993 1457 (Iz'e
1019 1424 1283 1468 Hertz-aelamyen
1311 1424 1369 1457 (les
1389 1423 1545 1467 Herzoys
1569 1423 1677 1457 Belesi·
1707 1436 1769 1457 ron
1788 1422 2028 1468 Miitcsterberq

235 1488 266 1519 in
297 1485 426 1519 Schulz
456 1497 495 1519 za
523 1485 672 1519 uelamen.
703 1485 761 1518 Dc.
792 1485 971 1520 Arim'one.
1003 1484 1084 1517 XII.
1116 1485 1291 1518 Kalendas
1317 1485 1481 1517 darana-ii
1510 1484 1589 1525 (31.
1622 1483 1830 1526 December)
1864 1483 1974 1517 1337.

338 1561 563 1615 Benedictus
592 1581 777 1626 Episcopus
809 1580 936 1614 Servus
964 1580 1146 1613 Servorum
1182 1580 1243 1613 Dei
1269 1579 1521 1613 Venerabilibus
1551 1579 1705 1613 fratribus
1737 1607 1742 1613 .
1775 1607 1781 1613 .
1813 1578 2028 1621 olomucensi

183 1648 215 1676 et
245 1671 250 1677 .
283 1671 288 1677 .
320 1643 536 1677 Posnaniensi
559 1642 743 1688 Episcopis.
767 1653 805 1675 ac
835 1642 953 1674 dilecto
983 1641 1046 1673 tilio
1077 1668 1083 1674 .
1115 1668 1121 1674 .
1153 1640 1288 1674 Decano
1317 1641 1460 1674 ecclesie
1490 1643 1520 1673 in
1552 1640 1695 1674 lludesin
1724 1639 1902 1674 Misnensis
1931 1639 2026 1674 Dioc.

185 1705 330 1737 Salutem
361 1709 392 1737 et
421 1704 647 1749 Apostolicam
678 1703 959 1736 Benedictionem.

339 1765 488 1798 Militanti
518 1765 661 1797 ecclesie
691 1764 764 1797 licet
794 1766 942 1796 immeriti
964 1763 1158 1808 disponente
1179 1762 1317 1796 Domino
1338 1761 1544 1807 presidentes
1565 1764 1652 1794 circa
1674 1772 1787 1794 curam
1808 1761 2026 1795 ecclesiarum

184 1832 215 1860 et
245 1827 520 1860 Monasteriorum
557 1828 700 1858 omnium
736 1824 867 1857 solertia
904 1824 1069 1857 reddimur
1110 1823 1275 1857 indefessa
1314 1822 1443 1859 soliciti.
1487 1827 1519 1855 ut
1555 1825 1644 1855 iuxta
1681 1821 1823 1854 debitmn
1853 1821 2027 1867 pastoralis

184 1888 281 1921 oflicii
319 1898 431 1920 eorum
474 1896 687 1919 occurramus
723 1884 901 1930 dispendiis
938 1889 970 1917 et
1006 1884 1206 1930 profectibus
1242 1883 1351 1916 divina
1393 1887 1594 1927 eoop‹.·1·ante
1639 1882 1810 1915 clementia
1854 1882 2029 1916 salubriter

186 1951 391 1985 intendamus
427 1976 433 1982 .
471 1948 560 1981 Sane
603 1946 793 1979 dilectorum
836 1945 971 1978 liliorum
1008 1973 1013 1979 .
1053 1973 1059 1978 .
1098 1945 1235 1978 Abbatis
1270 1948 1302 1976 et
1339 1943 1532 1976 Conventus
1571 1942 1760 1976 Monasterii
1800 1942 1840 1976 dc
1870 1943 2028 1975 Caiiientz

187 2012 419 2045 (isterciensis
449 2008 572 2041 ordinis
601 2006 886 2039 Wratislauiensis
917 2005 1070 2039 Dioeesis
1100 2008 1335 2050 conquestione
1365 2006 1573 2049 percepimus
1593 2004 1676 2047 quod
1699 2004 1773 2036 licet
1793 2002 2030 2036 Monasterium

187 2084 330 2118 persone
360 2083 397 2104 ae
427 2070 510 2102 bona
543 2067 682 2101 Abbatis
712 2072 744 2100 et
773 2066 964 2100 Conventus
994 2067 1213 2112 predictorum
1243 2064 1400 2098 deberent
1428 2063 1522 2109 plena
1553 2063 1702 2096 libertate
1730 2063 1891 2107 gaudere.
1920 2067 2029 2096 tamen

188 2133 324 2166 dilectus
354 2131 435 2164 lilius
465 2129 590 2163 Nobilis
621 2128 678 2161 Vir
708 2128 808 2160 Boleo
839 2127 912 2161 Dux
942 2127 982 2160 de
1011 2126 1245 2171 ll'lunsterberg
1273 2125 1357 2158 dicte
1386 2124 1530 2157 diocesis
1559 2124 1618 2157 sub
1648 2127 1741 2157 cuius
1770 2124 1913 2157 dominio
1941 2128 2031 2157 tem-

189 2193 288 2239 porali
325 2195 429 2238 ipsum
466 2190 703 2224 lllonasterium
739 2191 936 2223 consistere.
973 2200 1012 2220 ae
1056 2199 1169 2221 eorum
1211 2187 1294 2220 bona
1333 2185 1523 2230 temporalia
1561 2184 1682 2218 babere
1717 2185 1878 2223 dicuntur.
1915 2188 2029 2218 contra

188 2254 368 2287 libertatem
399 2252 661 2285 ecelesiasticam
691 2249 728 2282 ad
759 2251 953 2289 gravamina
973 2248 1167 2282 lllonasterii
1189 2247 1329 2281 Abbalis
1351 2250 1382 2279 et
1403 2246 1596 2278 Conventus
1618 2245 1835 2290 predictorum
1857 2244 2030 2278 intendens

191 2316 368 2357 Augurius.
391 2315 599 2346 exactiones.
623 2315 653 2343 et
674 2310 776 2343 tallias
798 2309 970 2351 indebitas.
992 2321 1031 2342 ac
1052 2312 1148 2342 etiam
1171 2307 1391 2354 importabiles
1411 2309 1460 2339 eis
1481 2309 1662 2351 imponere.
1682 2306 1817 2351 illasque
1837 2305 2028 2352 quibusdam

189 2374 342 2408 militibus
379 2378 409 2406 et
445 2373 516 2406 aliis
553 2370 735 2405 feudalibus
770 2373 837 2403 suis
873 2369 1058 2414 exigendas
1095 2374 1125 2402 et
1161 2367 1388 2415 percipiendas
1429 2369 1457 2399 in
1496 2371 1685 2411 perpetuum
1723 2366 1922 2400 hereditario
1959 2369 2030 2399 iure

189 2435 353 2475 conterre.
376 2446 413 2466 ac
435 2433 661 2466 nichilominus
682 2435 885 2465 exactiones.
909 2433 1062 2475 angarias
1084 2435 1113 2463 et
1136 2430 1240 2463 tallias
1260 2428 1381 2462 similes
1408 2427 1447 2460 ab
1474 2427 1598 2459 eisdem
1621 2427 1753 2460 Abbate
1782 2431 1814 2460 et
1841 2427 2028 2467 conventu,

190 2508 228 2530 ac
258 2495 469 2529 Monasterio.
502 2499 531 2527 et
562 2505 674 2526 eorum
706 2492 798 2525 bonis
827 2495 967 2533 exigere
997 2495 1025 2523 et
1057 2494 1206 2536 recipere
1236 2501 1296 2522 nee
1326 2499 1389 2521 non
1421 2488 1609 2521 familiares.
1632 2500 1746 2532 (quos.
1778 2493 1809 2521 et
1836 2491 2027 2521 venatores.

190 2568 302 2597 canes.
341 2560 372 2588 et
409 2555 560 2587 nonnulla
600 2555 660 2587 alia
699 2553 850 2586 animalia
887 2564 944 2585 sua
981 2551 1019 2584 ad
1057 2551 1237 2596 predictum
1273 2548 1509 2583 lllonasterium
1546 2548 1755 2593 depascenda
1792 2552 1823 2581 et
1857 2547 2027 2580 nutrienda

191 2617 308 2651 ibidem
339 2627 398 2661 pro
429 2617 529 2660 ipsius
566 2614 665 2647 Ducis
703 2613 908 2658 beneplacito
943 2612 1132 2645 eorumdem
1167 2610 1306 2644 Abbatis
1342 2613 1371 2641 et
1410 2609 1603 2642 l‘onventus
1639 2611 1795 2654 expensis
1831 2609 2032 2653 presumpsit.
