2184 2828
1036 156 1039 162 ·
1099 142 1171 177 564

214 265 433 304 contrarium,
464 260 745 306 (piilmscmnque,
775 270 873 305 quas,
905 263 936 292 et
965 269 1042 304 que.
1079 261 1233 303 quantum
1264 258 1303 291 ad
1333 258 1413 301 boc,
1443 258 1495 292 Ac
1522 263 1547 293 si
1577 260 1685 294 forent
1715 262 1919 302 nominatim,
1951 263 1983 293 et
2011 258 2052 293 de

215 323 319 356 verbo
349 322 388 355 ad
419 321 555 355 verbum
590 323 710 364 scripta
741 319 964 364 presentibus.
995 322 1025 351 et
1056 321 1192 360 inserta,
1222 318 1451 361 Reuocamus,
1481 330 1664 363 cassamus,
1695 320 1874 361 Irritamus,
1905 320 2052 353 Anulla-

214 394 303 416 mus.
340 387 373 416 et
405 382 445 415 de
479 381 563 413 (licta
593 379 745 413 Romane
775 379 900 423 Regie,
931 377 1150 424 plenitudine,
1181 382 1363 423 potestatis,
1394 378 1602 414 decernimus
1632 381 1791 414 firmitatis
1820 381 1891 414 sore
1920 380 2051 422 nullius,

214 446 361 489 penitus,
391 442 444 475 vcl
474 440 650 477 Momenti.
686 439 771 473 Nulli
809 450 890 478 ergo
925 441 1058 471 omnino
1088 437 1184 471 liceat
1212 437 1315 481 hanc,
1352 443 1467 472 nostre
1501 439 1737 479 Laudacionis.
1776 440 2050 481 Ratislicacionis,

214 502 491 548 Approlmciouis,
522 500 799 533 confirmacionis.
830 499 1044 533 Donat-ionis.
1074 497 1313 543 Reparacionis
1343 499 1576 544 supplementi.
1606 503 1904 546 interpretacionis,
1934 500 2052 533 decla-

213 565 367 597 racionis.
398 561 654 594 Rouocacionis.
686 560 907 593 Cass-actonis.
940 559 1155 600 lrritacionis,
1186 563 1218 592 et
1246 559 1487 597 Anullacionis.
1516 564 1670 606 paginam
1701 560 1895 604 infringere,
1925 560 1978 594 vel
2008 563 2049 601 ei,

212 624 308 657 Ausu
337 623 524 655 temerario.
555 623 587 654 111
616 620 736 664 Aliquo
766 622 943 652 contraire.
976 619 1186 652 Contrarium
1216 630 1297 652 vero
1326 618 1499 663 facientes,
1528 623 1554 654 si
1584 624 1636 665 qui
1665 620 1796 654 fuerint.
1828 620 1913 665 quod
1942 619 2051 661 Absit,

213 683 298 717 vltra
328 682 596 726 indignacionem
626 685 738 713 nostre
768 679 970 713 celsitudinis
1002 679 1167 712 Romane.
1202 689 1297 723 quam
1327 679 1368 713 ob
1398 679 1475 719 hoc.
1512 691 1549 714 se
1577 684 1731 714 nouerint
1759 683 1906 725 grauiter
1934 683 2052 714 incur-

211 753 319 778 suros„
348 741 438 776 Mille
466 741 620 775 Marelias
640 741 722 774 Auri
753 742 834 785 puri.
867 743 993 772 nostro.
1026 744 1058 772 et
1079 738 1220 772 Romani
1240 739 1348 783 Regni
1378 739 1460 774 fisco
1489 745 1697 786 componant.
1728 739 1877 787 Ipsarum
1898 740 2053 774 videlicet

212 802 433 836 Medietatem.
465 806 586 835 nostre.
617 806 648 834 et
677 811 909 833 successorum
939 804 1138 832 nostrorum.
1169 798 1392 833 Romanorum
1422 800 1569 845 Regum.
1601 806 1631 834 et
1660 801 1909 846 Imperatorum,
1941 799 2050 842 Curie,

212 875 270 897 seu
301 862 455 896 Camere.
488 866 519 895 et
549 861 739 906 Reliquam.
776 863 884 905 passis
914 859 1066 893 Iniuriam
1097 859 1371 893 Irremissibiliter
1402 860 1639 906 Applicandas.
1678 860 1712 894 In
1743 872 1879 906 quorum
1908 862 2051 894 omnium

211 926 445 957 testimonium.
477 927 507 955 ct
537 921 576 954 ad
606 920 833 954 certitudinem
864 921 1046 965 pleniorem
1068 924 1244 965 presentes
1274 919 1344 953 fieri
1363 923 1527 956 iussimus.
1559 926 1590 954 et
1609 926 1722 955 nostre
1742 921 1923 955 Maiestatis
1952 921 2051 965 sigilli

211 983 429 1029 Appensione
464 981 584 1015 Muniri
622 981 727 1014 Huius
762 980 821 1014 Rci
859 980 979 1014 Testes
1017 985 1091 1014 sunt
1127 1008 1133 1014 .
1172 979 1333 1014 Gerlacus
1362 1008 1369 1014 .
1398 981 1683 1027 Archiepiscopus
1718 981 1934 1026 Maguntinus
1964 983 2051 1015 sacri

212 1044 345 1089 Imperij
377 1054 436 1088 per
472 1042 682 1075 Germaniam
703 1040 1055 1074 ·A1·ehicancellarius.
1088 1040 1281 1086 Rodulphus
1316 1041 1435 1075 Senior
1465 1069 1472 1076 .
1502 1041 1577 1075 Dux
1611 1042 1761 1075 Saxonie
1796 1045 1882 1075 sacri
1917 1039 2049 1087 Imperij

212 1103 442 1138 marescalcus
477 1102 671 1147 Rodulphus
708 1101 825 1134 ι1113101·
863 1102 1032 1135 Saxonie.
1063 1106 1096 1134 et
1124 1100 1313 1135 Fridericus
1342 1101 1382 1135 de
1409 1101 1503 1135 Deck
1534 1129 1539 1135 .
1572 1130 1578 1135 .
1609 1102 1731 1136 Duces.
1761 1102 1933 1136 Johannes
1964 1102 2052 1135 Pur-

211 1167 347 1209 grauius
383 1162 678 1206 Nurnbergcnsis.
708 1162 840 1194 ericus
876 1161 1098 1205 lantgrauius.
1139 1161 1178 1195 de
1219 1161 1495 1207 lyugkemberch.
1534 1162 1741 1196 Fridericus.
1783 1162 1823 1196 de
1859 1161 2051 1205 Orlemnnd,

212 1223 344 1257 Vlricus
373 1223 414 1256 de
443 1222 661 1256 Helfenstain.
693 1226 723 1255 et
752 1221 944 1267 Rudolphus
974 1221 1014 1255 de
1043 1221 1207 1255 werthein
1239 1250 1245 1258 ,
1278 1249 1284 1256 .
1316 1221 1458 1256 Comites
1493 1222 1608 1256 Petrus
1642 1222 1683 1256 de
1712 1222 1832 1268 liewy.
1871 1222 1983 1256 Crafto
2012 1223 2052 1257 de

211 1284 351 1319 llolocli.
383 1282 551 1317 Gotfridus
580 1283 620 1316 de
649 1282 812 1316 Prunecli.
843 1282 1058 1316 Eberliardus
1088 1282 1129 1316 de
1157 1282 1309 1326 W'alkse.
1338 1282 1452 1327 Eglolf
1475 1282 1516 1316 de
1543 1282 1693 1327 Friberg.
1725 1288 1756 1316 et
1776 1282 1984 1317 Purcliardus
2012 1283 2053 1317 de

212 1344 366 1379 Elrbacli.
396 1343 538 1378 Romani
566 1343 675 1387 Regni
704 1342 822 1388 prefati
852 1342 1034 1388 Principes.
1066 1348 1097 1376 et
1118 1343 1270 1377 Barones
1299 1367 1309 1378 .
1338 1342 1456 1376 Datum
1482 1343 1590 1387 Prage
1609 1344 1709 1377 Anno
1739 1343 1859 1377 domini
1879 1343 2052 1377 Millesimo

213 1404 464 1438 Trecentesimo
488 1403 755 1447 Quadi-agesimo
786 1408 906 1437 octauo
926 1403 1119 1437 Indiccione
1148 1406 1252 1449 prima
1275 1431 1280 1437 .
1304 1402 1384 1437 VIIO
1412 1403 1488 1438 Idus
1508 1403 1632 1449 Aprilis
1652 1403 1845 1448 Regnorum
1866 1408 2052 1438 nostrorum

213 1465 314 1498 Anno
343 1464 504 1499 secundo.

520 1542 606 1575 (Nach
640 1543 714 1568 einer
743 1542 881 1569 Abscliril't
909 1544 942 1568 im
974 1542 999 1568 k.
1032 1543 1121 1569 bolun.
1153 1543 1271 1568 111356331
1295 1550 1347 1568 von
1372 1542 1430 1568 dem
1461 1541 1533 1576 Orig.
1559 1542 1607 1568 des
1632 1542 1657 1568 k.
1687 1542 1713 1570 k,
1738 1543 1852 1575 geht-im.
1879 1542 2054 1569 Hofarchives

626 1602 656 1620 zu
682 1594 786 1626 Wien.)

1087 1714 1190 1750 775.

215 1792 257 1826 Is.
289 1792 379 1825 Isarl
406 1792 426 1825 I
435 1791 468 1826 Γ.
498 1792 642 1826 erlflart.
674 1793 753 1826 dass
782 1793 844 1826 das
873 1792 1148 1837 illarhfflastlmm
1177 1792 1334 1835 Malli-en,
1364 1793 1425 1826 das
1447 1791 1598 1825 Be‘slleum
1622 1791 1752 1825 Olmiitz
1782 1793 1847 1826 mul
1874 1793 1936 1826 das
1956 1792 2055 1825 Her-

214 1853 369 1897 zogsllewn
395 1852 554 1896 Troppsm
575 1865 616 1886 za
636 1853 747 1886 Lelzen
778 1854 837 1886 cles
858 1853 1108 1897 Ismn'yreiclees
1128 1853 1278 1887 Bo'lemeu
1308 1852 1396 1886 nac-h
1415 1853 1485 1886 dem
1512 1852 1707 1888 Wortlaute
1735 1853 1796 1886 der
1819 1852 1977 1886 Urlmnde
1997 1853 2056 1886 des

214 1925 297 1946 rom.
327 1913 370 1946 K.
398 1913 577 1946 Friedrich.
605 1914 850 1958 znuqeeramlelt
878 1914 1011 1948 worden
1032 1914 1116 1947 siml.
1148 1913 1206 1947 Dt.
1228 1914 1354 1958 Pragye,
1384 1912 1455 1947 I'Il.
1477 1912 1556 1946 Idus
1572 1913 1705 1957 Aprilis
1727 1915 1747 1955 ζ
1752 1913 1781 1946 7.
1799 1913 1920 1957 April)
1945 1912 2054 1947 1348.

359 1988 532 2042 Karolus
554 2007 605 2041 dei
630 2011 744 2052 gracia
765 2008 990 2042 Romanorum
1011 2008 1086 2042 Rex
1113 2019 1246 2054 semper
1264 2009 1446 2054 AugustuS,
1468 2012 1500 2041 et
1519 2007 1656 2041 Boemie
1676 2007 1750 2042 Rex
1767 2035 1774 2041 .
1791 2008 1843 2042 Ad
1865 2013 2057 2054 perpetuam

215 2067 275 2101 Rei
296 2067 502 2101 Memoriam.
557 2067 631 2102 Non
666 2069 813 2103 modicos
842 2069 929 2103 fame
949 2072 1163 2115 preconantis
1183 2069 1318 2115 11111105,
1350 2068 1497 2103 Moderni
1524 2072 1680 2114 temporis
1701 2073 1848 2102 meretur
1866 2072 2056 2115 posteritas,

215 2132 241 2163 si
271 2129 356 2174 quod
386 2128 663 2174 predecessorum
693 2133 887 2164 instaurauit
924 2129 1087 2164 laudanda
1125 2133 1271 2176 prouisio
1306 2130 1452 2174 uigilanti
1486 2139 1565 2162 cura
1599 2132 1828 2174 prosequitur.
1868 2134 1900 2163 et
1939 2128 2057 2163 talibus

215 2188 353 2234 prouide
388 2192 704 2235 circumspeccionis
742 2194 845 2224 munit
879 2191 1050 2234 sotei-cus,
1092 2195 1125 2224 ut
1161 2190 1332 2224 fructuose
1372 2188 1500 2223 cautele
1542 2188 1661 2222 ducatu
1703 2189 1910 2234 preambulo,
1948 2192 2058 2223 uiuaci

217 2248 463 2283 Successorum
499 2252 660 2283 memorie
693 2250 959 2285 commendetur.
999 2251 1104 2293 Sane,
1117 2261 1192 2284 611111
1219 2253 1370 2295 insignes
1398 2253 1430 2282 et
1455 2248 1623 2293 Magnifici
1653 2249 1871 2296 Principatus,
1901 2249 2058 2283 uidelicet

216 2308 436 2355 Episcopatus
467 2309 713 2353 Olomucensis,
743 2310 994 2345 Marchionatus
1022 2310 1185 2354 Morauie,
1216 2315 1247 2345 et
1274 2310 1421 2344 Ducatus
1451 2308 1611 2354 Oppauie,
1641 2309 1741 2354 longo
1770 2313 1834 2344 iam
1863 2314 1895 2344 et
1921 2313 2056 2356 antiquo

217 2373 375 2413 temporis
405 2375 512 2403 tractu
542 2382 560 2404 a
591 2369 688 2403 Clare
716 2371 878 2405 Memorie
908 2371 1093 2405 111351111135
1122 2372 1198 2405 011111
1227 2370 1393 2415 Regibus,
1423 2374 1455 2402 et
1483 2369 1631 2403 Ducibus
1661 2370 1814 2414 Boemie,
1844 2371 1919 2405 01131
1948 2370 2056 2404 eidem

217 2428 337 2472 Regno
366 2429 505 2464 Boemie
534 2430 791 2476 presidentibus.
822 2437 853 2465 et
873 2444 890 2466 a
912 2431 1055 2475 Corona,
1085 2443 1125 2465 36
1154 2432 1298 2465 dominio
1318 2430 1424 2474 Regni
1453 2429 1570 2474 prefati
1590 2433 1621 2463 in
1643 2430 1775 2465 feudum
1795 2442 1927 2477 semper
1954 2430 2056 2464 habiti

218 2487 339 2521 fuerint
359 2494 390 2522 et
409 2494 571 2536 possessi,
602 2495 634 2524 et
652 2490 873 2526 Venerabiles
896 2492 1128 2526 Olomucensis
1147 2492 1301 2526 Ecclesie
1320 2491 1507 2526 Antistites.
1529 2501 1658 2525 necnon
1678 2490 1824 2526 Illustres
1843 2490 2056 2526 Marchiones

218 2547 380 2592 Morauie,
411 2555 441 2583 et
472 2550 624 2597 Oppauie
652 2551 778 2595 Duces,
808 2553 884 2586 olim
913 2552 1049 2586 Boemie
1078 2552 1226 2598 Regibus
1255 2556 1287 2585 et
1314 2549 1470 2585 Ducibus.
1502 2550 1774 2595 Progenitoribus
1803 2556 1834 2586 et
1862 2551 2056 2586 Predeces-

218 2608 349 2644 soi-ibus
387 2614 509 2645 nostris
546 2615 577 2645 in
615 2615 836 2658 suscepcione
870 2613 1044 2647 feudorum
1078 2617 1110 2647 et
1137 2616 1169 2647 13
1198 2612 1289 2656 alijs,
1325 2622 1388 2656 que
1423 2610 1461 2644 ad
1492 2612 1672 2646 uasallatus
1708 2617 1856 2658 spectant
1886 2612 2055 2658 obsequia,
