2184 2828
1075 115 1146 148 150

184 241 422 283 compatronos
450 235 594 269 ecclesie
624 236 654 267 in
674 232 870 267 Miculouicz
899 243 998 278 super
1026 234 1291 277 iurepatrouatus
1320 230 1463 265 ecclesie
1490 233 1521 264 in
1541 230 1737 264 Miculouicz
1757 229 1875 263 fuisset
1895 228 2028 263 suborta

187 299 324 331 materia
354 298 547 342 questionis.
578 293 727 328 Tandem
755 292 875 327 habitis
903 296 988 326 inter
1020 302 1080 325 nos
1115 289 1282 336 prelibatis
1317 290 1508 324 tractatibus
1542 289 1768 324 amicabilibus
1797 293 1829 322 et
1857 289 2030 323 certitudi-

188 358 307 392 naliter
336 356 511 402 vtrobique
540 354 717 397 informati,
753 354 1009 399 Juspatronatus
1045 352 1130 385 dicte
1165 351 1310 385 ecclesie
1344 354 1375 384 in
1412 351 1622 385 Miculowicz
1659 350 1698 383 ad
1735 360 1795 383 nos
1831 352 1861 382 in
1891 349 2028 383 solidum

187 423 252 452 tam
288 429 332 451 ex
367 417 581 451 ordinacione
618 417 750 460 antiqua
787 424 883 459 quam
921 416 1027 446 eciam
1061 423 1104 445 ex
1140 414 1363 445 instrumentis
1395 431 1435 435 —
1467 416 1528 445 etc.
1566 414 1633 444 wie
1667 410 1764 451 oben,
1794 409 1843 443 his
1863 409 2028 455 ydoneum

188 479 285 512 lilium
308 488 415 511 meum
436 478 633 510 vnanimiter
664 496 704 499 —
731 479 793 508 etc.
815 474 864 507 bis
884 475 1080 517 contingerit
1100 475 1166 505 wie
1185 471 1270 505 oben
1291 499 1298 506 .
1321 471 1414 506 Tunc
1434 471 1549 517 prefati
1570 471 1691 504 domini
1712 470 1820 503 Sboro
1846 473 2030 515 prepositus

188 544 221 573 et
250 538 384 572 Boczko
414 541 468 570 aut
503 547 617 570 eorum
648 535 788 569 heredes
823 539 855 567 et
892 544 1107 567 successores
1142 532 1289 576 legittimi
1324 532 1363 565 ad
1400 535 1502 577 ipsam
1538 532 1713 565 ecelesiam
1750 533 1781 564 in
1819 529 2031 564 Mikulowicz

188 602 331 645 poterint
359 603 390 631 et
418 597 585 630 debebunt
613 599 714 642 partis
744 595 885 629 aduerse
921 597 1037 640 quouis
1073 592 1301 638 impedimento
1329 597 1484 626 cessante
1512 603 1550 625 ac
1580 595 1651 625 siue
1680 593 1902 636 requisicione
1929 590 2032 624 libere

188 664 394 706 presentare.
425 658 506 691 Cum
536 662 644 691 autem
674 656 875 702 sepedictam
903 655 1079 688 ecclesiam
1113 657 1143 687 in
1178 652 1388 687 Mieulowicz
1422 664 1481 698 per
1516 657 1652 686 mortem
1682 654 1825 697 ipsorum
1854 654 2031 696 presentati

189 725 244 754 aut
282 730 489 765 quocumque
524 718 620 751 modo
656 728 781 750 vacare
815 718 1024 760 contingerit.
1060 726 1103 748 ex
1139 718 1215 747 tunc
1249 724 1309 747 nos
1343 713 1448 746 Hinco
1488 717 1519 746 et
1553 712 1695 745 heredes
1738 723 1776 745 ac
1817 722 2032 746 successores

189 783 291 814 nostri
322 780 470 824 legittimi
500 778 539 811 ad
568 781 672 824 ipsam
703 776 878 810 ecclesiam
906 778 937 809 in
966 775 1174 809 Miculowicz
1202 773 1392 807 debebimus
1420 778 1452 807 et
1480 772 1663 807 tenebimur
1691 776 1784 818 parte
1813 772 1914 806 altera
1943 775 2032 805 irre-

189 843 306 886 quisita
343 840 492 873 similiter
527 842 735 884 presentare,
774 841 806 870 et
841 839 888 870 sic
924 839 1009 869 inter
1045 846 1104 869 nos
1143 846 1181 868 ac
1216 834 1355 868 heredes
1391 838 1423 867 et
1451 833 1614 879 quoslibet
1649 837 1779 866 nostros
1817 843 2031 866 successores

190 901 367 947 vtrobique
397 902 607 946 presentaeio
645 900 791 931 vicissim
831 899 999 943 perpetuis
1029 895 1228 941 temporibus
1257 895 1296 928 ad
1325 894 1501 928 ecelesiam
1533 897 1562 927 in
1583 893 1780 927 Mieulouicz
1801 892 2033 927 inuiolabiliter

191 963 347 996 decetero
378 959 551 1006 pertinebit
580 962 610 992 111
638 969 776 1004 quorum
805 960 947 990 omnium
977 958 1196 990 testimonium
1217 959 1402 1001 presentem
1423 955 1548 988 literam
1570 956 1763 999 premissam
1783 953 2033 988 ordinacionem

192 1025 415 1057 continentem
445 1032 504 1066 per
532 1019 774 1064 infrascriptum
805 1017 967 1064 publicum
998 1020 1157 1050 notarium
1187 1015 1285 1050 scribi
1311 1020 1342 1049 et
1362 1015 1477 1059 sigillis
1498 1013 1736 1047 honorabilium
1757 1016 1902 1047 virorum
1923 1014 2033 1048 domi—

190 1094 306 1118 norum
337 1081 557 1115 Bai-tholomei
587 1079 811 1113 archidiaconi
841 1078 1080 1119 Prerouiensis,
1110 1076 1282 1110 Miculonis
1310 1075 1468 1119 Ratiborij
1499 1079 1530 1109 et
1558 1075 1764 1109 Swirczonis
1792 1074 2033 1108 Canonicorum

193 1143 462 1177 Olouiucensium
483 1153 521 1174 ac
541 1140 705 1174 Nobilium
727 1142 872 1173 virorum
892 1139 1096 1173 dominorum
1118 1137 1251 1171 Henrici
1271 1136 1311 1170 de
1331 1135 1597 1180 Schenkenberg
1617 1134 1780 1168 Gerhardi
1801 1134 1842 1168 de
1863 1134 2033 1169 Bucowan

193 1204 338 1245 militum,
370 1202 504 1236 Stihorii
534 1201 574 1234 de
603 1200 782 1234 Nona-hier,
816 1204 848 1233 et
877 1199 1031 1233 Stanislai
1068 1199 1107 1232 de
1143 1197 1329 1231 Dobronicz
1358 1199 1609 1243 procurauiimis
1639 1200 1670 1229 ct
1698 1198 1874 1241 petiuimus
1902 1206 2035 1240 vinaque

193 1275 266 1297 cum
297 1267 409 1297 nostro
438 1262 545 1307 sigillo
576 1264 607 1294 in
635 1260 735 1294 robur
763 1264 922 1306 perpetue
951 1260 1109 1293 iirmitatis
1139 1260 1340 1291 comnmniri.
1371 1258 1489 1291 Actum
1520 1261 1551 1290 et
1577 1256 1685 1290 datum
1709 1256 1867 1289 Olomucz
1887 1258 1917 1289 in
1939 1255 2035 1290 domo

193 1323 405 1358 Honorabilis
441 1325 504 1357 viri
542 1322 662 1355 domini
699 1321 859 1354 Shoronis
895 1322 1049 1366 prepositi
1094 1319 1229 1364 predicti
1270 1318 1368 1351 Anno
1409 1317 1529 1351 domini
1571 1316 1743 1350 Millesimo
1785 1316 2036 1350 Trecentesimo

193 1384 398 1419 xxxwir'.
430 1383 612 1417 Indictione
641 1381 697 1415 Vl.
729 1381 779 1414 die
810 1380 917 1415 XXV.
947 1383 1068 1414 mensis
1097 1380 1172 1423 Julij
1204 1378 1412 1412 l'ontil'icatus
1443 1405 1448 1411 .
1483 1405 1488 1410 .
1519 1382 1581 1411 ete.
1613 1380 1679 1410 wie
1707 1376 1792 1410 oben
1820 1376 1870 1410 his
1899 1376 2035 1411 Andrea

193 1446 388 1492 presbitero.
419 1444 582 1478 Michaele
612 1445 739 1476 notario
775 1441 902 1488 publico
940 1446 972 1474 ct
1005 1441 1077 1484 alijs
1106 1440 1251 1486 pluribus
1285 1438 1419 1472 testibus
1456 1437 1662 1483 presentibus
1701 1437 1876 1481 lidedignis
1905 1440 2035 1472 vocatis

193 1506 233 1540 ad
255 1505 316 1541 hoe
337 1504 526 1551 specialiter
546 1508 576 1537 et
597 1505 732 1547 rogatis.
764 1502 804 1536 Et
832 1514 896 1546 ego
917 1501 1073 1535 Nicolaus
1093 1500 1256 1546 quondam
1277 1499 1360 1533 Petri
1378 1526 1384 1532 .
1404 1526 1410 1532 .
1428 1503 1490 1532 ete.
1514 1501 1579 1531 wie
1600 1498 1696 1532 oben.
1728 1497 1769 1532 Et
1788 1508 1852 1542 ego
1871 1496 2035 1531 Michahel

195 1566 392 1601 Theoderici
422 1569 485 1598 etc.
515 1567 582 1597 wie
611 1563 706 1597 oben.

500 1643 567 1673 (Das
585 1643 658 1674 (aaz.
678 1642 723 1668 aus
737 1642 895 1675 Pergament
913 1642 957 1666 mit
974 1642 990 1665 9
1006 1641 1127 1673 Sigilteii,
1149 1648 1201 1665 von
1218 1640 1302 1665 denen
1320 1639 1366 1665 das
1385 1639 1411 1664 11.
1431 1638 1504 1666 fehlt,
1519 1639 1550 1663 im
1568 1638 1683 1663 Art-inve
1697 1637 1744 1663 der
1758 1637 2036 1663 rramonstratenser-

607 1695 684 1720 Abtci
710 1703 749 1720 am
775 1694 898 1719 strahow
924 1701 953 1718 zu
978 1693 1054 1725 l‘rag.
1081 1692 1173 1718 xxttl.
1200 1692 1232 1717 Α.
1259 1691 1301 1723 Τ.)

1059 1812 1165 1847 206.

193 1895 380 1939 ΜηνΙεφ-ηῙ
403 1894 491 1927 [sm-l
519 1893 654 1937 lufivhl!
683 1893 754 1926 dem
785 1891 946 1924 Zum'mer
975 1891 1203 1935 Bnryqrafen,
1232 1889 1311 1923 dass
1339 1899 1376 1921 er
1405 1888 1458 1921 die
1489 1887 1647 1920 Bes-itam·
1680 1887 1740 1921 dei·
1769 1886 1946 1920 iuuet-laath
1974 1886 2035 1920 cler

193 1958 328 1989 Gra'uze
356 1956 417 1988 der
445 1954 658 1987 Selmlltmer
687 1952 815 1986 Isim-lie
841 1952 1026 1996 yeleyenen
1062 1951 1283 1995 {Veinqc'lrlen
1312 1960 1373 1982 z-m'
1392 1947 1602 1991 Alislallnny
1631 1948 1690 1980 des
1717 1947 2035 1982 lVee'u-Zelu’udes

225 2029 267 2050 (ιη
297 2017 358 2049 [las-
389 2015 543 2048 nrm-lter
573 2015 713 2047 li'coster
743 2013 906 2047 rerlmlte.
938 2012 995 2046 Di.
1027 2013 1185 2056 Steoyme,
1220 2012 1252 2044 iu
1280 2010 1432 2043 erastino
1461 2008 1491 2041 b.
1522 2008 1622 2041 Anne
1653 2008 1734 2048 (27.
1763 2007 1855 2048 Anti)
1891 2006 1998 2041 1338.

337 2091 508 2145 Karolus
537 2109 656 2142 domini
680 2136 685 2142 .
710 2136 715 2142 .
739 2108 842 2152 Regis
872 2108 1007 2141 Boemie
1028 2107 1283 2151 l'rimogcnitus,
1303 2103 1452 2138 Μαι-(31110
1471 2103 1632 2139 Morauie.
1662 2103 1746 2136 lideli
1776 2114 1835 2136 suo
1856 2102 1974 2136 dilecto
1995 2129 2002 2136 .
2025 2129 2032 2136 .

193 2172 394 2206 l'urchrauio
425 2172 639 2216 Snoymensi.
675 2172 727 2214 qui
764 2180 849 2202 nune
885 2173 946 2207 est,
982 2173 1014 2201 et
1048 2170 1101 2213 qui
1137 2178 1195 2213 pro
1232 2171 1378 2211 tempore
1413 2164 1521 2200 suerit.
1559 2163 1713 2197 (irat-iam
1749 2174 1840 2197 suam
1876 2167 1910 2197 et
1937 2173 2035 2197 omne

194 2232 324 2266 bonum.
355 2232 532 2273 Querelam
562 2230 678 2264 Deuoti
709 2232 811 2263 nostri
841 2229 949 2263 dilecti
977 2228 1139 2262 ,lobannis
1174 2226 1314 2261 Abbatis
1349 2224 1521 2264 Lucensis,
1557 2226 1758 2269 accepimus,
1797 2227 2033 2265 continentem,

194 2292 288 2334 Quod
325 2293 469 2326 nonnulli
507 2291 686 2325 Vinearum
723 2290 874 2323 Cultores
909 2289 1047 2329 Vineas,
1085 2288 1167 2322 inl'ra
1212 2287 1329 2321 limites
1364 2284 1514 2318 Ecca—sic
1550 2287 1580 2317 in
1619 2284 1776 2317 Schatow
1815 2283 2033 2330 possidentes,

194 2353 348 2387 Decimas
384 2353 489 2386 eidem
528 2351 689 2393 Ecclesie,
727 2354 851 2395 ipsique
889 2377 895 2383 .
934 2376 941 2383 .
976 2349 1110 2387 Abbati,
1147 2349 1188 2382 de
1223 2347 1337 2381 Vincis
1371 2345 1495 2379 eisdem
1530 2344 1667 2385 debitas,
1704 2349 1779 2378 ante
1815 2348 1944 2379 montes
1972 2343 2033 2378 sibi

194 2413 325 2448 soluere
354 2413 579 2446 contradicunt
610 2439 615 2445 .
648 2411 742 2444 Vnde
771 2411 824 2443 tihi
854 2409 1060 2456 presentibus
1089 2409 1234 2443 districte
1269 2406 1471 2448 mandanms,
1508 2405 1658 2438 volentes
1687 2408 1832 2447 omnino,
1862 2404 2033 2446 Quatenus

195 2474 278 2508 tales
307 2473 470 2507 violentos
499 2473 699 2506 decimarum
731 2471 912 2505 huiusmodi
945 2475 1142 2512 retentores,
1172 2480 1248 2502 mox
1277 2467 1349 2501 dum
1381 2477 1480 2511 super
1509 2465 1569 2498 hoc
1591 2477 1648 2510 pei·
1668 2465 1786 2499 dictum
1809 2493 1815 2499 .
1838 2492 1845 2499 .
1866 2464 2032 2499 Abbatem

194 2536 343 2568 extiteris
379 2535 567 2577 requisitus,
605 2532 729 2578 absque
762 2532 934 2573 dilacione,
970 2535 1084 2565 nostra
1127 2531 1318 2564 auctoritate
1351 2537 1498 2565 moneas,
1544 2530 1575 2559 et
1616 2529 1776 2571 requiras,
1814 2530 1849 2559 vt
1888 2524 2033 2559 decimas

194 2598 296 2641 ipsas,
326 2593 412 2626 dieto
433 2592 564 2633 Abbati,
597 2597 629 2626 vt
657 2592 812 2633 creditur,
842 2592 979 2634 debitas,
1001 2589 1137 2634 Nuncijs
1169 2592 1237 2624 suis
1266 2587 1390 2632 absque
1419 2589 1597 2620 occasione
1626 2586 1780 2632 qualibet,
1807 2590 1882 2620 ante
1901 2584 2032 2619 Montes
