2184 2828
1061 132 1134 164 926

1048 351 1155 385 352.

173 432 392 475 0...l=·01n2q
419 443 482 465 ron
515 430 666 463 Bolanum
695 428 817 473 hesi-eil
846 430 899 462 die
928 429 1031 461 Slazt!
1062 428 1181 461 Znaim
1218 428 1335 472 helmjs
1372 429 1464 461 ihrer
1506 429 1682 473 Erlaeolunq
1717 442 1777 463 ron
1813 431 1874 464 den
1911 431 2022 464 vielen

170 493 353 527 erlittenen
381 492 539 525 Sclm'den
569 491 635 533 auf
656 491 731 523 drei
756 490 866 523 Jalare
894 501 956 521 mm
987 489 1077 522 allen
1106 489 1301 523 Kollelflen.
1335 490 1459 522 Zinsen
1489 490 1554 522 wid
1588 490 1874 535 Mautbobyaben.
1906 491 1944 524 O.
1975 490 2020 525 D.

968 549 1006 582 0.
1037 551 1103 583 und
1130 550 1229 583 laser.

325 613 413 666 Nos
443 632 552 665 O.dci
580 634 692 676 gracia
722 636 786 663 etc.
817 634 928 663 notum
957 629 1027 662 ficri
1058 629 1209 662 volumus
1238 634 1301 662 etc.
1333 628 1426 668 Quod
1464 628 1715 663 considerantes
1754 629 1927 663 Civitatem
1955 640 2023 664 no-

169 700 269 730 stram
299 693 481 738 Zuoymam
516 692 659 725 faciente
694 692 821 725 malicia
858 695 1038 735 temporum
1069 690 1200 723 multam
1237 682 1429 734 pei-passam
1468 689 1537 722 l'ore
1573 693 1769 733 gravamina
1799 694 1833 723 et
1860 694 2018 724 vexatam

171 754 368 788 multimodis
398 753 593 788 satisfacere
627 753 873 797 subpressuris„
912 755 945 784 ut
977 751 1092 783 eadem
1129 750 1254 784 Civitas·
1295 750 1402 783 valcat
1442 750 1585 783 revelari
1621 755 1653 783 et
1690 750 1825 783 remedii
1863 752 2023 796 suscipiat

171 815 342 849 auxiliaris
371 813 567 859 compendia
596 812 657 846 sibi
685 813 725 845 de
754 811 908 845 munilice
938 811 1142 844 liberalitatis
1173 815 1284 843 nostre
1309 814 1421 854 gracia
1444 810 1658 856 providentes
1679 822 1695 843 a
1717 811 1791 844 data
1812 814 2023 856 presencium

170 886 276 921 usque
310 886 367 920 per
403 877 496 907 trium
532 884 691 907 annorum
725 875 873 917 spacium
907 874 1107 905 continuatis
1144 870 1347 916 temporibus
1382 871 1639 916 percomplelum
1670 871 1810 904 eandem
1847 870 2021 905 Civitatem

171 936 212 969 ab
241 939 328 968 ouini
358 935 497 968 collecta
528 935 581 967 vel
611 944 732 966 cousus
762 937 793 965 et
822 931 966 965 thelonei
997 943 1055 976 per
1084 936 1185 965 totum
1216 943 1355 976 regnum
1386 937 1532 965 nostrum
1562 936 1659 977 atque
1688 934 1881 965 exaccionis
1905 934 2022 965 cuius—

170 996 248 1030 libet
276 996 492 1029 exsolucioue
522 997 696 1027 eximimus
726 998 758 1026 et
789 996 953 1026 inmunem
983 993 1189 1026 redderimus
1219 1004 1278 1038 per
1307 996 1482 1037 presentes
1513 997 1544 1025 ct
1574 997 1608 1026 ut
1636 996 1726 1025 tanto
1756 992 1883 1026 facilius
1907 996 2023 1026 tanto-

169 1068 233 1103 que
271 1056 385 1090 melius
421 1060 451 1089 in
489 1059 595 1089 status
638 1054 782 1087 melioris
817 1057 1060 1086 continenciam
1103 1053 1280 1086 reducatur
1315 1053 1354 1085 dc
1390 1052 1629 1086 habundaeiori
1666 1058 1780 1087 nostre
1814 1052 2022 1088 liberalitatis

171 1117 311 1151 fructum
340 1117 393 1150 vel
424 1121 573 1162 questum
603 1115 710 1149 iudicii
740 1118 771 1148 in
802 1114 917 1147 eadem
947 1117 1082 1147 civitate
1111 1118 1143 1147 et
1172 1114 1313 1147 officium
1344 1114 1419 1146 illud
1440 1114 1525 1159 quod
1548 1116 1708 1159 scivtamp
1729 1114 1914 1157 vulgariter
1933 1124 2023 1147 nun—

170 1183 308 1223 cupatui·
345 1180 407 1223 ipsi
443 1176 574 1210 Civitati
610 1187 628 1209 a
663 1175 865 1222 prelatorum
906 1177 999 1208 trium
1031 1185 1192 1207 annorum
1228 1180 1353 1219 tempus
1383 1177 1537 1207 continue
1567 1174 1844 1207 numerandorum
1874 1173 2023 1207 similiter

171 1238 325 1272 duximus
354 1237 617 1271 concedendum.

1051 1399 1157 1435 383.

175 1481 219 1514 0.
238 1507 245 1513 .
264 1480 394 1523 ,Kom'y
427 1490 492 1513 ron
526 1479 679 1512 Bohmen
714 1478 837 1521 befreit
870 1479 932 1511 das
960 1477 1058 1511 Hans
1093 1478 1153 1511 der
1186 1478 1427 1511 Isrenz-lwrren
1457 1489 1498 1511 zu
1529 1477 1642 1510 Brmm
1672 1478 1737 1520 auf
1758 1479 1811 1510 ein
1838 1477 1929 1510 Jalar
1955 1488 2021 1510 von

171 1541 262 1574 allen
292 1540 474 1574 It'ollelcten
506 1540 572 1572 und
599 1539 629 1572 Ιε.
665 1539 990 1583 Diemtleistnnyeu„
1026 1539 1114 1571 dome
1146 1550 1211 1571 *non
1247 1539 1307 1571 der
1344 1538 1639 1572 Gericltlsbarlieit
1668 1538 1729 1571 der
1758 1538 1960 1571 [stimmerer
1987 1539 2021 1571 in

710 1600 854 1633 Mala-en
884 1611 915 1632 u.
946 1611 972 1632 s.
1003 1610 1042 1632 w.
1076 1599 1112 1632 0.
1145 1598 1188 1632 D.
1222 1599 1260 1632 Ο.
1292 1600 1357 1631 med
1383 1599 1482 1632 Jahr.

329 1659 461 1712 (Jdei
490 1681 603 1723 gracia
633 1682 694 1711 etc.
726 1681 894 1712 universis
924 1683 1073 1711 tenorem
1102 1680 1312 1722 presencium
1342 1680 1568 1723 perspecturis
1588 1680 1734 1721 graciam
1756 1688 1849 1710 suam
1874 1681 1907 1710 et
1926 1687 2023 1710 omne

173 1740 306 1781 bonum,
336 1740 474 1784 gloriosi
503 1742 658 1785 prosequi
687 1739 886 1773 credidimus
916 1741 1027 1784 operis
1063 1740 1254 1784 accionem7
1290 1741 1316 1772 si
1355 1739 1436 1772 locis
1469 1738 1605 1783 reliogis
1621 1737 1666 1783 (t)
1704 1748 1767 1783 que
1805 1740 2023 1771 serviciorum

174 1801 366 1847 plerumque
405 1805 590 1834 nostrorum
627 1802 852 1844 ingemiscunt
888 1799 947 1833 sub
986 1809 1088 1832 onere
1124 1798 1266 1832 iocunde
1301 1800 1547 1833 consolacionis
1581 1809 1682 1845 opere
1716 1801 1958 1844 succurrimus7
1996 1801 2023 1831 si

174 1873 311 1907 quorum
340 1864 537 1905 gravamina
565 1865 660 1905 grate
689 1862 1018 1906 recompensacionis
1047 1858 1196 1892 remedio
1224 1860 1427 1903 relevamus,
1457 1864 1490 1893 ut
1518 1863 1617 1905 igitur
1645 1859 1760 1893 domus
1785 1857 2023 1892 cruciferorum

175 1921 212 1955 d.
233 1926 297 1955 ,et.
318 1932 398 1967 .que
428 1921 467 1955 ad
497 1932 720 1967 expensarum
751 1926 951 1965 nostrarum,
981 1931 1062 1966 quas
1091 1920 1226 1955 Brunue
1256 1920 1317 1954 hiis
1346 1920 1550 1967 temporibus
1579 1920 1716 1954 fecimus
1749 1918 1929 1953 subsidium
1957 1929 2024 1964 ge-

175 1987 292 2016 nerate
321 1982 443 2015 fuerint
471 1985 505 2015 et
532 1982 665 2016 valeant
693 1993 751 2027 per
779 1981 947 2015 liberalem
976 1984 1090 2026 gracie
1119 1986 1234 2016 nostre
1263 1981 1493 2027 compendium
1522 1982 1667 2015 relevari
1694 1983 1742 2014 eis
1771 1991 1845 2014 cum
1874 1979 2024 2014 omnibus

175 2047 206 2076 et
235 2042 434 2087 quibuslibet
462 2045 648 2076 attinenciis
677 2045 822 2088 ipsarum
851 2054 868 2076 a
899 2042 973 2076 data
1001 2046 1212 2088 presencium
1242 2054 1302 2089 pcr
1329 2046 1425 2077 unius
1456 2046 1532 2076 anni
1568 2041 1724 2075 circulum
1752 2041 2024 2088 percompletum,

176 2103 306 2149 plenam
337 2103 519 2136 libertatem
550 2102 765 2137 concedimus
793 2107 884 2149 ipsas
914 2107 945 2136 et
974 2103 1060 2136 hona
1090 2106 1235 2150 ipsarum
1265 2115 1282 2137 a
1312 2103 1460 2137 collectis
1489 2101 1639 2136 omnihus
1660 2104 1807 2136 vecturis
1827 2106 1859 2136 et
1878 2100 2027 2148 qualibet

176 2164 238 2197 alia
267 2167 428 2197 servitute
456 2163 552 2197 nobis
582 2163 767 2210 prestandis
797 2176 815 2198 a
845 2164 1079 2198 iurisdiccione
1114 2164 1294 2198 Camerarii
1329 2163 1498 2207 Moravie‚
1534 2162 1574 2196 ab
1615 2162 1835 2196 infestacione
1869 2161 2026 2197 nobilium

176 2223 432 2258 Purcraviorum
467 2229 499 2258 et
534 2224 717 2258 villicorum
756 2224 996 2259 conductorum
1033 2235 1092 2258 seu
1128 2236 1411 2271 quorumcumque
1445 2224 1600 2265 aliorum,
1630 2227 1663 2256 et
1691 2223 1777 2269 quod
1805 2223 1913 2257 nullus
1942 2234 2026 2269 per-

176 2289 353 2318 noctantes
388 2288 420 2318 in
455 2285 581 2318 eisdem
616 2284 765 2319 domibus
804 2290 836 2319 et
870 2285 965 2319 bonis
994 2288 1140 2331 ipsorum
1170 2287 1411 2330 extorquencia
1440 2284 1554 2318 facere
1583 2282 1766 2327 absolutas,
1796 2282 1912 2318 Nullus
1941 2294 2025 2328 ergo

179 2343 382 2379 subditorum
414 2349 603 2379 nostrorum
633 2349 801 2391 presumat
829 2345 1013 2380 libertatem
1044 2345 1227 2390 infringere
1254 2357 1313 2380 seu
1333 2345 1472 2388 violare‚
1495 2346 1581 2378 sicut
1599 2355 1738 2389 gravem
1754 2334 2025 2389 indignacionem

178 2409 320 2438 nostram
351 2409 383 2438 et
411 2416 529 2451 penam
560 2405 702 2440 debitam
731 2405 897 2452 cupiverit
925 2408 1064 2440 evitare.
1096 2405 1215 2440 Datum
1245 2410 1307 2440 etc.
