2184 2828
1036 130 1108 165 2th

154 253 307 296 premiari
342 249 513 284 beneficiis
551 251 750 293 generosis,
786 248 956 289 Quatenus
991 246 1075 280 frete
1111 249 1344 281 immunitatum
1378 247 1531 293 presidijs
1576 247 1681 281 eidem
1718 246 1849 279 domino
1886 244 1988 279 libere

155 311 288 344 liberius
321 310 453 344 valeant
489 310 649 343 famulari.
705 309 786 343 Cum
823 312 931 354 itaque
965 307 1090 353 pridem
1125 310 1309 341 immunitas
1343 319 1361 341 a
1396 307 1489 342 nobis
1528 308 1601 341 (lata
1630 307 1833 340 Monasterio
1860 310 1988 345 vestro,

154 370 247 404 uobis
276 373 386 404 invitis
416 375 447 403 et
475 372 599 411 ignaris
620 369 661 403 de
681 368 864 402 huiusmodi
885 371 1103 401 concessione
1123 366 1280 401 libertatis
1309 367 1349 401 ad
1369 373 1477 402 certos
1505 380 1609 402 annos
1638 378 1701 401 non
1722 366 1807 399 foret
1826 365 1990 411 dampna-

152 431 258 464 biliter
286 431 474 465 obseruata.
532 428 600 463 Nos
629 440 759 475 quoque
788 429 987 473 condignam
1023 439 1264 473 reconpensam
1301 427 1398 462 vobis
1431 433 1463 462 et
1491 429 1618 474 prefato
1647 431 1758 460 vestro
1787 425 1989 460 Monasterio

151 503 232 537 pure
260 496 393 537 propter
421 491 517 523 (lemn
547 491 660 524 l'acerc
689 493 877 535 cupientes,
907 489 1002 523 vobis
1032 493 1062 521 et
1090 493 1202 522 vestro
1230 488 1431 522 Monasterio
1458 492 1604 533 graciam
1633 488 1770 521 facimus
1799 486 1988 532 specialem.

152 552 276 585 Damus
306 562 445 596 namque
483 550 578 584 vobis
615 555 648 584 et
679 550 825 596 predicto
854 549 1073 585 Monasterio.
1110 560 1150 582 ac
1184 548 1367 582 hominibus
1400 552 1500 595 ipsius
1536 549 1758 594 plenissimam
1793 546 1989 588 libertatem,

152 613 236 646 llinc
265 624 281 645 a
312 612 396 645 sesto
426 611 511 644 beati
533 611 668 655 Georgij
700 613 850 657 proxime
871 614 1037 643 transacto
1066 608 1107 642 ad
1135 611 1277 654 quinque
1306 620 1411 642 annos
1431 612 1586 643 continue
1614 608 1857 652 subsequentes
1885 606 1990 641 dura-

154 677 274 708 turam*
310 671 349 705 ab
385 671 534 705 omnibus
570 676 602 705 et
630 672 767 715 singulis
802 669 1053 703 donacionilius.
1085 669 1359 714 1111105161011111115,
1388 674 1421 703 et
1447 668 1748 703 contribuvioiiibus
1776 668 1989 713 pet-unimus,

148 732 295 766 Necnon
325 731 364 765 ab
393 731 544 765 omnibus
573 731 828 772 exact-ionibus,
863 741 922 763 seu
951 728 1213 776 prestat-ionibus
1241 732 1272 763 111
1301 730 1374 774 alijs
1407 729 1522 765 relius.
1559 740 1663 770 grano
1693 729 1745 762 vel
1773 728 1908 772 bestijs,
1937 732 1991 761 aut

150 793 408 838 quilmscunique
437 792 527 836 alijs.
558 803 621 837 que
650 796 681 825 et
709 791 823 837 quales
852 793 934 831 siut„
962 790 1016 823 vel
1045 801 1119 823 esse
1147 794 1315 835 poterunt,
1345 801 1384 823 ae
1412 789 1452 823 ab
1481 790 1631 823 omuibus
1659 793 1691 822 et
1720 791 1885 822 vniuersis
1914 787 1990 821 fac-

149 852 316 895 cionilius‚
346 852 502 886 oneribus
537 857 568 885 et
603 850 844 885 vexaciouibus
879 850 1022 884 realibus
1059 854 1090 883 et
1118 850 1345 895 personalibus
1380 855 1476 896 atque
1506 853 1631 885 mixtis.
1664 850 1719 883 Sic
1748 853 1874 891 tamen,
1904 848 1989 894 quod

150 914 286 947 Centum
322 916 496 950 sexam-tnta
534 923 662 945 marcus
698 911 782 945 iufra
816 911 936 944 dietum
969 913 1201 955 quinquenium
1237 910 1330 944 nobis
1367 914 1398 944 iu
1428 914 1526 944 certis
1555 913 1702 944 terminis
1730 908 1826 943 vobis
1855 908 1991 955 prefixis

149 974 343 1019 persoluere
377 972 543 1006 debeatis.
581 972 812 1005 l‘romittentes
848 972 982 1005 tirmiter
1015 975 1193 1016 pretactum
1222 970 1458 1005 Monasterium
1496 982 1557 1005 vos
1587 975 1639 1004 aut
1668 970 1818 1003 homines
1846 973 1989 1009 vestrosq

149 1038 261 1067 contra
290 1036 485 1079 premissam
508 1035 717 1066 immunitatis
746 1036 860 1066 vestre
886 1031 1087 1065 libertatem.
1125 1042 1189 1064 nou
1209 1034 1406 1077 inquietare,
1437 1031 1629 1077 molestare„
1659 1035 1714 1064 aut
1732 1041 1892 1075 grauare,
1921 1028 1991 1063 Nec

149 1094 315 1127 molestari
344 1093 384 1127 ab
413 1093 485 1137 aliJ's
516 1096 705 1138 permittere
734 1095 926 1138 inquietari„
957 1096 1010 1125 aut
1029 1095 1181 1136 grauari,
1203 1091 1395 1125 mandamus
1424 1094 1522 1135 igitur
1550 1093 1716 1125 vniuersis
1745 1095 1778 1124 et
1805 1089 1988 1134 singulis..

149 1154 337 1200 (apitanejs
367 1181 373 1187 .
406 1181 411 1187 .
448 1153 676 1196 Burchrauijs.
713 1153 936 1195 ()slicialil›11s‚
976 1158 1005 1187 et
1040 1152 1190 1186 fidelibus
1218 1155 1337 1186 nostris
1365 1151 1595 1197 presentibus.
1624 1151 1679 1185 vel
1707 1153 1760 1196 qui
1787 1153 1819 1184 in
1847 1149 1988 1184 futurum

148 1214 278 1248 suerint.
310 1214 481 1254 Quatenus
510 1225 591 1250 vos.
621 1218 675 1247 aut
694 1213 947 1256 illonasterium,
977 1218 1007 1247 et
1036 1213 1186 1246 homines
1207 1217 1354 1255 vestros,
1383 1223 1448 1245 non
1470 1213 1643 1245 molestent
1662 1216 1775 1245 contra
1795 1213 1990 1256 premissam

148 1280 260 1309 vestre
295 1274 505 1319 indulgencie
539 1277 704 1319 graciam,
742 1277 922 1319 inquietent
955 1274 1009 1308 vel
1044 1272 1236 1320 perturbent
1268 1284 1331 1306 nec
1365 1273 1530 1306 molestari
1560 1275 1749 1317 inquietari,
1786 1275 1841 1305 aut
1867 1270 1988 1304 turbari

150 1335 189 1369 ab
210 1335 283 1379 alijs
304 1338 493 1380 permittant
513 1334 749 1381 quouismotlo.
770 1334 1041 1380 ludignaciouem
1062 1339 1206 1368 nostram
1227 1336 1476 1378 grauissimam.
1506 1336 1531 1366 si
1553 1344 1649 1366 secus
1669 1335 1827 1378 quispiam
1848 1335 1991 1377 attemp-

150 1401 221 1429 tare
249 1399 487 1441 presumpserit
517 1407 553 1429 se
582 1399 710 1429 nouerit
740 1398 955 1429 incursurum.
1011 1394 1133 1428 Harum
1162 1399 1349 1428 nostrarum
1377 1396 1463 1427 serie
1492 1394 1681 1427 litterarum.
1736 1392 1856 1426 Datum
1883 1391 1990 1436 Prage

151 1460 180 1489 in
211 1456 263 1490 die
291 1456 379 1490 beati
409 1458 512 1491 Sixti.
541 1456 642 1490 Anno
671 1456 793 1489 domini
821 1455 996 1490 Millesimo
1025 1455 1278 1489 Trecentesimo
1307 1453 1567 1499 Quadragesimo
1596 1457 1711 1500 primo.

459 1535 525 1567 (llas
551 1534 625 1568 Orig.
651 1535 697 1560 aul'
719 1535 838 1568 Pergam.
869 1536 912 1560 mit
943 1536 1028 1560 eiuem
1056 1534 1248 1568 gebi-orlienen
1278 1533 1474 1567 Doppelsigille
1505 1534 1537 1558 im
1568 1533 1593 1558 k,
1625 1533 1650 1558 k.
1683 1532 1798 1566 gelieim.
1830 1531 1989 1558 notai-chive

556 1595 585 1612 zu
610 1587 689 1612 Uien
715 1587 744 1614 K.
771 1587 842 1615 259,
866 1587 891 1613 L.
918 1588 982 1617 99.)

1019 1715 1126 1750 343.

327 1782 345 1794 Υ

294 1781 435 1846 konig
469 1801 599 1836 Johann
633 1812 701 1835 von
737 1801 886 1835 Bohmen
920 1801 1123 1843 bestimniet‚
1161 1801 1238 1835 dass
1266 1801 1317 1835 die
1344 1799 1589 1845 Lehenstrtiger
1616 1803 1659 1834 im
1689 1799 1852 1835 Gorlitzer
1879 1800 1990 1834 Lande

150 1872 217 1896 von
245 1860 338 1895 ihren
369 1861 493 1895 Giitern
523 1873 640 1896 ausser
674 1862 738 1896 den
773 1862 968 1908 schuldigen
996 1862 1156 1896 Dieusten
1190 1861 1296 1896 niclits
1324 1861 1371 1895 als
1400 1863 1497 1894 einen
1525 1860 1603 1895 Zins
1636 1865 1733 1895 unter
1761 1861 1834 1894 dem
1862 1860 1990 1895 Namen

154 1922 319 1967 .,peticio“
354 1933 420 1956 von
456 1922 514 1956 der
543 1922 757 1957 Schosshube
786 1923 901 1957 zalileu
933 1923 1055 1966 sollen,
1086 1923 1150 1957 und
1177 1921 1308 1956 befiehlt
1334 1924 1458 1956 seinem
1487 1920 1730 1966 erstgebornen
1759 1921 1872 1955 Sohue
1899 1920 1990 1963 KarL

152 1981 367 2027 Markgrafen
397 1993 464 2017 von
492 1982 649 2025 11Ιὲ1111611,
674 1985 754 2027 jene
783 1983 1029 2028 Leheustra'ger
1056 1986 1089 2017 in
1117 1983 1233 2018 diesen
1260 1981 1410 2016 Rechten
1439 1993 1478 2015 zu
1506 1982 1674 2017 schulzen.
1728 1981 1781 2016 Dt.
1811 1981 1926 2027 Pragae
1955 1985 1988 2016 111

151 2043 202 2076 die
232 2043 266 2076 S.
297 2042 442 2088 Hypoliti
471 2042 548 2088 (13.
579 2044 728 2088 August)
759 2043 867 2078 1341.

459 2130 574 2162 (Koliler
597 2131 662 2157 Cod.
688 2131 802 2165 Diplom.
827 2131 913 2158 Lusat.
939 2140 1029 2166 super.
1058 2131 1147 2158 1851.
1173 2131 1200 2158 S.
1225 2129 1313 2161 260.)

1022 2260 1128 2296 344.

302 2325 493 2385 Heinrich,
513 2350 660 2390 genannt
679 2345 905 2389 Drezwiezer‚
936 2347 999 2380 und
1018 2346 1142 2390 Mares,
1160 2348 1231 2381 sein
1251 2344 1354 2388 Sohu,
1383 2345 1555 2386 erklaren,
1585 2346 1661 2380 dass
1690 2350 1738 2380 sie
1766 2347 1825 2381 das
1853 2346 1989 2381 Schloss

153 2402 341 2437 Rakiudorf
365 2410 481 2439 sanimt
500 2405 671 2450 Zugelior‚
700 2407 849 2441 welches
877 2407 991 2441 bislier
1018 2407 1068 2441 ihr
1086 2407 1263 2451 Freieigen
1290 2415 1378 2447 war,
1407 2416 1483 2439 vom
1514 2405 1642 2451 Kenige
1660 2407 1791 2441 Johann
1819 2419 1858 2442 zu
1877 2407 1988 2441 Lelien

156 2462 325 2496 erhielten.
384 2465 434 2499 Dt.
465 2465 569 2511 Prag,
599 2466 751 2511 Sonntag
778 2467 863 2501 nach
891 2467 996 2502 Maria
1024 2466 1187 2501 Hiinmelf.
1218 2466 1294 2511 (19.
1326 2465 1475 2511 August]
1506 2466 1613 2501 1341.

460 2553 545 2581 macti
574 2554 650 2580 einer
679 2554 815 2581 Abscliril't
843 2563 890 2581 aus
921 2555 980 2581 dem
1002 2554 1097 2581 xvltl.
1122 2554 1194 2580 Jhdt.
1224 2554 1256 2579 im
1286 2552 1501 2586 Diploinatarium
1528 2554 1640 2580 Boemiae
1672 2555 1715 2581 ΝΥ.
1743 2555 1779 2582 57
1805 2556 1837 2580 1111
1862 2554 1989 2588 Haigerer

561 2606 769 2641 Stistsarcliive.)
