2184 2828
1071 96 1119 131 42

170 225 202 254 et
230 220 438 262 includimus,
469 218 532 260 Qui
561 217 691 263 quidem
720 216 853 259 domini,
883 216 969 250 Rex.
1000 219 1032 248 et
1060 214 1161 248 duces
1190 214 1339 259 predicti,
1369 217 1459 260 ipsas
1485 214 1637 259 Treugas
1658 215 1799 257 firmare,
1821 225 2018 249 assecurare

170 286 201 315 et
230 280 417 326 approbare
446 279 567 313 debent
593 289 654 323 per
681 288 759 311 suas
788 277 913 310 litteras
942 280 975 309 et
1001 278 1237 320 scripturarum
1258 277 1457 308 munimenta
1477 286 1607 309 necnon
1628 277 1789 309 eaucione
1809 275 2017 308 fideiussoria

170 352 305 376 suorum
334 345 366 374 et
392 351 452 386 per
479 350 557 374 suos
585 337 737 384 ydoneos
766 336 933 379 Vasallos7
963 335 1052 369 Idem
1081 345 1163 369 vero
1193 334 1342 369 dominus
1371 334 1520 369 ltlorauie
1548 335 1710 378 Mai-chio,
1739 335 1769 369 id
1804 337 1909 381 ipsum
1938 337 2018 381 ipsis

170 402 322 444 dominis,
358 401 444 445 Regi
481 400 642 443 Vngarie‚
687 402 718 432 et
756 396 893 431 ducibus
928 396 1095 442 predictis,
1131 394 1243 428 facere
1277 399 1308 429 et
1343 406 1539 429 assecurare
1576 395 1720 437 debebit,
1757 395 1846 429 Sane
1882 399 2020 442 insuper

170 461 364 504 addicimus,
395 465 427 494 et
455 462 685 506 promittimus,
716 457 811 499 Quod
842 460 869 491 si
898 457 1041 490 fortasse
1070 455 1154 501 quod
1184 454 1269 488 absit
1297 456 1436 501 aliquem
1465 456 1517 489 uel
1552 456 1679 501 aliquos
1707 467 1751 489 ex
1780 458 1902 490 nostris
1929 459 2019 502 ipsas

170 522 323 567 Treugas
351 521 405 555 vel
435 531 547 554 earum
583 522 843 553 interiectiones.
882 521 914 551 et
946 517 1161 551 condiciones
1196 515 1333 560 violareq
1370 521 1423 550 aut
1458 521 1572 550 eontra
1609 528 1668 550 cas
1703 517 1812 561 aliquo
1849 527 1931 550 casu
1964 516 2020 550 vel

170 583 268 616 modo
302 585 418 616 venire
454 584 634 624 contingat7
680 584 804 613 extunc
845 578 883 612 ad
920 578 1216 612 denunciacionem
1253 581 1285 610 et
1322 579 1541 610 monieionein
1577 577 1680 610 solam
1716 581 1748 610 et
1782 579 1913 610 vnicain
1943 576 2019 610 dicti

170 644 293 677 domini
321 641 523 676 Marchionis
551 640 703 674 Morauie
731 640 851 673 factam
881 638 1012 685 publice
1040 641 1072 671 in
1103 638 1231 679 Castro,
1262 637 1313 670 uel
1343 638 1482 671 Ciuitate
1503 637 1625 677 Kaliss,
1647 648 1707 671 nos
1727 641 1858 671 nostros
1879 639 2020 671 nuncios

171 709 203 738 et
238 703 497 737 ambassiatores
525 701 680 748 ydoneos
716 700 756 733 ad
785 700 896 734 Kaliss
930 699 1015 733 infra
1054 700 1201 744 spacium
1236 697 1370 731 duorum
1407 701 1567 731 mensium
1604 709 1621 731 a
1660 698 1712 731 die
1747 697 2019 731 denunciacionis

170 764 318 810 predicte
347 766 504 797 continue
532 761 809 796 nuinerandorum
838 762 1062 793 transmittere
1091 758 1243 792 volumus
1272 763 1304 792 et
1331 762 1491 801 tenemur,
1522 759 1596 804 lpse
1624 770 1707 792 vero
1737 761 1843 791 eciam
1868 758 2019 792 dominus

168 824 320 859 Marchio
348 823 510 865 Morauie‚
541 833 633 863 suos„
664 821 773 855 Kaliss
802 820 966 854 tenebitur
994 825 1026 853 et
1047 818 1179 853 debebit
1197 817 1281 852 infra
1301 818 1403 853 dictos
1431 819 1512 852 duos
1540 831 1672 852 menses
1693 819 1860 852 destinare
1880 821 2020 852 nuncios

169 887 398 931 proposituros
427 888 458 917 et
487 883 769 916 demonstraturos
798 882 914 915 saltem
943 880 1055 914 vltima
1085 880 1136 913 die
1166 879 1382 925 predictorum
1414 879 1548 912 duorum
1576 882 1748 921 niensium,
1771 882 1831 913 nisi
1852 878 2021 924 sepefatus

170 946 321 979 dominus
350 944 498 978 Marcbio
526 942 687 985 Mol-aute,
718 946 749 975 et
778 953 838 975 nos
868 941 908 974 de
937 941 999 974 alia
1029 941 1080 974 die
1110 939 1318 985 anticipanda
1348 941 1399 973 uel
1428 940 1650 985 postcrganda
1680 942 1851 984 contingat
1879 939 2022 973 fortasse

174 1008 375 1040 vuanimiter
403 1004 621 1046 concordare,
651 1005 789 1048 quocies
818 1003 870 1035 uel
900 1001 1064 1046 quomodo
1093 1000 1233 1046 qualiter
1261 1011 1319 1046 seu
1349 1011 1407 1046 per
1435 1003 1619 1046 qnempiam
1650 1003 1720 1045 ipse
1740 1000 1873 1043 'treuge
1902 1000 2022 1034 fuerint

173 1067 307 1109 violate‚
338 1066 613 1111 Receptnrosque
642 1063 761 1097 ibidem
791 1065 881 1096 iuxta
910 1062 1069 1096 bonorum
1106 1065 1251 1095 virorum
1281 1060 1447 1094 arbitrium
1483 1061 1522 1094 ad
1553 1060 1614 1093 lioe
1642 1064 1859 1094 communiter
1887 1061 2019 1105 eligen-

175 1127 290 1161 dorum
319 1137 421 1172 super
449 1125 586 1159 obiectis
616 1128 647 1157 et
676 1124 771 1157 illatis
808 1123 957 1169 dampnis
992 1127 1023 1156 ct
1056 1123 1182 1165 iniurijs
1216 1121 1385 1155 emendam
1415 1126 1446 1154 et
1481 1122 1748 1155 satisfaccionem
1779 1125 2020 1167 competentem

174 1187 258 1233 Ipsis
288 1191 397 1220 autem
427 1187 556 1229 nnncijs
586 1184 724 1230 predicti
753 1184 874 1217 domini
909 1182 1110 1217 ltIarcbionis
1147 1182 1308 1225 blm-anie,
1346 1182 1497 1215 volumus
1527 1187 1559 1215 et
1588 1185 1804 1228 promittimus
1834 1182 1873 1215 de
1902 1192 2021 1215 securo

174 1253 204 1281 et
235 1247 338 1281 libero
367 1246 544 1293 prouidere
573 1245 747 1280 conductu.
778 1248 910 1290 incepto
939 1248 970 1277 et
999 1242 1150 1276 inchoato
1187 1246 1217 1276 in
1252 1242 1357 1276 Barcz
1392 1242 1547 1276 veniendi
1577 1242 1679 1283 italis,
1716 1247 1748 1276 et
1777 1242 1818 1276 ibi
1847 1242 2022 1288 placitandi

174 1308 281 1343 standi
311 1306 505 1341 demorandi
534 1310 564 1339 ct
599 1305 718 1339 abinde
756 1305 795 1338 ad
829 1304 1009 1350 predictum
1044 1304 1150 1336 locum
1188 1303 1291 1337 Barcz
1326 1303 1507 1338 remeandi.
1550 1303 1824 1348 quandocumque
1865 1303 2024 1349 placuerit

174 1380 233 1415 pro
262 1371 409 1414 ipsorum
439 1366 627 1401 omnimodo
657 1365 745 1399 libito
774 1365 972 1407 volumnius,
1012 1367 1144 1398 sineere
1179 1369 1211 1398 et
1245 1363 1369 1409 absque
1406 1366 1493 1397 omni
1530 1364 1615 1404 «1010,
1652 1364 1752 1397 saluis
1781 1363 1880 1397 rebus
1908 1374 2023 1397 eorum

131 1466 138 1471 ,
174 1432 298 1475 pariter
327 1433 358 1462 et
386 1430 552 1474 personis.
582 1427 640 1460 Sin
671 1431 778 1460 autem
808 1429 912 1471 ipsum
942 1425 1108 1458 dominum
1138 1424 1361 1458 Marcbioneni
1390 1424 1540 1457 Morauie
1570 1429 1623 1457 aut
1652 1436 1730 1458 suos
1759 1424 1912 1469 Treugas
1940 1435 2023 1470 pre-

175 1490 280 1523 dictas
308 1489 362 1522 uel
391 1499 502 1522 earum
533 1490 793 1525 conuencionesq
830 1487 959 1520 violare
995 1485 1177 1530 aliqualiter
1210 1488 1377 1529 contingat
1412 1490 1486 1518 tunc
1516 1488 1621 1518 eriam
1656 1485 1696 1518 ad
1726 1485 2023 1518 denunciacionem

175 1550 279 1584 solani
309 1553 341 1582 et
368 1552 501 1582 vnieam
530 1548 651 1582 saetam
682 1550 712 1581 in
752 1548 868 1581 Castro
897 1551 929 1580 et
964 1546 1102 1579 Ciuitate
1139 1545 1363 1587 NVratislauiQ
1401 1546 1484 1579 idem
1515 1545 1665 1579 dominus
1694 1545 1843 1579 Mareliio
1871 1545 2022 1579 Mei-anie

174 1621 254 1644 suos
274 1612 406 1643 nuntios
426 1613 457 1643 et
478 1608 734 1642 ambassiatores
753 1608 918 1654 ydoneos,
940 1610 971 1640 in
992 1606 1206 1640 Wratislauia
1227 1606 1308 1640 infra
1330 1606 1410 1639 duos
1437 1618 1568 1639 menses
1592 1619 1608 1639 a
1632 1606 1684 1639 die
1701 1606 1974 1640 denunciacionis
1994 1610 2026 1639 et

175 1671 415 1705 admonicionis
443 1669 592 1715 predicte
621 1672 778 1702 continue
807 1667 1032 1701 munerandos
1062 1670 1282 1701 transmittere
1309 1671 1448 1700 tenetur.
1476 1666 1545 1699 Nos
1567 1678 1648 1700 vei-o
1669 1669 1773 1700 eciam
1795 1671 1926 1700 nostros
1947 1665 2025 1700 inibi

173 1731 257 1765 infra
275 1731 357 1764 duos
374 1741 506 1764 aienses
524 1729 709 1763 tenebimur
724 1729 891 1762 destinare
908 1731 1046 1762 nuncios
1063 1724 1288 1774 1)r‹q›ositi1ros
1308 1727 1401 1761 simili
1423 1727 1518 1760 inodo
1537 1732 1567 1760 vt
1586 1738 1684 1772 snpra
1702 1727 1843 1761 diximus
1859 1731 1893 1760 et
1908 1726 2026 1760 decla—

173 1797 304 1826 raturos
314 1791 427 1825 saltem
439 1791 551 1824 vltima
563 1791 615 1823 die
624 1790 845 1836 predictorum
857 1789 993 1822 duorum
1006 1791 1177 1831 inensinnn
1189 1791 1248 1822 nisi
1258 1790 1360 1822 eciain
1372 1788 1538 1833 sepefatus
1551 1788 1702 1821 dominus
1714 1787 1863 1821 Marcbio
1876 1786 2025 1821 Morauie

175 1858 207 1886 et
227 1864 286 1886 nos
303 1852 343 1885 de
359 1852 421 1885 alia
439 1851 490 1884 die
507 1851 705 1896 anticipaudi
718 1851 770 1883 uel
783 1850 996 1896 postergandi
1017 1853 1188 1890 contingat
1206 1848 1345 1882 fortasse
1357 1848 1566 1881 concorditer
1586 1848 1802 1889 concordare,
1820 1851 1957 1893 quocies
1973 1847 2025 1881 nel

174 1912 339 1959 quomodo
355 1912 495 1958 qualiter
509 1912 559 1945 uel
577 1923 635 1957 per
650 1922 731 1957 qnos
745 1911 1035 1956 pretaete'l‘rmige
1052 1910 1171 1944 suerint
1185 1909 1315 1951 violate,
1331 1913 1591 1954 receptui-osque
1609 1908 1740 1949 ibidem„
1758 1911 1846 1942 iuxta
1864 1908 2023 1942 bonorum

176 1977 323 2008 virorum
352 1973 521 2006 arbitrium
551 1972 589 2005 ad
621 1971 681 2005 boc
711 1974 929 2005 communiter
957 1972 1149 2010 electorum,
1179 1981 1278 2016 super
1306 1969 1442 2003 obiectis
1471 1974 1502 2002 et
1531 1970 1627 2002 illatis
1657 1969 1807 2015 dampnis
1836 1973 1869 2002 et
1897 1970 2023 2013 ininrijs

176 2033 349 2067 emendam
380 2038 413 2067 et
441 2032 710 2067 satisfaccionem
740 2032 952 2075 condignam,
981 2032 1064 2078 Ipsis
1094 2035 1198 2065 eciam
1224 2033 1345 2064 nostris
1366 2031 1494 2073 nuncijs
1514 2030 1683 2075 sepefatus
1705 2030 1855 2063 dominus
1875 2028 2023 2063 Mareliio

176 2094 326 2128 Moranie
355 2094 452 2128 debet
480 2098 512 2127 et
541 2098 682 2136 tenetur,
712 2093 753 2126 de
783 2104 902 2126 securo
927 2098 958 2126 et
979 2092 1082 2126 libero
1103 2091 1276 2138 prouidere
1297 2090 1458 2124 conductu
1480 2090 1668 2135 incipiendo
1689 2093 1719 2123 in
1743 2090 1848 2123 Barcz
1869 2089 2024 2124 veniendi

176 2158 206 2188 in
236 2155 483 2188 Nt'ratislauiam
514 2153 699 2199 ibidemque
728 2153 903 2198 placitandi
932 2153 1037 2187 standi
1068 2152 1256 2187 demorandi
1286 2155 1318 2184 et
1346 2151 1465 2184 abinde
1494 2151 1533 2183 ad
1564 2151 1744 2196 predictum
1774 2150 1881 2184 locum
1903 2151 2023 2193 Barcz,

177 2215 347 2249 remeandi
376 2215 651 2261 quandocumque
681 2215 841 2259 placuerit
869 2225 928 2259 pro
958 2217 1101 2259 ipsorum
1131 2212 1316 2247 omnimodo
1346 2211 1434 2245 libito
1464 2212 1656 2250 volumnus„
1679 2214 1810 2244 sineere
1838 2216 1871 2245 et
1899 2211 2024 2256 absque

179 2278 266 2309 omni
297 2275 371 2309 dolo
401 2280 433 2309 et
462 2277 597 2320 ingenio
626 2275 712 2308 malo
740 2275 839 2308 saluis
868 2274 968 2308 rebus
997 2286 1109 2307 eorum
1140 2276 1262 2319 pariter
1290 2277 1321 2305 et
1349 2275 1511 2317 personis„
1541 2272 1574 2305 ln
1604 2283 1741 2317 quorum
1762 2275 1905 2305 onmium
1927 2274 2025 2306 testi-

179 2339 322 2370 monium
353 2340 448 2381 atquc
478 2336 577 2369 robur
606 2335 878 2379 irrefragabiliter
906 2336 1081 2369 valiturum
1110 2339 1282 2380 presentes
1310 2332 1473 2366 conscribi
1503 2337 1536 2365 et
1564 2335 1667 2366 nostri
1697 2332 1792 2377 sigilli
1820 2335 2025 2379 appensione

177 2399 333 2431 iussimus
362 2399 557 2430 eoinnniniri
586 2400 617 2430 in
648 2399 867 2430 testiinonium
890 2401 997 2429 antem
1018 2395 1238 2441 predictorum
1259 2398 1290 2427 et
1309 2393 1513 2426 enideneiain
1534 2392 1728 2438 pleniorenn
1752 2392 1841 2427 Viris
1861 2391 2024 2426 nobilibus

180 2461 368 2503 nostrisque
398 2457 557 2499 fidelibus,
588 2458 763 2503 Spicimiro
800 2457 1013 2491 Craconiensi
1044 2456 1244 2501 Castellano7
1278 2453 1421 2496 Mistuijo
1458 2453 1732 2491 Sandoiniriensi,
1772 2453 1910 2487 Nicolao
1939 2453 2026 2486 Cra-

181 2521 328 2552 couiensi
355 2517 508 2551 Palatinis
536 2518 632 2552 l'etro
654 2518 913 2552 Sandoiniriensi
935 2517 1112 2559 Misugneo
1134 2516 1333 2550 ltadoinensi
1355 2514 1562 2551 castellanis,
1585 2514 1789 2548 (3riuosando
1810 2514 2025 2548 Cracouiensi

182 2579 328 2613 llenrico
372 2578 632 2612 Sandoiniriensi
675 2579 941 2620 Subeanierarijs
983 2577 1221 2610 inandaniinus.
1278 2576 1338 2616 Qui
1381 2574 1510 2619 quidem
1553 2575 1659 2618 sigilla
1698 2587 1757 2609 sna
1796 2573 2025 2620 praesentibus
