<?xml version="1.0" encoding="UTF-8"?>
<!DOCTYPE html PUBLIC "-//W3C//DTD XHTML 1.0 Transitional//EN"
    "http://www.w3.org/TR/xhtml1/DTD/xhtml1-transitional.dtd">
<html xmlns="http://www.w3.org/1999/xhtml" xml:lang="en" lang="en">
 <head>
  <title>
</title>
<meta http-equiv="Content-Type" content="text/html;charset=utf-8" />
  <meta name='ocr-system' content='tesseract 3.04.00' />
  <meta name='ocr-capabilities' content='ocr_page ocr_carea ocr_par ocr_line ocrx_word'/>
</head>
<body>
  <div class='ocr_page' id='page_1' title='image "./codexdiplomaticu07morauoft_0295.png"; bbox 0 0 2184 2828; ppageno 0'>
   <div class='ocr_carea' id='block_1_1' title="bbox 998 116 1073 152">
    <p class='ocr_par' dir='ltr' id='par_1_1' title="bbox 998 116 1073 152">
     <span class='ocr_line' id='line_1_1' title="bbox 998 116 1073 152; baseline -0.013 0"><span class='ocrx_word' id='word_1_1' title='bbox 998 116 1073 152; x_wconf 85' lang='lat'>217</span> 
     </span>
    </p>
   </div>
   <div class='ocr_carea' id='block_1_2' title="bbox 113 230 1958 283">
    <p class='ocr_par' dir='ltr' id='par_1_2' title="bbox 113 230 1958 283">
     <span class='ocr_line' id='line_1_2' title="bbox 113 230 1958 283; baseline -0.005 -9"><span class='ocrx_word' id='word_1_2' title='bbox 113 239 213 274; x_wconf 84' lang='lat' dir='ltr'>nacht</span> <span class='ocrx_word' id='word_1_3' title='bbox 245 239 370 274; x_wconf 85' lang='lat' dir='ltr'>Cristes</span> <span class='ocrx_word' id='word_1_4' title='bbox 406 237 526 283; x_wconf 87' lang='lat' dir='ltr'>gehurt</span> <span class='ocrx_word' id='word_1_5' title='bbox 558 236 644 271; x_wconf 90' lang='lat' dir='ltr'>vber</span> <span class='ocrx_word' id='word_1_6' title='bbox 680 235 1035 271; x_wconf 85' lang='lat' dir='ltr'>drevczehenhvndert</span> <span class='ocrx_word' id='word_1_7' title='bbox 1064 236 1132 277; x_wconf 85' lang='lat' dir='ltr'>iar,</span> <span class='ocrx_word' id='word_1_8' title='bbox 1174 232 1234 266; x_wconf 86' lang='lat' dir='ltr'>dar</span> <span class='ocrx_word' id='word_1_9' title='bbox 1266 231 1352 266; x_wconf 87' lang='lat' dir='ltr'>nach</span> <span class='ocrx_word' id='word_1_10' title='bbox 1387 235 1419 266; x_wconf 91' lang='lat' dir='ltr'>in</span> <span class='ocrx_word' id='word_1_11' title='bbox 1449 232 1522 266; x_wconf 90' lang='lat' dir='ltr'>dem</span> <span class='ocrx_word' id='word_1_12' title='bbox 1551 233 1789 276; x_wconf 86' lang='lat' dir='ltr'>vierczigisten</span> <span class='ocrx_word' id='word_1_13' title='bbox 1822 233 1872 265; x_wconf 90' lang='lat' dir='ltr'>iar</span> <span class='ocrx_word' id='word_1_14' title='bbox 1899 230 1958 265; x_wconf 91' lang='lat' dir='ltr'>des</span> 
     </span>
    </p>
   </div>
   <div class='ocr_carea' id='block_1_3' title="bbox 115 296 1050 343">
    <p class='ocr_par' dir='ltr' id='par_1_3' title="bbox 115 296 1050 343">
     <span class='ocr_line' id='line_1_3' title="bbox 115 296 1050 343; baseline -0.006 -8"><span class='ocrx_word' id='word_1_15' title='bbox 115 299 326 335; x_wconf 85' lang='lat' dir='ltr'>svnabendes</span> <span class='ocrx_word' id='word_1_16' title='bbox 354 301 388 333; x_wconf 88' lang='lat' dir='ltr'>in</span> <span class='ocrx_word' id='word_1_17' title='bbox 416 298 474 332; x_wconf 88' lang='lat' dir='ltr'>der</span> <span class='ocrx_word' id='word_1_18' title='bbox 501 302 696 343; x_wconf 88' lang='lat' dir='ltr'>quatemper</span> <span class='ocrx_word' id='word_1_19' title='bbox 724 308 786 331; x_wconf 87' lang='lat' dir='ltr'>voi·</span> <span class='ocrx_word' id='word_1_20' title='bbox 813 296 1050 342; x_wconf 62' lang='lat' dir='ltr'>weynachten.</span> 
     </span>
    </p>
   </div>
   <div class='ocr_carea' id='block_1_4' title="bbox 425 355 1957 448">
    <p class='ocr_par' dir='ltr' id='par_1_4' title="bbox 425 355 1957 448">
     <span class='ocr_line' id='line_1_4' title="bbox 425 355 1957 400; baseline -0.005 -10"><span class='ocrx_word' id='word_1_21' title='bbox 425 364 512 400; x_wconf 70' lang='lat' dir='ltr'>(Nach</span> <span class='ocrx_word' id='word_1_22' title='bbox 542 365 617 389; x_wconf 87' lang='lat' dir='ltr'>einer</span> <span class='ocrx_word' id='word_1_23' title='bbox 648 363 784 389; x_wconf 75' lang='lat' dir='ltr'>Abschril&#39;t</span> <span class='ocrx_word' id='word_1_24' title='bbox 814 364 847 388; x_wconf 89' lang='lat' dir='ltr'>im</span> <span class='ocrx_word' id='word_1_25' title='bbox 876 362 902 388; x_wconf 86' lang='lat' dir='ltr'>k.</span> <span class='ocrx_word' id='word_1_26' title='bbox 934 362 1022 388; x_wconf 80' lang='lat' dir='ltr'>bohm.</span> <span class='ocrx_word' id='word_1_27' title='bbox 1052 361 1170 387; x_wconf 81' lang='lat' dir='ltr'>Museum</span> <span class='ocrx_word' id='word_1_28' title='bbox 1199 367 1246 385; x_wconf 89' lang='lat' dir='ltr'>aus</span> <span class='ocrx_word' id='word_1_29' title='bbox 1271 359 1330 385; x_wconf 85' lang='lat' dir='ltr'>dem</span> <span class='ocrx_word' id='word_1_30' title='bbox 1354 358 1544 392; x_wconf 79' lang='lat' dir='ltr'>Biirgerbuche</span> <span class='ocrx_word' id='word_1_31' title='bbox 1575 367 1636 384; x_wconf 79' lang='lat' dir='ltr'>vom</span> <span class='ocrx_word' id='word_1_32' title='bbox 1659 355 1687 384; x_wconf 83' lang='lat' dir='ltr'>J.</span> <span class='ocrx_word' id='word_1_33' title='bbox 1716 357 1805 384; x_wconf 84' lang='lat'>1310.</span> <span class='ocrx_word' id='word_1_34' title='bbox 1838 358 1855 383; x_wconf 84' lang='lat' dir='ltr'>f.</span> <span class='ocrx_word' id='word_1_35' title='bbox 1886 357 1957 383; x_wconf 74' lang='lat'>280.</span> 
     </span>
     <span class='ocr_line' id='line_1_5' title="bbox 525 414 1069 448; baseline -0.004 -7"><span class='ocrx_word' id='word_1_36' title='bbox 525 415 573 442; x_wconf 85' lang='lat' dir='ltr'>des</span> <span class='ocrx_word' id='word_1_37' title='bbox 597 415 746 441; x_wconf 72' lang='lat' dir='ltr'>Altstadter</span> <span class='ocrx_word' id='word_1_38' title='bbox 769 415 900 441; x_wconf 74' lang='lat' dir='ltr'>Archives</span> <span class='ocrx_word' id='word_1_39' title='bbox 924 423 955 440; x_wconf 90' lang='lat' dir='ltr'>zu</span> <span class='ocrx_word' id='word_1_40' title='bbox 978 414 1069 448; x_wconf 86' lang='lat' dir='ltr'>Prag.)</span> 
     </span>
    </p>
   </div>
   <div class='ocr_carea' id='block_1_5' title="bbox 114 493 1959 663">
    <p class='ocr_par' dir='ltr' id='par_1_5' title="bbox 114 493 1959 663">
     <span class='ocr_line' id='line_1_6' title="bbox 985 493 1090 530; baseline -0.01 0"><span class='ocrx_word' id='word_1_41' title='bbox 985 493 1090 530; x_wconf 77' lang='lat'>298.</span> 
     </span>
     <span class='ocr_line' id='line_1_7' title="bbox 115 551 1958 604; baseline -0.005 -11"><span class='ocrx_word' id='word_1_42' title='bbox 115 558 301 604; x_wconf 75' lang='lat' dir='ltr'>Markyraf</span> <span class='ocrx_word' id='word_1_43' title='bbox 312 558 404 593; x_wconf 85' lang='lat' dir='ltr'>Karl</span> <span class='ocrx_word' id='word_1_44' title='bbox 427 557 612 601; x_wconf 62' lang='lat' dir='ltr'>bestfflyet</span> <span class='ocrx_word' id='word_1_45' title='bbox 631 557 684 590; x_wconf 74' lang='lat' dir='ltr'>die</span> <span class='ocrx_word' id='word_1_46' title='bbox 709 568 783 590; x_wconf 69' lang='lat' dir='ltr'>com</span> <span class='ocrx_word' id='word_1_47' title='bbox 803 557 935 600; x_wconf 54' lang='lat' dir='ltr'>Kouma)</span> <span class='ocrx_word' id='word_1_48' title='bbox 960 555 1096 590; x_wconf 32' lang='lat' dir='ltr'>Johsann</span> <span class='ocrx_word' id='word_1_49' title='bbox 1124 555 1166 587; x_wconf 70' lang='lat' dir='ltr'>im</span> <span class='ocrx_word' id='word_1_50' title='bbox 1194 553 1227 588; x_wconf 90' lang='lat' dir='ltr'>J.</span> <span class='ocrx_word' id='word_1_51' title='bbox 1260 552 1359 587; x_wconf 78' lang='lat'><em>1339</em></span> <span class='ocrx_word' id='word_1_52' title='bbox 1384 554 1442 597; x_wconf 75' lang='lat' dir='ltr'>fiir</span> <span class='ocrx_word' id='word_1_53' title='bbox 1461 553 1524 586; x_wconf 78' lang='lat' dir='ltr'>den</span> <span class='ocrx_word' id='word_1_54' title='bbox 1552 552 1655 586; x_wconf 64' lang='lat' dir='ltr'>Altera</span> <span class='ocrx_word' id='word_1_55' title='bbox 1676 552 1824 587; x_wconf 59' lang='lat' dir='ltr'>Strei-elc</span> <span class='ocrx_word' id='word_1_56' title='bbox 1843 551 1958 585; x_wconf 70' lang='lat' dir='ltr'>Holub</span> 
     </span>
     <span class='ocr_line' id='line_1_8' title="bbox 114 612 1959 663; baseline -0.004 -9"><span class='ocrx_word' id='word_1_57' title='bbox 114 620 181 654; x_wconf 78' lang='lat' dir='ltr'>und</span> <span class='ocrx_word' id='word_1_58' title='bbox 206 620 326 654; x_wconf 78' lang='lat' dir='ltr'>dessen</span> <span class='ocrx_word' id='word_1_59' title='bbox 346 619 483 653; x_wconf 74' lang='lat' dir='ltr'>Brllder</span> <span class='ocrx_word' id='word_1_60' title='bbox 501 618 748 663; x_wconf 69' lang='lat' dir='ltr'>azzsqefe1·te‘9te</span> <span class='ocrx_word' id='word_1_61' title='bbox 779 616 946 651; x_wconf 72' lang='lat' dir='ltr'>Urlmmle.</span> <span class='ocrx_word' id='word_1_62' title='bbox 967 616 1027 650; x_wconf 76' lang='lat' dir='ltr'>Dc.</span> <span class='ocrx_word' id='word_1_63' title='bbox 1044 615 1195 659; x_wconf 78' lang='lat' dir='ltr'>Brunne,</span> <span class='ocrx_word' id='word_1_64' title='bbox 1211 615 1265 648; x_wconf 77' lang='lat' dir='ltr'>die</span> <span class='ocrx_word' id='word_1_65' title='bbox 1285 613 1315 647; x_wconf 87' lang='lat' dir='ltr'>b.</span> <span class='ocrx_word' id='word_1_66' title='bbox 1333 613 1505 658; x_wconf 76' lang='lat' dir='ltr'>Stephani</span> <span class='ocrx_word' id='word_1_67' title='bbox 1520 612 1601 655; x_wconf 75' lang='lat'>(26.</span> <span class='ocrx_word' id='word_1_68' title='bbox 1620 612 1829 656; x_wconf 74' lang='lat' dir='ltr'>December]</span> <span class='ocrx_word' id='word_1_69' title='bbox 1849 612 1959 646; x_wconf 70' lang='lat'>1340.</span> 
     </span>
    </p>
   </div>
   <div class='ocr_carea' id='block_1_6' title="bbox 114 682 1965 1412">
    <p class='ocr_par' dir='ltr' id='par_1_6' title="bbox 114 682 1965 1412">
     <span class='ocr_line' id='line_1_9' title="bbox 268 682 1961 744; baseline -0.005 -8"><span class='ocrx_word' id='word_1_70' title='bbox 268 682 358 736; x_wconf 79' lang='lat' dir='ltr'>Nos</span> <span class='ocrx_word' id='word_1_71' title='bbox 378 701 519 735; x_wconf 86' lang='lat' dir='ltr'>Karolus</span> <span class='ocrx_word' id='word_1_72' title='bbox 539 700 690 734; x_wconf 89' lang='lat' dir='ltr'>domini.</span> <span class='ocrx_word' id='word_1_73' title='bbox 714 726 720 734; x_wconf 87' lang='lat'>.</span> <span class='ocrx_word' id='word_1_74' title='bbox 750 699 855 744; x_wconf 83' lang='lat' dir='ltr'>Regis</span> <span class='ocrx_word' id='word_1_75' title='bbox 876 698 1011 733; x_wconf 76' lang='lat' dir='ltr'>Bocinie</span> <span class='ocrx_word' id='word_1_76' title='bbox 1038 700 1276 744; x_wconf 85' lang='lat' dir='ltr'>primogenitus</span> <span class='ocrx_word' id='word_1_77' title='bbox 1304 695 1452 730; x_wconf 86' lang='lat' dir='ltr'>marchio</span> <span class='ocrx_word' id='word_1_78' title='bbox 1480 695 1650 738; x_wconf 67' lang='lat' dir='ltr'>Morauie‚</span> <span class='ocrx_word' id='word_1_79' title='bbox 1681 700 1791 729; x_wconf 87' lang='lat' dir='ltr'>notum</span> <span class='ocrx_word' id='word_1_80' title='bbox 1820 695 1961 729; x_wconf 85' lang='lat' dir='ltr'>facimus</span> 
     </span>
     <span class='ocr_line' id='line_1_10' title="bbox 114 755 1961 809; baseline -0.005 -12"><span class='ocrx_word' id='word_1_81' title='bbox 114 767 230 797; x_wconf 90' lang='lat' dir='ltr'>tenore</span> <span class='ocrx_word' id='word_1_82' title='bbox 257 765 467 809; x_wconf 87' lang='lat' dir='ltr'>presencium</span> <span class='ocrx_word' id='word_1_83' title='bbox 495 763 677 803; x_wconf 89' lang='lat' dir='ltr'>uniuersis,</span> <span class='ocrx_word' id='word_1_84' title='bbox 708 760 793 806; x_wconf 90' lang='lat' dir='ltr'>quod</span> <span class='ocrx_word' id='word_1_85' title='bbox 822 759 862 793; x_wconf 90' lang='lat' dir='ltr'>ad</span> <span class='ocrx_word' id='word_1_86' title='bbox 892 764 1037 794; x_wconf 86' lang='lat' dir='ltr'>nostram</span> <span class='ocrx_word' id='word_1_87' title='bbox 1057 758 1222 792; x_wconf 85' lang='lat' dir='ltr'>accedens</span> <span class='ocrx_word' id='word_1_88' title='bbox 1247 759 1456 804; x_wconf 82' lang='lat' dir='ltr'>presenciam</span> <span class='ocrx_word' id='word_1_89' title='bbox 1478 756 1665 802; x_wconf 69' lang='lat' dir='ltr'>Strzyezek</span> <span class='ocrx_word' id='word_1_90' title='bbox 1693 759 1822 802; x_wconf 87' lang='lat' dir='ltr'>antiqus</span> <span class='ocrx_word' id='word_1_91' title='bbox 1842 755 1961 797; x_wconf 84' lang='lat' dir='ltr'>Holub,</span> 
     </span>
     <span class='ocr_line' id='line_1_11' title="bbox 114 817 1964 868; baseline -0.004 -10"><span class='ocrx_word' id='word_1_92' title='bbox 114 823 207 858; x_wconf 89' lang='lat' dir='ltr'>miles</span> <span class='ocrx_word' id='word_1_93' title='bbox 236 823 385 857; x_wconf 82' lang='lat' dir='ltr'>exhibuit</span> <span class='ocrx_word' id='word_1_94' title='bbox 412 822 508 856; x_wconf 86' lang='lat' dir='ltr'>nobis</span> <span class='ocrx_word' id='word_1_95' title='bbox 538 821 698 868; x_wconf 88' lang='lat' dir='ltr'>quasdam</span> <span class='ocrx_word' id='word_1_96' title='bbox 727 820 849 854; x_wconf 87' lang='lat' dir='ltr'>domini</span> <span class='ocrx_word' id='word_1_97' title='bbox 874 848 881 854; x_wconf 89' lang='lat'>.</span> <span class='ocrx_word' id='word_1_98' title='bbox 905 848 911 854; x_wconf 92' lang='lat'>.</span> <span class='ocrx_word' id='word_1_99' title='bbox 943 820 1109 853; x_wconf 86' lang='lat' dir='ltr'>Genitoris</span> <span class='ocrx_word' id='word_1_100' title='bbox 1137 820 1242 853; x_wconf 84' lang='lat' dir='ltr'>nostri</span> <span class='ocrx_word' id='word_1_101' title='bbox 1269 818 1399 860; x_wconf 67' lang='lat' dir='ltr'>literas.</span> <span class='ocrx_word' id='word_1_102' title='bbox 1437 822 1556 863; x_wconf 90' lang='lat' dir='ltr'>petens</span> <span class='ocrx_word' id='word_1_103' title='bbox 1585 817 1697 850; x_wconf 89' lang='lat' dir='ltr'>humili</span> <span class='ocrx_word' id='word_1_104' title='bbox 1734 828 1868 862; x_wconf 86' lang='lat' dir='ltr'>precum</span> <span class='ocrx_word' id='word_1_105' title='bbox 1907 819 1964 850; x_wconf 89' lang='lat' dir='ltr'>in-</span> 
     </span>
     <span class='ocr_line' id='line_1_12' title="bbox 116 877 1962 929; baseline -0.005 -10"><span class='ocrx_word' id='word_1_106' title='bbox 116 887 257 928; x_wconf 86' lang='lat' dir='ltr'>stancia,</span> <span class='ocrx_word' id='word_1_107' title='bbox 292 888 453 929; x_wconf 88' lang='lat' dir='ltr'>quatenus</span> <span class='ocrx_word' id='word_1_108' title='bbox 488 882 623 917; x_wconf 88' lang='lat' dir='ltr'>easdem</span> <span class='ocrx_word' id='word_1_109' title='bbox 658 882 773 916; x_wconf 75' lang='lat' dir='ltr'>literas</span> <span class='ocrx_word' id='word_1_110' title='bbox 810 880 995 927; x_wconf 84' lang='lat' dir='ltr'>approhare</span> <span class='ocrx_word' id='word_1_111' title='bbox 1029 885 1061 914; x_wconf 84' lang='lat' dir='ltr'>et</span> <span class='ocrx_word' id='word_1_112' title='bbox 1088 878 1257 924; x_wconf 4' lang='lat' dir='ltr'>gratificare</span> <span class='ocrx_word' id='word_1_113' title='bbox 1295 878 1334 912; x_wconf 89' lang='lat' dir='ltr'>de</span> <span class='ocrx_word' id='word_1_114' title='bbox 1371 877 1576 922; x_wconf 74' lang='lat' dir='ltr'>benignitate</span> <span class='ocrx_word' id='word_1_115' title='bbox 1613 877 1707 911; x_wconf 85' lang='lat' dir='ltr'>solita</span> <span class='ocrx_word' id='word_1_116' title='bbox 1738 878 1962 921; x_wconf 65' lang='lat' dir='ltr'>dignaremur,</span> 
     </span>
     <span class='ocr_line' id='line_1_13' title="bbox 115 937 1962 992; baseline -0.005 -13"><span class='ocrx_word' id='word_1_117' title='bbox 115 956 253 992; x_wconf 88' lang='lat' dir='ltr'>quarum</span> <span class='ocrx_word' id='word_1_118' title='bbox 280 945 448 979; x_wconf 89' lang='lat' dir='ltr'>literarum</span> <span class='ocrx_word' id='word_1_119' title='bbox 478 948 574 977; x_wconf 86' lang='lat' dir='ltr'>tenor</span> <span class='ocrx_word' id='word_1_120' title='bbox 602 942 784 976; x_wconf 76' lang='lat' dir='ltr'>dinoscitur</span> <span class='ocrx_word' id='word_1_121' title='bbox 812 953 887 975; x_wconf 83' lang='lat' dir='ltr'>esse</span> <span class='ocrx_word' id='word_1_122' title='bbox 916 942 1006 975; x_wconf 86' lang='lat' dir='ltr'>talis:</span> <span class='ocrx_word' id='word_1_123' title='bbox 1034 940 1205 975; x_wconf 69' lang='lat' dir='ltr'>,lohannes</span> <span class='ocrx_word' id='word_1_124' title='bbox 1239 939 1291 974; x_wconf 92' lang='lat' dir='ltr'>dei</span> <span class='ocrx_word' id='word_1_125' title='bbox 1320 942 1434 984; x_wconf 80' lang='lat' dir='ltr'>gracia</span> <span class='ocrx_word' id='word_1_126' title='bbox 1464 943 1525 972; x_wconf 87' lang='lat' dir='ltr'>etc.</span> <span class='ocrx_word' id='word_1_127' title='bbox 1556 949 1677 984; x_wconf 84' lang='lat' dir='ltr'>usque,</span> <span class='ocrx_word' id='word_1_128' title='bbox 1708 938 1817 972; x_wconf 89' lang='lat' dir='ltr'>datum</span> <span class='ocrx_word' id='word_1_129' title='bbox 1847 937 1962 971; x_wconf 80' lang='lat' dir='ltr'>Fran-</span> 
     </span>
     <span class='ocr_line' id='line_1_14' title="bbox 115 1000 1962 1050; baseline -0.005 -10"><span class='ocrx_word' id='word_1_130' title='bbox 115 1005 250 1040; x_wconf 83' lang='lat' dir='ltr'>kenfurt</span> <span class='ocrx_word' id='word_1_131' title='bbox 269 1005 430 1039; x_wconf 89' lang='lat' dir='ltr'>dominica</span> <span class='ocrx_word' id='word_1_132' title='bbox 460 1004 526 1047; x_wconf 73' lang='lat' dir='ltr'>die,</span> <span class='ocrx_word' id='word_1_133' title='bbox 556 1015 618 1050; x_wconf 88' lang='lat' dir='ltr'>qua</span> <span class='ocrx_word' id='word_1_134' title='bbox 649 1007 801 1037; x_wconf 89' lang='lat' dir='ltr'>cantatur</span> <span class='ocrx_word' id='word_1_135' title='bbox 820 1002 936 1036; x_wconf 85' lang='lat' dir='ltr'>Judica</span> <span class='ocrx_word' id='word_1_136' title='bbox 965 1012 1051 1036; x_wconf 84' lang='lat' dir='ltr'>anno</span> <span class='ocrx_word' id='word_1_137' title='bbox 1081 1001 1202 1035; x_wconf 92' lang='lat' dir='ltr'>domini</span> <span class='ocrx_word' id='word_1_138' title='bbox 1222 1000 1394 1034; x_wconf 90' lang='lat' dir='ltr'>millesimo</span> <span class='ocrx_word' id='word_1_139' title='bbox 1416 1002 1649 1033; x_wconf 87' lang='lat' dir='ltr'>trecentesimo</span> <span class='ocrx_word' id='word_1_140' title='bbox 1671 1001 1839 1033; x_wconf 85' lang='lat' dir='ltr'>tricesimo</span> <span class='ocrx_word' id='word_1_141' title='bbox 1860 1009 1962 1032; x_wconf 92' lang='lat' dir='ltr'>nono.</span> 
     </span>
     <span class='ocr_line' id='line_1_15' title="bbox 115 1060 1962 1112; baseline -0.004 -12"><span class='ocrx_word' id='word_1_142' title='bbox 115 1066 210 1112; x_wconf 70' lang='lat' dir='ltr'>(sd.</span> <span class='ocrx_word' id='word_1_143' title='bbox 222 1065 259 1100; x_wconf 89' lang='lat' dir='ltr'>B.</span> <span class='ocrx_word' id='word_1_144' title='bbox 271 1066 306 1100; x_wconf 92' lang='lat' dir='ltr'>S.</span> <span class='ocrx_word' id='word_1_145' title='bbox 320 1064 403 1100; x_wconf 83' lang='lat'>165.</span> <span class='ocrx_word' id='word_1_146' title='bbox 416 1064 456 1099; x_wconf 80' lang='lat' dir='ltr'>N.</span> <span class='ocrx_word' id='word_1_147' title='bbox 468 1064 571 1107; x_wconf 80' lang='lat'>227.)</span> <span class='ocrx_word' id='word_1_148' title='bbox 593 1064 661 1098; x_wconf 86' lang='lat' dir='ltr'>Nos</span> <span class='ocrx_word' id='word_1_149' title='bbox 677 1066 822 1110; x_wconf 88' lang='lat' dir='ltr'>paternis</span> <span class='ocrx_word' id='word_1_150' title='bbox 839 1065 990 1108; x_wconf 80' lang='lat' dir='ltr'>vestigijs</span> <span class='ocrx_word' id='word_1_151' title='bbox 1007 1062 1159 1096; x_wconf 84' lang='lat' dir='ltr'>inherere</span> <span class='ocrx_word' id='word_1_152' title='bbox 1175 1073 1214 1096; x_wconf 88' lang='lat' dir='ltr'>ac</span> <span class='ocrx_word' id='word_1_153' title='bbox 1230 1064 1429 1096; x_wconf 78' lang='lat' dir='ltr'>sinceritatis</span> <span class='ocrx_word' id='word_1_154' title='bbox 1445 1060 1612 1103; x_wconf 80' lang='lat' dir='ltr'>affectum,</span> <span class='ocrx_word' id='word_1_155' title='bbox 1633 1071 1729 1105; x_wconf 86' lang='lat' dir='ltr'>quem</span> <span class='ocrx_word' id='word_1_156' title='bbox 1746 1060 1911 1093; x_wconf 88' lang='lat' dir='ltr'>dominum</span> <span class='ocrx_word' id='word_1_157' title='bbox 1930 1087 1936 1093; x_wconf 96' lang='lat'>.</span> <span class='ocrx_word' id='word_1_158' title='bbox 1956 1087 1962 1093; x_wconf 89' lang='lat'>.</span> 
     </span>
     <span class='ocr_line' id='line_1_16' title="bbox 118 1120 1964 1171; baseline -0.005 -10"><span class='ocrx_word' id='word_1_159' title='bbox 118 1127 308 1161; x_wconf 86' lang='lat' dir='ltr'>Genitorem</span> <span class='ocrx_word' id='word_1_160' title='bbox 337 1130 484 1160; x_wconf 85' lang='lat' dir='ltr'>nostrum</span> <span class='ocrx_word' id='word_1_161' title='bbox 514 1125 553 1159; x_wconf 90' lang='lat' dir='ltr'>ad</span> <span class='ocrx_word' id='word_1_162' title='bbox 582 1124 763 1171; x_wconf 88' lang='lat' dir='ltr'>predictum</span> <span class='ocrx_word' id='word_1_163' title='bbox 792 1124 919 1166; x_wconf 76' lang='lat' dir='ltr'>Holub,</span> <span class='ocrx_word' id='word_1_164' title='bbox 949 1136 986 1157; x_wconf 89' lang='lat' dir='ltr'>ac</span> <span class='ocrx_word' id='word_1_165' title='bbox 1016 1123 1136 1157; x_wconf 86' lang='lat' dir='ltr'>fratres</span> <span class='ocrx_word' id='word_1_166' title='bbox 1164 1134 1242 1157; x_wconf 90' lang='lat' dir='ltr'>suos</span> <span class='ocrx_word' id='word_1_167' title='bbox 1271 1121 1428 1156; x_wconf 88' lang='lat' dir='ltr'>habuisse</span> <span class='ocrx_word' id='word_1_168' title='bbox 1457 1126 1489 1155; x_wconf 87' lang='lat' dir='ltr'>et</span> <span class='ocrx_word' id='word_1_169' title='bbox 1516 1120 1639 1154; x_wconf 86' lang='lat' dir='ltr'>habere</span> <span class='ocrx_word' id='word_1_170' title='bbox 1668 1123 1903 1166; x_wconf 82' lang='lat' dir='ltr'>conspicimus,</span> <span class='ocrx_word' id='word_1_171' title='bbox 1932 1122 1964 1153; x_wconf 91' lang='lat' dir='ltr'>in</span> 
     </span>
     <span class='ocr_line' id='line_1_17' title="bbox 116 1181 1964 1230; baseline -0.005 -8"><span class='ocrx_word' id='word_1_172' title='bbox 116 1188 241 1223; x_wconf 89' lang='lat' dir='ltr'>eisdem</span> <span class='ocrx_word' id='word_1_173' title='bbox 269 1186 423 1221; x_wconf 87' lang='lat' dir='ltr'>fratribus</span> <span class='ocrx_word' id='word_1_174' title='bbox 443 1189 637 1220; x_wconf 87' lang='lat' dir='ltr'>continuare</span> <span class='ocrx_word' id='word_1_175' title='bbox 666 1185 843 1230; x_wconf 83' lang='lat' dir='ltr'>benignius</span> <span class='ocrx_word' id='word_1_176' title='bbox 864 1184 1096 1230; x_wconf 76' lang='lat' dir='ltr'>disponentes,</span> <span class='ocrx_word' id='word_1_177' title='bbox 1126 1183 1291 1230; x_wconf 86' lang='lat' dir='ltr'>predictas</span> <span class='ocrx_word' id='word_1_178' title='bbox 1312 1183 1433 1216; x_wconf 88' lang='lat' dir='ltr'>domini</span> <span class='ocrx_word' id='word_1_179' title='bbox 1455 1210 1462 1216; x_wconf 94' lang='lat'>.</span> <span class='ocrx_word' id='word_1_180' title='bbox 1486 1209 1492 1216; x_wconf 91' lang='lat'>.</span> <span class='ocrx_word' id='word_1_181' title='bbox 1524 1181 1691 1215; x_wconf 87' lang='lat' dir='ltr'>Genitoris</span> <span class='ocrx_word' id='word_1_182' title='bbox 1720 1183 1822 1215; x_wconf 84' lang='lat' dir='ltr'>nostri</span> <span class='ocrx_word' id='word_1_183' title='bbox 1850 1181 1964 1214; x_wconf 83' lang='lat' dir='ltr'>literas</span> 
     </span>
     <span class='ocr_line' id='line_1_18' title="bbox 117 1243 1964 1295; baseline -0.005 -13"><span class='ocrx_word' id='word_1_184' title='bbox 117 1253 214 1295; x_wconf 88' lang='lat' dir='ltr'>prout</span> <span class='ocrx_word' id='word_1_185' title='bbox 241 1248 281 1282; x_wconf 91' lang='lat' dir='ltr'>de</span> <span class='ocrx_word' id='word_1_186' title='bbox 309 1247 413 1281; x_wconf 86' lang='lat' dir='ltr'>uerbo</span> <span class='ocrx_word' id='word_1_187' title='bbox 442 1247 483 1281; x_wconf 88' lang='lat' dir='ltr'>ad</span> <span class='ocrx_word' id='word_1_188' title='bbox 503 1246 640 1280; x_wconf 89' lang='lat' dir='ltr'>uerbum</span> <span class='ocrx_word' id='word_1_189' title='bbox 669 1245 880 1292; x_wconf 85' lang='lat' dir='ltr'>presentibus</span> <span class='ocrx_word' id='word_1_190' title='bbox 902 1250 976 1279; x_wconf 90' lang='lat' dir='ltr'>sunt</span> <span class='ocrx_word' id='word_1_191' title='bbox 1002 1248 1144 1288; x_wconf 79' lang='lat' dir='ltr'>inserte,</span> <span class='ocrx_word' id='word_1_192' title='bbox 1174 1243 1394 1290; x_wconf 81' lang='lat' dir='ltr'>approbamus</span> <span class='ocrx_word' id='word_1_193' title='bbox 1424 1243 1643 1284; x_wconf 79' lang='lat' dir='ltr'>ratificamus,</span> <span class='ocrx_word' id='word_1_194' title='bbox 1674 1244 1789 1287; x_wconf 87' lang='lat' dir='ltr'>eisque</span> <span class='ocrx_word' id='word_1_195' title='bbox 1817 1245 1964 1274; x_wconf 82' lang='lat' dir='ltr'>nostruin</span> 
     </span>
     <span class='ocr_line' id='line_1_19' title="bbox 118 1302 1965 1355; baseline -0.004 -12"><span class='ocrx_word' id='word_1_196' title='bbox 118 1309 293 1355; x_wconf 86' lang='lat' dir='ltr'>prebemus</span> <span class='ocrx_word' id='word_1_197' title='bbox 321 1319 522 1342; x_wconf 90' lang='lat' dir='ltr'>consensum</span> <span class='ocrx_word' id='word_1_198' title='bbox 550 1306 740 1341; x_wconf 91' lang='lat' dir='ltr'>beniuolum</span> <span class='ocrx_word' id='word_1_199' title='bbox 768 1310 891 1353; x_wconf 87' lang='lat' dir='ltr'>pariter</span> <span class='ocrx_word' id='word_1_200' title='bbox 918 1311 949 1340; x_wconf 87' lang='lat' dir='ltr'>et</span> <span class='ocrx_word' id='word_1_201' title='bbox 977 1317 1161 1339; x_wconf 76' lang='lat' dir='ltr'>assensum.</span> <span class='ocrx_word' id='word_1_202' title='bbox 1203 1305 1327 1339; x_wconf 91' lang='lat' dir='ltr'>Harum</span> <span class='ocrx_word' id='word_1_203' title='bbox 1355 1309 1542 1338; x_wconf 86' lang='lat' dir='ltr'>nostrarum</span> <span class='ocrx_word' id='word_1_204' title='bbox 1573 1306 1758 1337; x_wconf 86' lang='lat' dir='ltr'>testimonio</span> <span class='ocrx_word' id='word_1_205' title='bbox 1787 1302 1965 1344; x_wconf 79' lang='lat' dir='ltr'>literarum,</span> 
     </span>
     <span class='ocr_line' id='line_1_20' title="bbox 118 1362 1964 1412; baseline -0.005 -8"><span class='ocrx_word' id='word_1_206' title='bbox 118 1370 225 1404; x_wconf 89' lang='lat' dir='ltr'>datum</span> <span class='ocrx_word' id='word_1_207' title='bbox 246 1369 380 1404; x_wconf 90' lang='lat' dir='ltr'>Brunne</span> <span class='ocrx_word' id='word_1_208' title='bbox 396 1379 482 1403; x_wconf 89' lang='lat' dir='ltr'>anno</span> <span class='ocrx_word' id='word_1_209' title='bbox 499 1368 620 1402; x_wconf 91' lang='lat' dir='ltr'>domini</span> <span class='ocrx_word' id='word_1_210' title='bbox 636 1368 807 1402; x_wconf 90' lang='lat' dir='ltr'>millesimo</span> <span class='ocrx_word' id='word_1_211' title='bbox 825 1370 1056 1401; x_wconf 89' lang='lat' dir='ltr'>trecentesimo</span> <span class='ocrx_word' id='word_1_212' title='bbox 1072 1366 1324 1412; x_wconf 87' lang='lat' dir='ltr'>quadragesimo</span> <span class='ocrx_word' id='word_1_213' title='bbox 1340 1365 1392 1399; x_wconf 89' lang='lat' dir='ltr'>die</span> <span class='ocrx_word' id='word_1_214' title='bbox 1407 1364 1495 1399; x_wconf 85' lang='lat' dir='ltr'>beati</span> <span class='ocrx_word' id='word_1_215' title='bbox 1512 1363 1671 1410; x_wconf 84' lang='lat' dir='ltr'>Stephani</span> <span class='ocrx_word' id='word_1_216' title='bbox 1688 1362 1964 1409; x_wconf 83' lang='lat' dir='ltr'>prothomartiris.</span> 
     </span>
    </p>
   </div>
   <div class='ocr_carea' id='block_1_7' title="bbox 426 1429 1966 1519">
    <p class='ocr_par' dir='ltr' id='par_1_7' title="bbox 426 1429 1966 1519">
     <span class='ocr_line' id='line_1_21' title="bbox 426 1429 1966 1469; baseline -0.005 -8"><span class='ocrx_word' id='word_1_217' title='bbox 426 1435 493 1468; x_wconf 86' lang='lat' dir='ltr'>(Das</span> <span class='ocrx_word' id='word_1_218' title='bbox 523 1434 597 1469; x_wconf 82' lang='lat' dir='ltr'>Orig.</span> <span class='ocrx_word' id='word_1_219' title='bbox 628 1434 674 1460; x_wconf 85' lang='lat' dir='ltr'>auf</span> <span class='ocrx_word' id='word_1_220' title='bbox 702 1434 822 1468; x_wconf 85' lang='lat' dir='ltr'>Pergam.</span> <span class='ocrx_word' id='word_1_221' title='bbox 853 1435 896 1459; x_wconf 87' lang='lat' dir='ltr'>mit</span> <span class='ocrx_word' id='word_1_222' title='bbox 924 1434 1008 1458; x_wconf 68' lang='lat' dir='ltr'>vinem</span> <span class='ocrx_word' id='word_1_223' title='bbox 1041 1432 1147 1458; x_wconf 80' lang='lat' dir='ltr'>kleinen</span> <span class='ocrx_word' id='word_1_224' title='bbox 1174 1431 1406 1458; x_wconf 79' lang='lat' dir='ltr'>wohlerhalteneu</span> <span class='ocrx_word' id='word_1_225' title='bbox 1437 1431 1531 1465; x_wconf 84' lang='lat' dir='ltr'>Sigille</span> <span class='ocrx_word' id='word_1_226' title='bbox 1561 1431 1594 1456; x_wconf 88' lang='lat' dir='ltr'>im</span> <span class='ocrx_word' id='word_1_227' title='bbox 1624 1430 1740 1455; x_wconf 77' lang='lat' dir='ltr'>Archive</span> <span class='ocrx_word' id='word_1_228' title='bbox 1772 1429 1819 1454; x_wconf 73' lang='lat' dir='ltr'>des</span> <span class='ocrx_word' id='word_1_229' title='bbox 1843 1429 1966 1454; x_wconf 74' lang='lat' dir='ltr'>Klosters</span> 
     </span>
     <span class='ocr_line' id='line_1_22' title="bbox 529 1483 1358 1519; baseline -0.005 -6"><span class='ocrx_word' id='word_1_230' title='bbox 529 1487 609 1513; x_wconf 80' lang='lat' dir='ltr'>Maria</span> <span class='ocrx_word' id='word_1_231' title='bbox 633 1486 705 1519; x_wconf 82' lang='lat' dir='ltr'>Saal,</span> <span class='ocrx_word' id='word_1_232' title='bbox 730 1487 764 1512; x_wconf 92' lang='lat' dir='ltr'>im</span> <span class='ocrx_word' id='word_1_233' title='bbox 789 1494 821 1511; x_wconf 92' lang='grc'><strong>111.</strong></span> <span class='ocrx_word' id='word_1_234' title='bbox 848 1489 879 1511; x_wconf 86' lang='lat' dir='ltr'>st.</span> <span class='ocrx_word' id='word_1_235' title='bbox 905 1485 1116 1511; x_wconf 77' lang='lat' dir='ltr'>Lanilesarchive</span> <span class='ocrx_word' id='word_1_236' title='bbox 1138 1483 1185 1510; x_wconf 80' lang='lat' dir='ltr'>Lit.</span> <span class='ocrx_word' id='word_1_237' title='bbox 1211 1484 1238 1510; x_wconf 90' lang='lat' dir='ltr'>S.</span> <span class='ocrx_word' id='word_1_238' title='bbox 1264 1492 1288 1510; x_wconf 87' lang='lat' dir='ltr'>n.</span> <span class='ocrx_word' id='word_1_239' title='bbox 1317 1483 1358 1516; x_wconf 83' lang='lat'>3.)</span> 
     </span>
    </p>
   </div>
   <div class='ocr_carea' id='block_1_8' title="bbox 119 1566 1964 1735">
    <p class='ocr_par' dir='ltr' id='par_1_8' title="bbox 119 1566 1964 1735">
     <span class='ocr_line' id='line_1_23' title="bbox 991 1566 1097 1601; baseline -0.009 0"><span class='ocrx_word' id='word_1_240' title='bbox 991 1566 1097 1601; x_wconf 69' lang='lat'>⁶209.</span> 
     </span>
     <span class='ocr_line' id='line_1_24' title="bbox 119 1624 1964 1676; baseline -0.005 -10"><span class='ocrx_word' id='word_1_241' title='bbox 119 1632 233 1676; x_wconf 74' lang='lat' dir='ltr'>Kom&#39;q</span> <span class='ocrx_word' id='word_1_242' title='bbox 260 1631 398 1665; x_wconf 77' lang='lat' dir='ltr'>Jolzann</span> <span class='ocrx_word' id='word_1_243' title='bbox 424 1641 490 1664; x_wconf 68' lang='lat' dir='ltr'>con</span> <span class='ocrx_word' id='word_1_244' title='bbox 517 1629 669 1663; x_wconf 70' lang='lat' dir='ltr'>Bahmen</span> <span class='ocrx_word' id='word_1_245' title='bbox 695 1629 830 1673; x_wconf 71' lang='lat' dir='ltr'>sordet-l</span> <span class='ocrx_word' id='word_1_246' title='bbox 857 1629 973 1662; x_wconf 73' lang='lat' dir='ltr'>seiiwn</span> <span class='ocrx_word' id='word_1_247' title='bbox 995 1626 1089 1661; x_wconf 79' lang='lat' dir='ltr'>Solm</span> <span class='ocrx_word' id='word_1_248' title='bbox 1109 1626 1257 1675; x_wconf 76' lang='lat' dir='ltr'>Johann,</span> <span class='ocrx_word' id='word_1_249' title='bbox 1286 1626 1426 1671; x_wconf 65' lang='lat' dir='ltr'>Herzog]</span> <span class='ocrx_word' id='word_1_250' title='bbox 1454 1637 1519 1659; x_wconf 70' lang='lat' dir='ltr'>von</span> <span class='ocrx_word' id='word_1_251' title='bbox 1538 1624 1719 1659; x_wconf 68' lang='lat' dir='ltr'>Isarntleen</span> <span class='ocrx_word' id='word_1_252' title='bbox 1749 1624 1814 1657; x_wconf 73' lang='lat' dir='ltr'>mid</span> <span class='ocrx_word' id='word_1_253' title='bbox 1835 1624 1964 1666; x_wconf 75' lang='lat' dir='ltr'>Grafen</span> 
     </span>
     <span class='ocr_line' id='line_1_25' title="bbox 253 1684 1834 1735; baseline -0.005 -9"><span class='ocrx_word' id='word_1_254' title='bbox 253 1703 319 1726; x_wconf 69' lang='lat' dir='ltr'>von</span> <span class='ocrx_word' id='word_1_255' title='bbox 351 1691 463 1735; x_wconf 79' lang='lat' dir='ltr'>Te‘rol,</span> <span class='ocrx_word' id='word_1_256' title='bbox 493 1692 569 1735; x_wconf 79' lang='lat' dir='ltr'>auf,</span> <span class='ocrx_word' id='word_1_257' title='bbox 630 1691 693 1725; x_wconf 78' lang='lat' dir='ltr'>cleu</span> <span class='ocrx_word' id='word_1_258' title='bbox 722 1691 885 1724; x_wconf 75' lang='lat' dir='ltr'>Merauer</span> <span class='ocrx_word' id='word_1_259' title='bbox 919 1689 1054 1732; x_wconf 66' lang='lat' dir='ltr'>Blityei·</span> <span class='ocrx_word' id='word_1_260' title='bbox 1082 1686 1227 1721; x_wconf 76' lang='lat' dir='ltr'>Eberlin</span> <span class='ocrx_word' id='word_1_261' title='bbox 1254 1687 1347 1721; x_wconf 69' lang='lat' dir='ltr'>nicht</span> <span class='ocrx_word' id='word_1_262' title='bbox 1374 1699 1417 1721; x_wconf 67' lang='lat' dir='ltr'>za</span> <span class='ocrx_word' id='word_1_263' title='bbox 1445 1686 1647 1731; x_wconf 65' lang='lat' dir='ltr'>beldsliqeu.</span> <span class='ocrx_word' id='word_1_264' title='bbox 1680 1684 1834 1727; x_wconf 75' lang='lat'>(1340.)</span> 
     </span>
    </p>
   </div>
   <div class='ocr_carea' id='block_1_9' title="bbox 120 1754 1968 2182">
    <p class='ocr_par' dir='ltr' id='par_1_9' title="bbox 120 1754 1968 2182">
     <span class='ocr_line' id='line_1_26' title="bbox 276 1754 1968 1816; baseline -0.007 -7"><span class='ocrx_word' id='word_1_265' title='bbox 276 1754 367 1809; x_wconf 78' lang='lat' dir='ltr'>Tibi</span> <span class='ocrx_word' id='word_1_266' title='bbox 396 1774 557 1816; x_wconf 84' lang='lat' dir='ltr'>Johanni,</span> <span class='ocrx_word' id='word_1_267' title='bbox 587 1774 651 1807; x_wconf 86' lang='lat' dir='ltr'>silio</span> <span class='ocrx_word' id='word_1_268' title='bbox 680 1778 793 1807; x_wconf 88' lang='lat' dir='ltr'>nostro</span> <span class='ocrx_word' id='word_1_269' title='bbox 820 1772 1011 1806; x_wconf 72' lang='lat' dir='ltr'>karissimo.</span> <span class='ocrx_word' id='word_1_270' title='bbox 1047 1770 1120 1803; x_wconf 87' lang='lat' dir='ltr'>duci</span> <span class='ocrx_word' id='word_1_271' title='bbox 1149 1769 1360 1815; x_wconf 65' lang='lat' dir='ltr'>Karffinthie]</span> <span class='ocrx_word' id='word_1_272' title='bbox 1396 1781 1435 1803; x_wconf 86' lang='lat' dir='ltr'>ac</span> <span class='ocrx_word' id='word_1_273' title='bbox 1463 1772 1574 1803; x_wconf 86' lang='lat' dir='ltr'>comiti</span> <span class='ocrx_word' id='word_1_274' title='bbox 1603 1767 1841 1814; x_wconf 63' lang='lat' dir='ltr'>Tyrotlensi),</span> <span class='ocrx_word' id='word_1_275' title='bbox 1872 1777 1968 1799; x_wconf 81' lang='lat' dir='ltr'>coni-</span> 
     </span>
     <span class='ocr_line' id='line_1_27' title="bbox 120 1826 1968 1878; baseline -0.006 -8"><span class='ocrx_word' id='word_1_276' title='bbox 120 1837 274 1869; x_wconf 86' lang='lat' dir='ltr'>mittimus</span> <span class='ocrx_word' id='word_1_277' title='bbox 302 1835 468 1878; x_wconf 75' lang='lat' dir='ltr'>studiose,</span> <span class='ocrx_word' id='word_1_278' title='bbox 498 1834 667 1876; x_wconf 84' lang='lat' dir='ltr'>Quatenus</span> <span class='ocrx_word' id='word_1_279' title='bbox 695 1834 927 1877; x_wconf 53' lang='lat' dir='ltr'>Ebot-Ninum]</span> <span class='ocrx_word' id='word_1_280' title='bbox 956 1832 1074 1865; x_wconf 82' lang='lat' dir='ltr'>(lictum</span> <span class='ocrx_word' id='word_1_281' title='bbox 1095 1830 1191 1864; x_wconf 83' lang='lat' dir='ltr'>Offen</span> <span class='ocrx_word' id='word_1_282' title='bbox 1217 1851 1259 1855; x_wconf 86' lang='lat'>——</span> <span class='ocrx_word' id='word_1_283' title='bbox 1283 1833 1390 1864; x_wconf 85' lang='lat' dir='ltr'>civem</span> <span class='ocrx_word' id='word_1_284' title='bbox 1420 1829 1672 1871; x_wconf 74' lang='lat' dir='ltr'>Meranenscm,</span> <span class='ocrx_word' id='word_1_285' title='bbox 1702 1840 1760 1874; x_wconf 87' lang='lat' dir='ltr'>pro</span> <span class='ocrx_word' id='word_1_286' title='bbox 1790 1838 1853 1873; x_wconf 87' lang='lat' dir='ltr'>quo</span> <span class='ocrx_word' id='word_1_287' title='bbox 1883 1826 1968 1872; x_wconf 83' lang='lat' dir='ltr'>apud</span> 
     </span>
     <span class='ocr_line' id='line_1_28' title="bbox 121 1889 1968 1941; baseline -0.005 -11"><span class='ocrx_word' id='word_1_288' title='bbox 121 1900 264 1930; x_wconf 88' lang='lat' dir='ltr'>nostram</span> <span class='ocrx_word' id='word_1_289' title='bbox 294 1895 526 1930; x_wconf 86' lang='lat' dir='ltr'>Celsitudinem</span> <span class='ocrx_word' id='word_1_290' title='bbox 555 1896 666 1941; x_wconf 87' lang='lat' dir='ltr'>plures</span> <span class='ocrx_word' id='word_1_291' title='bbox 696 1906 739 1929; x_wconf 82' lang='lat' dir='ltr'>ex</span> <span class='ocrx_word' id='word_1_292' title='bbox 769 1897 887 1928; x_wconf 76' lang='lat' dir='ltr'>nosti-is</span> <span class='ocrx_word' id='word_1_293' title='bbox 921 1892 1087 1933; x_wconf 71' lang='lat' dir='ltr'>fidelibus.</span> <span class='ocrx_word' id='word_1_294' title='bbox 1123 1890 1294 1925; x_wconf 85' lang='lat' dir='ltr'>Nobilibus</span> <span class='ocrx_word' id='word_1_295' title='bbox 1332 1891 1489 1927; x_wconf 68' lang='lat' dir='ltr'>Boeinie.</span> <span class='ocrx_word' id='word_1_296' title='bbox 1528 1895 1559 1924; x_wconf 84' lang='lat' dir='ltr'>et</span> <span class='ocrx_word' id='word_1_297' title='bbox 1587 1902 1631 1924; x_wconf 79' lang='lat' dir='ltr'>cx</span> <span class='ocrx_word' id='word_1_298' title='bbox 1661 1892 1740 1931; x_wconf 73' lang='lat' dir='ltr'>tuis,</span> <span class='ocrx_word' id='word_1_299' title='bbox 1771 1889 1968 1933; x_wconf 67' lang='lat' dir='ltr'>Tyrolensis</span> 
     </span>
     <span class='ocr_line' id='line_1_29' title="bbox 124 1951 1967 1999; baseline -0.005 -10"><span class='ocrx_word' id='word_1_300' title='bbox 124 1959 298 1990; x_wconf 82' lang='lat' dir='ltr'>comitatus</span> <span class='ocrx_word' id='word_1_301' title='bbox 332 1957 481 1991; x_wconf 84' lang='lat' dir='ltr'>similiter</span> <span class='ocrx_word' id='word_1_302' title='bbox 507 1955 698 1999; x_wconf 86' lang='lat' dir='ltr'>Nobilibus,</span> <span class='ocrx_word' id='word_1_303' title='bbox 733 1954 939 1989; x_wconf 71' lang='lat' dir='ltr'>intercedere</span> <span class='ocrx_word' id='word_1_304' title='bbox 974 1956 1194 1990; x_wconf 77' lang='lat' dir='ltr'>curaverunt,</span> <span class='ocrx_word' id='word_1_305' title='bbox 1239 1951 1325 1985; x_wconf 83' lang='lat' dir='ltr'>nulla</span> <span class='ocrx_word' id='word_1_306' title='bbox 1363 1955 1541 1985; x_wconf 79' lang='lat' dir='ltr'>occasione</span> <span class='ocrx_word' id='word_1_307' title='bbox 1579 1953 1757 1995; x_wconf 75' lang='lat' dir='ltr'>exigente.</span> <span class='ocrx_word' id='word_1_308' title='bbox 1794 1951 1967 1994; x_wconf 77' lang='lat' dir='ltr'>permittas</span> 
     </span>
     <span class='ocr_line' id='line_1_30' title="bbox 124 2009 1967 2064; baseline -0.004 -15"><span class='ocrx_word' id='word_1_309' title='bbox 124 2016 246 2051; x_wconf 87' lang='lat' dir='ltr'>turbari</span> <span class='ocrx_word' id='word_1_310' title='bbox 275 2020 306 2051; x_wconf 87' lang='lat' dir='ltr'>in</span> <span class='ocrx_word' id='word_1_311' title='bbox 335 2017 442 2064; x_wconf 91' lang='lat' dir='ltr'>aliquo</span> <span class='ocrx_word' id='word_1_312' title='bbox 471 2017 526 2051; x_wconf 85' lang='lat' dir='ltr'>vel</span> <span class='ocrx_word' id='word_1_313' title='bbox 554 2020 706 2061; x_wconf 85' lang='lat' dir='ltr'>gravari,</span> <span class='ocrx_word' id='word_1_314' title='bbox 737 2016 843 2050; x_wconf 81' lang='lat' dir='ltr'>donec</span> <span class='ocrx_word' id='word_1_315' title='bbox 872 2025 1005 2049; x_wconf 80' lang='lat' dir='ltr'>cansam</span> <span class='ocrx_word' id='word_1_316' title='bbox 1034 2012 1204 2057; x_wconf 84' lang='lat' dir='ltr'>cujusdam</span> <span class='ocrx_word' id='word_1_317' title='bbox 1232 2012 1378 2046; x_wconf 79' lang='lat' dir='ltr'>Eherlini</span> <span class='ocrx_word' id='word_1_318' title='bbox 1407 2011 1628 2058; x_wconf 80' lang='lat' dir='ltr'>personaliter</span> <span class='ocrx_word' id='word_1_319' title='bbox 1660 2010 1847 2043; x_wconf 78' lang='lat' dir='ltr'>audianms.</span> <span class='ocrx_word' id='word_1_320' title='bbox 1884 2009 1967 2049; x_wconf 77' lang='lat' dir='ltr'>Quia</span> 
     </span>
     <span class='ocr_line' id='line_1_31' title="bbox 124 2070 1964 2121; baseline -0.006 -9"><span class='ocrx_word' id='word_1_321' title='bbox 124 2077 328 2121; x_wconf 90' lang='lat' dir='ltr'>rumoribus,</span> <span class='ocrx_word' id='word_1_322' title='bbox 367 2083 402 2112; x_wconf 90' lang='lat' dir='ltr'>ut</span> <span class='ocrx_word' id='word_1_323' title='bbox 436 2089 523 2112; x_wconf 89' lang='lat' dir='ltr'>nunc</span> <span class='ocrx_word' id='word_1_324' title='bbox 560 2089 596 2112; x_wconf 88' lang='lat' dir='ltr'>se</span> <span class='ocrx_word' id='word_1_325' title='bbox 631 2076 845 2117; x_wconf 78' lang='lat' dir='ltr'>habentibus,</span> <span class='ocrx_word' id='word_1_326' title='bbox 885 2076 976 2109; x_wconf 75' lang='lat' dir='ltr'>locus</span> <span class='ocrx_word' id='word_1_327' title='bbox 1012 2084 1076 2107; x_wconf 90' lang='lat' dir='ltr'>non</span> <span class='ocrx_word' id='word_1_328' title='bbox 1106 2078 1172 2116; x_wconf 84' lang='lat' dir='ltr'>est,</span> <span class='ocrx_word' id='word_1_329' title='bbox 1208 2072 1293 2118; x_wconf 87' lang='lat' dir='ltr'>quod</span> <span class='ocrx_word' id='word_1_330' title='bbox 1329 2074 1444 2118; x_wconf 82' lang='lat' dir='ltr'>aliquis</span> <span class='ocrx_word' id='word_1_331' title='bbox 1474 2072 1731 2117; x_wconf 82' lang='lat' dir='ltr'>Terrigenai·inn</span> <span class='ocrx_word' id='word_1_332' title='bbox 1760 2070 1814 2103; x_wconf 75' lang='lat' dir='ltr'>vel</span> <span class='ocrx_word' id='word_1_333' title='bbox 1844 2072 1964 2102; x_wconf 72' lang='lat' dir='ltr'>civium</span> 
     </span>
     <span class='ocr_line' id='line_1_32' title="bbox 125 2133 1501 2182; baseline -0.004 -10"><span class='ocrx_word' id='word_1_334' title='bbox 125 2138 327 2182; x_wconf 78' lang='lat' dir='ltr'>offendatur,</span> <span class='ocrx_word' id='word_1_335' title='bbox 356 2137 451 2180; x_wconf 85' lang='lat' dir='ltr'>Quod</span> <span class='ocrx_word' id='word_1_336' title='bbox 481 2141 614 2172; x_wconf 92' lang='lat' dir='ltr'>omnino</span> <span class='ocrx_word' id='word_1_337' title='bbox 644 2140 757 2172; x_wconf 76' lang='lat' dir='ltr'>caveri</span> <span class='ocrx_word' id='word_1_338' title='bbox 787 2137 937 2171; x_wconf 70' lang='lat' dir='ltr'>volumus</span> <span class='ocrx_word' id='word_1_339' title='bbox 967 2134 1051 2180; x_wconf 85' lang='lat' dir='ltr'>apud</span> <span class='ocrx_word' id='word_1_340' title='bbox 1079 2144 1208 2167; x_wconf 86' lang='lat' dir='ltr'>omnes.</span> <span class='ocrx_word' id='word_1_341' title='bbox 1264 2133 1384 2167; x_wconf 87' lang='lat' dir='ltr'>Datum</span> <span class='ocrx_word' id='word_1_342' title='bbox 1413 2144 1442 2166; x_wconf 88' lang='lat' dir='ltr'>e.</span> <span class='ocrx_word' id='word_1_343' title='bbox 1473 2144 1501 2166; x_wconf 91' lang='lat' dir='ltr'>c.</span> 
     </span>
    </p>
   </div>
   <div class='ocr_carea' id='block_1_10' title="bbox 433 2198 1450 2238">
    <p class='ocr_par' dir='ltr' id='par_1_10' title="bbox 433 2198 1450 2238">
     <span class='ocr_line' id='line_1_33' title="bbox 433 2198 1450 2238; baseline -0.008 -7"><span class='ocrx_word' id='word_1_344' title='bbox 433 2204 542 2237; x_wconf 83' lang='lat' dir='ltr'>(Jacobi</span> <span class='ocrx_word' id='word_1_345' title='bbox 567 2204 654 2230; x_wconf 73' lang='lat' dir='ltr'>codex</span> <span class='ocrx_word' id='word_1_346' title='bbox 678 2203 831 2238; x_wconf 80' lang='lat' dir='ltr'>epistolaris</span> <span class='ocrx_word' id='word_1_347' title='bbox 856 2202 985 2228; x_wconf 69' lang='lat' dir='ltr'>Jotmnms</span> <span class='ocrx_word' id='word_1_348' title='bbox 1010 2210 1066 2233; x_wconf 62' lang='lat' dir='ltr'>reg.</span> <span class='ocrx_word' id='word_1_349' title='bbox 1093 2200 1225 2225; x_wconf 82' lang='lat' dir='ltr'>Bohemiae</span> <span class='ocrx_word' id='word_1_350' title='bbox 1250 2199 1276 2224; x_wconf 86' lang='lat' dir='ltr'>S.</span> <span class='ocrx_word' id='word_1_351' title='bbox 1303 2198 1330 2225; x_wconf 85' lang='lat'>5.</span> <span class='ocrx_word' id='word_1_352' title='bbox 1357 2208 1380 2225; x_wconf 93' lang='lat' dir='ltr'>n.</span> <span class='ocrx_word' id='word_1_353' title='bbox 1407 2200 1450 2231; x_wconf 73' lang='lat'>9.)</span> 
     </span>
    </p>
   </div>
   <div class='ocr_carea' id='block_1_11' title="bbox 127 2282 1970 2507">
    <p class='ocr_par' dir='ltr' id='par_1_11' title="bbox 127 2282 1970 2507">
     <span class='ocr_line' id='line_1_34' title="bbox 996 2282 1103 2316; baseline 0.009 -1"><span class='ocrx_word' id='word_1_354' title='bbox 996 2282 1103 2316; x_wconf 80' lang='lat'>300.</span> 
     </span>
     <span class='ocr_line' id='line_1_35' title="bbox 128 2339 1970 2391; baseline -0.006 -10"><span class='ocrx_word' id='word_1_355' title='bbox 128 2347 240 2391; x_wconf 65' lang='lat' dir='ltr'>Isom&#39;g]</span> <span class='ocrx_word' id='word_1_356' title='bbox 264 2345 399 2380; x_wconf 80' lang='lat' dir='ltr'>Johann</span> <span class='ocrx_word' id='word_1_357' title='bbox 428 2358 490 2380; x_wconf 71' lang='lat' dir='ltr'>con</span> <span class='ocrx_word' id='word_1_358' title='bbox 522 2346 673 2380; x_wconf 77' lang='lat' dir='ltr'>Bo&#39;lmzen</span> <span class='ocrx_word' id='word_1_359' title='bbox 701 2345 794 2391; x_wconf 70' lang='lat' dir='ltr'>yi‘ebl</span> <span class='ocrx_word' id='word_1_360' title='bbox 822 2346 891 2378; x_wconf 73' lang='lat' dir='ltr'>dem</span> <span class='ocrx_word' id='word_1_361' title='bbox 924 2343 1072 2377; x_wconf 61' lang='lat' dir='ltr'>L&#39;bz&#39;slau:</span> <span class='ocrx_word' id='word_1_362' title='bbox 1100 2353 1161 2375; x_wconf 79' lang='lat' dir='ltr'>con</span> <span class='ocrx_word' id='word_1_363' title='bbox 1189 2341 1352 2375; x_wconf 66' lang='lat' dir='ltr'>Nes-estio</span> <span class='ocrx_word' id='word_1_364' title='bbox 1380 2341 1441 2375; x_wconf 79' lang='lat' dir='ltr'>(las</span> <span class='ocrx_word' id='word_1_365' title='bbox 1465 2341 1560 2384; x_wconf 80' lang='lat' dir='ltr'>Dorf</span> <span class='ocrx_word' id='word_1_366' title='bbox 1579 2340 1740 2373; x_wconf 66' lang='lat' dir='ltr'>Nes-estio</span> <span class='ocrx_word' id='word_1_367' title='bbox 1770 2339 1835 2372; x_wconf 79' lang='lat' dir='ltr'>med</span> <span class='ocrx_word' id='word_1_368' title='bbox 1860 2340 1970 2382; x_wconf 64' lang='lat' dir='ltr'>et&#39;uifse</span> 
     </span>
     <span class='ocr_line' id='line_1_36' title="bbox 127 2399 1967 2445; baseline -0.007 -3"><span class='ocrx_word' id='word_1_369' title='bbox 127 2408 254 2442; x_wconf 81' lang='lat' dir='ltr'>andere</span> <span class='ocrx_word' id='word_1_370' title='bbox 285 2407 391 2440; x_wconf 70' lang='lat' dir='ltr'>Giller</span> <span class='ocrx_word' id='word_1_371' title='bbox 419 2408 451 2439; x_wconf 77' lang='lat' dir='ltr'>in</span> <span class='ocrx_word' id='word_1_372' title='bbox 479 2407 626 2441; x_wconf 76' lang='lat' dir='ltr'>Rade&#39;tz&#39;c</span> <span class='ocrx_word' id='word_1_373' title='bbox 655 2408 720 2440; x_wconf 77' lang='lat' dir='ltr'>med</span> <span class='ocrx_word' id='word_1_374' title='bbox 747 2407 878 2440; x_wconf 68' lang='lat' dir='ltr'>I’uliwo</span> <span class='ocrx_word' id='word_1_375' title='bbox 914 2416 984 2438; x_wconf 71' lang='lat' dir='ltr'>zum</span> <span class='ocrx_word' id='word_1_376' title='bbox 1015 2402 1138 2436; x_wconf 66' lang='lat' dir='ltr'>Leaen.</span> <span class='ocrx_word' id='word_1_377' title='bbox 1169 2402 1228 2435; x_wconf 88' lang='lat' dir='ltr'>Dt.</span> <span class='ocrx_word' id='word_1_378' title='bbox 1259 2403 1290 2435; x_wconf 76' lang='lat' dir='ltr'>in</span> <span class='ocrx_word' id='word_1_379' title='bbox 1319 2402 1457 2445; x_wconf 77' lang='lat' dir='ltr'>Pieslca,</span> <span class='ocrx_word' id='word_1_380' title='bbox 1485 2403 1551 2445; x_wconf 78' lang='lat' dir='ltr'>ser.</span> <span class='ocrx_word' id='word_1_381' title='bbox 1577 2399 1639 2434; x_wconf 78' lang='lat' dir='ltr'>lt‘.</span> <span class='ocrx_word' id='word_1_382' title='bbox 1664 2402 1745 2444; x_wconf 75' lang='lat' dir='ltr'>post</span> <span class='ocrx_word' id='word_1_383' title='bbox 1774 2399 1967 2432; x_wconf 60' lang='lat' dir='ltr'>(lii-cumeis.</span> 
     </span>
     <span class='ocr_line' id='line_1_37' title="bbox 781 2462 1314 2507; baseline -0.008 -7"><span class='ocrx_word' id='word_1_384' title='bbox 781 2467 906 2501; x_wconf 72' lang='lat' dir='ltr'>domiui</span> <span class='ocrx_word' id='word_1_385' title='bbox 934 2464 989 2507; x_wconf 77' lang='grc'>(3.</span> <span class='ocrx_word' id='word_1_386' title='bbox 1019 2464 1170 2505; x_wconf 68' lang='lat' dir='ltr'>Jatmer)</span> <span class='ocrx_word' id='word_1_387' title='bbox 1204 2462 1314 2496; x_wconf 70' lang='lat'><em>1341.</em></span> 
     </span>
    </p>
   </div>
   <div class='ocr_carea' id='block_1_12' title="bbox 284 2526 1970 2589">
    <p class='ocr_par' dir='ltr' id='par_1_12' title="bbox 284 2526 1970 2589">
     <span class='ocr_line' id='line_1_38' title="bbox 284 2526 1970 2589; baseline -0.006 -10"><span class='ocrx_word' id='word_1_388' title='bbox 284 2526 372 2579; x_wconf 58' lang='lat' dir='ltr'>Ros</span> <span class='ocrx_word' id='word_1_389' title='bbox 391 2544 562 2578; x_wconf 87' lang='lat' dir='ltr'>Johannes</span> <span class='ocrx_word' id='word_1_390' title='bbox 582 2544 633 2578; x_wconf 86' lang='lat' dir='ltr'>dci</span> <span class='ocrx_word' id='word_1_391' title='bbox 653 2547 766 2589; x_wconf 84' lang='lat' dir='ltr'>gracia</span> <span class='ocrx_word' id='word_1_392' title='bbox 783 2544 917 2578; x_wconf 79' lang='lat' dir='ltr'>Bocinie</span> <span class='ocrx_word' id='word_1_393' title='bbox 933 2542 1019 2583; x_wconf 62' lang='lat' dir='ltr'>Rex,</span> <span class='ocrx_word' id='word_1_394' title='bbox 1041 2552 1081 2575; x_wconf 85' lang='lat' dir='ltr'>ac</span> <span class='ocrx_word' id='word_1_395' title='bbox 1100 2540 1402 2585; x_wconf 72' lang='lat' dir='ltr'>Luceinburgensis</span> <span class='ocrx_word' id='word_1_396' title='bbox 1419 2539 1550 2573; x_wconf 71' lang='lat' dir='ltr'>Comes.</span> <span class='ocrx_word' id='word_1_397' title='bbox 1573 2535 1836 2572; x_wconf 79' lang='lat' dir='ltr'>Notumsaciinus</span> <span class='ocrx_word' id='word_1_398' title='bbox 1853 2541 1970 2570; x_wconf 77' lang='lat' dir='ltr'>tenore</span> 
     </span>
    </p>
   </div>
   <div class='ocr_carea' id='block_1_13' title="bbox 129 2591 1969 2686">
    <p class='ocr_par' dir='ltr' id='par_1_13' title="bbox 129 2591 1969 2686">
     <span class='ocr_line' id='line_1_39' title="bbox 129 2591 1969 2652; baseline -0.006 -11"><span class='ocrx_word' id='word_1_399' title='bbox 129 2609 338 2652; x_wconf 88' lang='lat' dir='ltr'>presencium</span> <span class='ocrx_word' id='word_1_400' title='bbox 369 2608 551 2639; x_wconf 63' lang='lat' dir='ltr'>vntuoersts,</span> <span class='ocrx_word' id='word_1_401' title='bbox 582 2604 675 2645; x_wconf 86' lang='lat' dir='ltr'>Quod</span> <span class='ocrx_word' id='word_1_402' title='bbox 706 2605 913 2639; x_wconf 77' lang='lat' dir='ltr'>attendentes</span> <span class='ocrx_word' id='word_1_403' title='bbox 942 2607 1037 2648; x_wconf 82' lang='lat' dir='ltr'>grata</span> <span class='ocrx_word' id='word_1_404' title='bbox 1066 2607 1098 2636; x_wconf 87' lang='lat' dir='ltr'>et</span> <span class='ocrx_word' id='word_1_405' title='bbox 1125 2602 1231 2636; x_wconf 86' lang='lat' dir='ltr'>fidelia</span> <span class='ocrx_word' id='word_1_406' title='bbox 1262 2591 1421 2643; x_wconf 67' lang='lat' dir='ltr'>seruicia,</span> <span class='ocrx_word' id='word_1_407' title='bbox 1452 2610 1514 2645; x_wconf 85' lang='lat' dir='ltr'>que</span> <span class='ocrx_word' id='word_1_408' title='bbox 1543 2600 1679 2633; x_wconf 87' lang='lat' dir='ltr'>dilectus</span> <span class='ocrx_word' id='word_1_409' title='bbox 1700 2599 1793 2633; x_wconf 85' lang='lat' dir='ltr'>nohis</span> <span class='ocrx_word' id='word_1_410' title='bbox 1815 2598 1969 2631; x_wconf 71' lang='lat' dir='ltr'>Vliizlans</span> 
     </span>
     <span class='ocr_line' id='line_1_40' title="bbox 1828 2658 1868 2686; baseline 0 0"><span class='ocrx_word' id='word_1_411' title='bbox 1828 2658 1868 2686; x_wconf 51' lang='lat'>2&amp;</span> 
     </span>
    </p>
   </div>
  </div>
 </body>
</html>
