2184 2828
1103 143 1177 177 71ss

1104 261 1176 296 45.

206 351 324 395 Ko'm'q
355 349 489 384 Otakar
516 361 580 383 von
609 349 762 382 Bolzmen
790 348 890 382 bittet
920 348 1029 382 Pabse
1057 347 1228 381 Innocens
1258 346 1324 380 ΙΙΙ.
1355 358 1408 380 um
1437 346 1666 392 Besta'tz'quny
1693 350 1806 382 seines
1834 359 1964 391 neuen,
2002 349 2071 383 und

330 406 332 409 ’
652 421 705 443 um
733 410 923 454 Avislo'sweq
951 410 1010 442 des
1045 409 1140 442 alten
1168 406 1460 441 Elzebezmtnisses.
1519 407 1628 442 1199.

370 486 473 539 (xum
504 509 637 539 vestrae
666 504 876 539 discretionis
905 509 998 538 cauta
1029 508 1061 537 et
1089 507 1206 549 potens
1236 500 1421 536 authoritas
1450 505 1578 536 cunctis
1607 505 1690 537 sciat
1718 507 1749 536 et
1778 507 1882 548 possit
1901 503 1998 549 linem
2028 515 2069 538 ac

212 566 317 601 robur
346 566 425 600 dare
454 568 609 610 negotiis,
639 569 774 599 vestrae
802 564 1010 599 notificamus
1040 565 1216 605 sanctitati,
1246 574 1307 596 nos
1329 566 1359 596 111
1390 565 1528 609 pueritia
1558 568 1669 597 nostra
1700 563 1828 597 cuidam
1856 567 2069 610 consangui-

211 638 301 662 neae
336 631 489 669 nostrae,
526 629 595 672 ipsa
625 629 721 659 etiam
758 629 789 659 iu
823 630 939 659 tenera
978 628 1085 658 aetate
1114 626 1318 661 exsistente,
1358 626 1432 657 siue
1460 623 1621 657 dotalibus
1650 627 1897 667 instrumentis,
1935 630 2068 670 praeter

213 692 387 734 parentum
418 691 608 721 nostrorum
637 688 897 729 conscientiam,
926 688 1063 730 insuper
1091 689 1124 718 et
1153 684 1236 717 illius
1265 687 1417 728 cognatis
1446 684 1686 728 ignorantibus,
1717 682 1932 728 adhaesisse,
1962 690 1994 718 et
2021 688 2070 719 sic

213 760 275 783 nos
306 748 428 793 aliquot
460 750 555 781 annis
585 747 680 781 simul
709 757 775 780 non
804 748 878 779 sine
907 746 1057 779 laesione
1087 747 1257 789 utriusque
1286 747 1525 787 conscientiae,
1555 744 1777 779 cohabitasse.
1814 744 1923 790 Super
1951 750 2065 779 nostra

212 813 326 843 autem
364 808 586 852 disjunctione
615 807 732 841 literae
760 818 778 840 a
807 806 959 840 Romana
995 805 1075 840 sede
1105 805 1237 839 fuerunt
1264 807 1479 850 impetratae,
1515 816 1578 838 nec
1608 817 1748 851 unquam
1784 806 2070 851 praedecessores

212 871 336 911 xestri,
366 871 527 913 «quamvis
567 879 668 913 super
697 867 759 900 hoc
797 871 911 900 essent
939 866 1101 907 consulti,
1138 865 1235 898 talem
1264 869 1471 899 contractum
1510 865 1657 900 stabilire
1687 866 1877 909 voluerunt,
1912 877 1952 900 eo
1981 866 2069 911 quod

212 940 276 964 nos
315 932 347 962 111
383 933 499 974 quarto
537 928 641 972 gradu
683 929 982 971 consanguinitatis
1020 929 1276 969 attingeremus,
1319 926 1376 959 sed
1415 929 1532 960 neseio
1570 938 1631 971 qua
1669 927 1710 960 de
1747 938 1850 961 causa
1890 930 2068 972 episcopus

213 990 396 1034 Pragensis
426 988 543 1022 beatae
572 990 752 1021 memoriae
781 987 822 1021 H.
852 987 960 1020 eidem
990 986 1177 1032 supersedit
1206 989 1353 1031 negotio.
1402 986 1482 1020 Cum
1512 998 1594 1020 vero
1623 998 1666 1020 ex
1695 998 1734 1020 ea
1765 987 1914 1021 sobolem
1944 998 2069 1021 susce-

214 1054 390 1097 pissemus,
421 1054 644 1083 statueramus
663 1048 780 1094 pudori
802 1052 979 1093 susceptae
1009 1048 1110 1093 prolis
1130 1046 1319 1081 consulere,
1349 1051 1381 1080 et
1410 1046 1495 1093 quod
1516 1047 1692 1091 acciderat,
1722 1047 1782 1082 sub
1811 1047 1942 1081 silentio
1962 1059 2067 1094 prae-

214 1114 327 1144 terire.
384 1109 509 1143 Verum
540 1114 649 1142 tamen
686 1120 758 1142 cum
789 1108 828 1141 ab
858 1110 972 1141 amicis
1010 1111 1134 1141 nostris
1163 1112 1196 1141 et
1225 1110 1394 1152 utriusque
1423 1110 1592 1152 cognatis,
1627 1119 1689 1141 nec
1718 1119 1784 1141 non
1820 1112 1852 1141 et
1880 1108 1952 1142 aliis
1988 1110 2069 1142 viris

215 1172 384 1215 religiosis
413 1181 515 1215 super
543 1169 660 1203 eodem
691 1168 778 1202 sacto
808 1180 911 1214 saepe
940 1179 1176 1213 argueremur,
1215 1178 1256 1201 eo
1285 1168 1371 1213 quod
1401 1167 1495 1202 nobis
1524 1179 1591 1202 non
1618 1173 1710 1202 esset
1739 1173 1840 1202 tutum
1868 1169 1922 1202 tali
1950 1169 2068 1214 copula

215 1232 371 1269 detineri,
401 1241 463 1264 nec
493 1233 565 1275 ipsa
595 1241 612 1262 a
642 1229 737 1263 1101115
768 1232 930 1263 secretius
960 1234 991 1262 et
1020 1229 1210 1273 diligentius
1240 1231 1392 1274 inquisita
1422 1228 1561 1262 eandem
1582 1231 1905 1273 consanguinitatem
1934 1229 2069 1263 inficia-

215 1296 322 1331 retur,
353 1291 431 1324 utile
460 1290 555 1324 nobis
582 1293 692 1323 visum
721 1289 779 1323 fuit
808 1292 915 1335 potius
944 1289 1109 1323 indebitae
1139 1290 1385 1333 conjunctionis
1414 1293 1578 1323 sustinere
1606 1289 1875 1333 dissolutionem,
1911 1300 2007 1335 quam
2036 1293 2068 1324 ei

215 1352 410 1386 cohabitare
447 1356 562 1385 eontra
600 1351 765 1384 ecclesiae
798 1355 1012 1396 praeceptum
1052 1355 1083 1383 et
1121 1350 1339 1384 honestatem.
1405 1349 1485 1384 Cum
1522 1361 1604 1384 vero
1638 1353 1708 1396 ipsa
1746 1362 1874 1384 mecum
1912 1354 2005 1385 esset
2036 1353 2068 1384 in

216 1424 339 1457 regno,
370 1416 589 1446 accesserunt
617 1414 789 1457 utriusque
818 1414 970 1455 cognati,
1007 1415 1040 1444 et
1068 1415 1218 1444 nostrum
1252 1414 1283 1444 111
1313 1410 1400 1444 facie
1430 1411 1595 1444 ecclesiae
1623 1421 1734 1444 coram
1764 1414 1948 1457 episcopis,
1975 1411 2070 1455 judi—

216 1473 310 1507 cibus
340 1473 514 1506 ordinariis
535 1475 631 1516 regui
660 1474 775 1514 nostri,
805 1474 1018 1517 impetierunt
1037 1476 1257 1507 contractum,
1288 1476 1492 1511 asserentes,
1522 1472 1609 1505 illuni
1639 1471 1839 1517 impediente
1859 1475 2069 1517 consangui-

215 1537 318 1567 nitate
356 1544 420 1566 non
455 1543 532 1566 esse
570 1534 762 1576 legitimum.
827 1532 921 1565 Citati
955 1535 1065 1578 itaque
1100 1535 1223 1577 pariter
1251 1543 1366 1566 smnus
1404 1532 1444 1565 ad
1476 1531 1622 1575 judicum
1661 1535 1899 1577 praesentiam,
1944 1537 1976 1566 et
2008 1543 2068 1579 pro

217 1597 370 1639 cognatis
399 1594 484 1627 illius
522 1592 811 1638 propinquiorilms
841 1596 938 1626 etiam
968 1597 1018 1626 est
1051 1595 1198 1626 missum.
1256 1593 1322 1626 Sed
1353 1604 1415 1626 nec
1443 1595 1520 1638 ipsi,
1557 1603 1619 1626 nec
1648 1595 1718 1638 ipsa
1755 1593 1794 1626 ad
1824 1593 1931 1627 locum
1964 1605 2070 1639 prae-

216 1656 354 1695 tiaitum,
386 1657 537 1699 quamvis
559 1657 606 1686 cis
637 1658 727 1687 esset
746 1656 939 1693 tutissimus,
969 1654 1145 1687 wluerunt
1166 1652 1343 1695 accedere,
1372 1656 1437 1699 qui,
1466 1664 1508 1686 ne
1537 1655 1721 1698 potuissent
1740 1653 1916 1696 accedere,
1945 1654 2069 1688 nullum

216 1727 277 1762 por
305 1726 366 1748 nos
395 1714 542 1748 habuere
573 1714 853 1760 impedimentum.
900 1714 1057 1748 Accessit
1086 1718 1195 1748 autem
1225 1717 1402 1759 episcopus
1431 1713 1610 1757 Pragensis
1638 1723 1712 1747 cum
1742 1713 1813 1747 aliis
1842 1716 1924 1748 virts
1954 1725 2068 1748 vene-

217 1775 374 1809 rabilibus
405 1774 443 1808 ad
474 1774 655 1820 praefatam
685 1785 824 1808 uxorem
855 1779 887 1808 et
914 1778 1198 1819 consanguineam
1227 1779 1386 1817 nostram,
1416 1778 1447 1807 et
1466 1773 1541 1819 quid
1571 1773 1611 1807 (le
1640 1773 1755 1807 eadem
1777 1777 2069 1818 consanguinitate

216 1838 394 1876 fateretur,
432 1838 609 1880 inquisivit.
667 1834 737 1868 Nec
767 1839 836 1881 ipsa
870 1846 932 1869 nos
962 1846 1040 1869 esse
1075 1838 1347 1879 consanguineos
1382 1834 1592 1868 diffitebatur.
1649 1833 1817 1869 Certiores
1852 1838 1963 1879 itaque
1990 1834 2069 1868 facti

217 1899 377 1943 episcopi,
408 1907 481 1930 cum
511 1895 612 1929 tribus
642 1896 757 1929 edictis
787 1907 939 1930 essemus
968 1899 1092 1939 vocati,
1123 1900 1154 1929 et
1182 1900 1395 1929 accusatores
1424 1898 1594 1935 instarent,
1625 1899 1862 1939 processerunt
1889 1897 1922 1929 in
1951 1894 2068 1929 eodem

217 1961 370 2002 negotio:
400 1962 431 1990 et
460 1956 578 1990 auditis
610 1956 866 2001 allegationibus
896 1961 1139 1993 accusatorum,
1169 1967 1243 1990 cum
1272 1959 1345 2002 ipsa
1374 1967 1412 1990 se
1439 1957 1677 1989 contumaciter
1706 1954 1909 1998 absentaret,
1940 1960 2068 2001 septem

218 2018 376 2052 nobilium
407 2021 551 2051 virorum
582 2020 823 2059 testimonium,
853 2017 1034 2051 eorundem
1060 2016 1279 2062 jurejurando
1309 2016 1552 2055 confirmatum,
1584 2026 1684 2060 super
1712 2015 1827 2049 eadem
1857 2019 2069 2061 consangui-

219 2083 331 2121 nitate,
361 2090 401 2112 eo
431 2078 515 2123 quod
546 2082 637 2112 esset
667 2081 696 2111 in
727 2083 843 2124 quarto
871 2078 997 2123 gradu,
1027 2082 1238 2124 receperunt,
1268 2080 1381 2122 sicque
1409 2079 1494 2109 inter
1521 2087 1582 2109 uos
1612 2075 1808 2109 authoritate
1837 2077 2066 2110 ecclesiastica

218 2142 414 2173 sententiam
437 2139 565 2173 divortii
587 2139 847 2184 promulgarunt.
882 2137 1094 2184 Quapropter
1114 2138 1333 2172 Sanctissime
1361 2141 1466 2183 pater,
1497 2147 1570 2169 cum
1591 2139 1664 2178 ista,
1695 2138 1780 2169 sicut
1800 2136 1895 2170 nobis
1926 2136 2066 2180 videtur,

219 2204 280 2234 rite
309 2202 374 2233 sint
403 2204 487 2241 acta,
518 2203 549 2233 et
578 2210 638 2232 nos
669 2201 700 2232 111
721 2198 806 2232 facie
835 2199 1004 2233 ecclesiae
1025 2199 1121 2232 aliam
1150 2199 1296 2243 legitime
1316 2198 1507 2231 duxerimus
1536 2199 1567 2230 111
1587 2207 1739 2239 uxorem,
1770 2208 1919 2231 sororem
1940 2198 2068 2231 scilieet

219 2261 327 2294 dilecti
357 2265 389 2293 et
419 2260 513 2294 vobis
543 2263 573 2293 111
603 2258 756 2293 omnibus
785 2260 898 2294 devoti
927 2262 1018 2304 regis
1048 2259 1277 2303 Ungarorum,
1306 2258 1429 2292 obnixe
1456 2260 1596 2303 petimus
1626 2254 1722 2301 hujus
1752 2260 1948 2292 matrimonii
1977 2268 2066 2292 con-

220 2321 436 2354 firmationem
466 2325 496 2353 et
531 2332 549 2353 a
579 2323 853 2363 consanguineae
881 2325 1016 2354 nostrae
1050 2322 1253 2365 impetitione
1282 2318 1531 2353 absolutionem.
1589 2317 1764 2351 Praeterea
1794 2319 1931 2352 latorem
1960 2329 2066 2364 prae-

219 2384 373 2423 sentium,
402 2384 546 2427 priorem
576 2380 748 2424 cujusdam
770 2383 963 2415 monasterii
992 2383 1107 2423 nostri,
1137 2383 1244 2414 virum
1274 2380 1477 2423 religiosum,
1508 2379 1602 2421 cujus
1623 2378 1830 2414 lides.nobis
1859 2381 1892 2412 in
1912 2378 2066 2413 omnibus

219 2445 272 2475 est
300 2441 449 2486 probata.
479 2453 542 2475 non
573 2442 677 2475 solum
707 2452 765 2486 pro
795 2439 857 2475 hac
885 2452 1001 2485 causa,
1031 2441 1089 2475 sed
1119 2443 1216 2474 etiam
1246 2451 1305 2486 pro
1334 2439 1474 2472 diversis
1504 2441 1646 2483 negotiis
1670 2459 1711 2463 —
1736 2443 1871 2473 vestrae
1899 2441 2064 2473 sanctitati

215 2500 413 2544 direxinius,
443 2505 493 2536 cui
526 2514 589 2535 non
620 2505 725 2535 minus
755 2513 850 2547 quam
880 2501 975 2536 nobis
1004 2501 1157 2536 credatis.

524 2581 625 2612 (Erlwn
658 2581 765 2614 liegest.
792 2581 856 2607 boh.
883 2584 909 2607 et
932 2580 1031 2606 Morav.
1057 2589 1082 2615 p.
1107 2579 1163 2606 201
1194 2588 1218 2605 n.
1245 2578 1313 2606 445.
1345 2577 1411 2604 nach
1437 2578 1521 2603 einem
1546 2578 1747 2604 autbentischeu
1772 2578 1961 2613 Transsumpte
1985 2578 2064 2603 Pabst

633 2633 765 2659 lmioceuz
790 2633 832 2658 [Υ.
859 2640 919 2659 vom
944 2632 1024 2659 Jabre
1053 2631 1131 2658 1245
1161 2631 1207 2657 13.
1232 2630 1293 2657 Juli.
1323 2645 1355 2648 —
1382 2629 1519 2662 Palaclty's
1543 2630 1595 2656 ital.
1622 2630 1699 2656 tieise
1722 2639 1747 2665 p.
1778 2630 1838 2664 18.)
