2184 2828
129 217 203 250 ciali
237 216 403 262 predictus
436 214 585 248 Jaclinus
615 219 646 248 et
681 214 824 250 heredes
854 218 956 261 ipsius
986 226 1085 249 vnam
1114 214 1285 248 tabernam
1315 215 1450 249 liberam
1488 220 1518 250 in
1548 217 1664 251 eadem
1694 217 1770 251 villa
1800 230 1906 264 vsque
1935 219 1974 252 ad

129 282 274 311 nostrum
303 280 351 309 et.
370 274 558 309 ‚abbatisse
587 275 735 320 predicte
764 275 1006 321 beneplacitum
1035 275 1261 322 possidebunt.
1292 275 1328 310 In
1350 279 1442 310 cuins
1472 281 1518 310 rei
1548 281 1770 311 testimonium
1801 284 1974 324 presentes

130 337 199 371 lieri
234 341 265 370 et
292 336 390 380 sigilli
425 338 528 369 nostri
564 336 716 369 volumus
752 339 959 382 appensione
987 339 1104 370 muniri
1133 337 1253 370 Actum
1284 341 1316 370 et
1345 336 1453 370 datum
1485 340 1513 371 in
1552 342 1755 372 monasterio
1786 340 1974 385 supradicto

129 401 161 431 in
190 397 241 431 die
269 400 501 430 conuersionis
537 399 643 430 sancti
673 396 764 430 Pauli
793 398 893 430 Anno
923 397 1043 431 domini
1072 397 1246 431 Millesiino
1276 397 1529 431 Trecentesimo
1565 399 1822 444 (piadragesimo
1851 404 1973 445 quinto.

435 485 521 519 (Nacli
546 483 604 510 ‹lcm
631 484 704 517 Orig.
731 486 775 510 init
799 486 865 510 zwei
883 486 994 519 Sigillum
1019 487 1051 511 ini
1076 485 1384 511 fiirsterzbiscliolliclicn
1405 486 1519 511 Arctum·
1544 495 1573 511 zu
1589 486 1734 519 lx'remsier,
1759 487 1974 521 abgesclirieben

537 538 570 562 A.
597 536 728 568 Boczelx.)

997 683 1103 719 584.

125 779 316 823 Belleywzq
343 779 402 812 des
430 778 597 813 zzz-isehen
634 779 706 812 dem
739 778 945 813 Tenon-iver
974 780 1115 813 Isloster
1151 779 1217 812 und
1244 780 1317 812 dem
1346 779 1492 823 Pfarrer
1520 791 1583 813 ron
1614 780 1714 814 Sm'lz
1743 780 1973 814 bestamdeuen

124 839 269 874 Strae'ttes
298 839 473 884 be3119lz‘ela
501 841 595 873 eines
623 839 834 873 bestimmten
865 840 1187 874 Zelzeieclsmlleeiles.
1217 840 1277 873 Di.
1302 840 1451 874 Bramme.
1481 840 1637 875 XXVII.
1667 841 1833 875 dammi-ie?
1862 841 1971 875 1345.

278 924 325 977 ln
353 947 487 977 nomine
515 941 650 978 Domini
678 943 800 977 Amen.
831 943 901 977 Nos
930 943 1140 978 Hcrmannus
1170 944 1361 990 Prepositns
1391 949 1423 978 et
1451 944 1659 979 Tliecdricus
1694 945 1735 979 de
1764 945 1972 983 Nouodomo.¹

124 1004 312 1038 Canonicus
340 1004 494 1038 Ecclesie
523 1004 639 1038 Sancti
667 1004 755 1038 Petri
784 1007 815 1038 in
845 1004 996 1041 Brunnffi
1034 1004 1267 1039 Olomucensis
1297 1005 1455 1048 diocesis„
1487 1004 1706 1039 Concorditer
1733 1006 1831 1040 electi
1860 1006 1973 1040 arbitri

124 1067 422 1111 compromissarij‚
453 1064 688 1107 arbstratores,
718 1065 926 1107 laudatores‚
963 1065 1158 1099 diffinitores
1194 1077 1254 1100 seu
1290 1066 1483 1100 amicabiles
1514 1070 1776 1112 compositores,
1807 1078 1846 1101 ac
1876 1070 1973 1100 amici

123 1137 330 1169 communes,
359 1137 377 1159 a
405 1125 558 1159 discretis
587 1128 669 1160 viris
698 1125 840 1159 dominis
870 1125 1062 1160 Hermanno
1090 1128 1123 1160 in
1153 1126 1303 1169 Sti-azau,
1335 1127 1471 1160 Sindico
1501 1131 1533 1160 et
1562 1132 1780 1173 procuratore
1801 1127 1974 1172 Religiose

123 1185 256 1219 domine
293 1186 445 1220 Allieidis
478 1185 662 1220 Abbatisse
691 1190 723 1220 et
752 1185 944 1220 Conuentus
973 1186 1165 1231 Monasterij
1196 1190 1227 1220 in
1258 1187 1481 1221 Tnssnowicz
1514 1188 1640 1222 ordinis
1670 1188 1904 1222 Cisterciensis
1933 1188 1973 1221 de

123 1246 220 1280 Porta
250 1245 339 1289 Ceti,
368 1246 515 1293 predicte
544 1246 688 1281 diocesis
721 1246 973 1285 Oloniucensis„
1005 1247 1148 1281 habente
1176 1247 1215 1281 ad
1244 1248 1498 1293 promittendum
1535 1248 1722 1282 mandatum
1753 1249 1900 1294 speciale
1929 1259 1972 1282 ex

122 1318 200 1350 vna,
229 1312 262 1341 et
282 1307 414 1341 domino
435 1306 572 1341 Onsone
600 1307 641 1341 de
662 1307 773 1354 Saycz
802 1308 1021 1341 ecclesiarum
1050 1308 1211 1353 plebanis,
1241 1313 1333 1354 parte
1362 1320 1406 1342 ex
1428 1309 1531 1342 altera
1561 1321 1661 1354 super
1689 1310 1744 1343 lite
1773 1314 1806 1343 et
1834 1314 1974 1343 contro-

122 1371 245 1410 nursia,
276 1379 340 1412 que
368 1371 519 1411 vertitur,
558 1379 618 1402 sen
640 1371 725 1402 verti
746 1368 942 1414 sperabatur
970 1371 1056 1402 inter
1075 1371 1164 1414 ipsos
1192 1380 1294 1415 super
1321 1374 1411 1403 certa
1442 1374 1534 1415 parte
1564 1370 1691 1403 decime
1720 1370 1827 1403 eidem
1848 1369 1972 1403 Mona-

122 1431 224 1462 sterio
254 1428 530 1462 Tussnowicensi
559 1429 599 1462 de
628 1429 775 1474 predicta
805 1430 962 1471 ecclesia5
992 1433 1025 1462 et
1052 1431 1124 1463 eius
1145 1429 1341 1463 Rectoribus
1371 1441 1430 1475 per
1459 1430 1624 1464 dominum
1648 1430 1837 1464 lii-unonem
1867 1430 1972 1464 felicis

122 1489 371 1523 recordacionis
404 1489 606 1535 Episcopum
645 1488 923 1525 olomucensem.
961 1500 1005 1523 ex
1040 1493 1152 1523 causis
1187 1490 1446 1524 racionabilibus
1482 1496 1513 1524 et
1549 1491 1695 1525 iuridicis
1735 1492 1910 1537 deputata„
1941 1497 1973 1525 et

121 1554 237 1595 postea
266 1561 326 1595 per
353 1561 569 1584 successores
604 1550 790 1597 Episcopos
825 1550 972 1584 eiusdem
1007 1549 1127 1584 domini
1165 1550 1330 1585 Brunonis
1368 1552 1581 1597 quamplures
1615 1563 1659 1585 ex
1697 1556 1787 1585 certa
1826 1555 1972 1585 sciencia

121 1610 315 1644 confirmata
345 1615 375 1644 et
403 1611 606 1654 generaliter
633 1622 735 1657 super
763 1611 836 1655 alijS
865 1610 1017 1644 ominbus
1047 1611 1292 1656 questionibus5
1323 1612 1431 1646 litibus
1461 1617 1493 1645 ct
1523 1614 1766 1656 controuersiis
1795 1624 1859 1658 que
1887 1624 1972 1646 ver-

120 1675 231 1704 tuntur
259 1681 319 1704 seu
348 1674 433 1705 verti
453 1676 639 1717 sperantur,
669 1683 728 1706 seu
750 1683 958 1718 quocumque
979 1671 1087 1707 modo.
1118 1674 1296 1705 occasione
1324 1676 1561 1718 premissorum
1592 1676 1675 1706 uerti
1706 1677 1855 1719 possent7
1885 1676 1971 1706 inter

120 1741 179 1765 eos
207 1733 239 1765 in
269 1735 517 1777 conpromisso„
552 1735 744 1778 expressis5
780 1733 831 1765 uel
861 1743 939 1765 non.
970 1732 1137 1777 predictus
1165 1733 1324 1778 syndicus
1354 1734 1486 1767 domine
1514 1745 1575 1768 sue
1604 1739 1635 1767 et
1663 1733 1857 1778 Monasterij
1888 1745 1970 1779 pre-

120 1791 196 1826 dicti
224 1795 371 1835 nomine⁷
402 1797 434 1826 et
462 1792 568 1826 dictus
598 1793 750 1827 dominus
770 1793 863 1826 Onso
893 1795 1026 1826 nomine
1055 1793 1199 1826 ecclesie
1228 1804 1287 1827 sue
1307 1794 1454 1839 predicte
1483 1794 1524 1828 de
1554 1798 1736 1840 superioris
1767 1797 1816 1828 sui
1845 1794 1970 1828 scilicet

120 1851 242 1886 domini
270 1852 445 1896 Johannis,
474 1853 631 1899 Episcopi
653 1854 900 1887 Olomucensis.
931 1853 1087 1897 ordinm-ij
1118 1853 1287 1887 voluntate
1316 1859 1347 1888 et
1376 1866 1531 1894 assensn„
1562 1860 1658 1901 prout
1686 1858 1716 1888 in
1747 1855 1851 1888 forma
1882 1865 1969 1887 con-

120 1915 272 1957 promissi
300 1914 429 1959 plenius
459 1917 659 1957 continetnu
689 1917 772 1949 visis
801 1917 1028 1948 instrumentis
1050 1917 1221 1948 autenticis
1242 1926 1282 1948 ac
1302 1916 1420 1949 auditis
1441 1921 1473 1949 et
1494 1916 1669 1949 intellectis
1699 1918 1802 1949 eciam
1824 1917 1970 1960 parcium

120 1972 256 2016 iuribus,
277 1973 524 2008 deliberacione
544 1974 716 2020 preliabita
737 1975 895 2019 diligentiq
926 1974 1078 2008 volentes
1106 1974 1146 2007 ab
1170 1977 1249 2020 ipsis
1276 1976 1421 2020 partibus
1448 1987 1625 2010 remouere
1650 1987 1765 2010 omncs
1795 1976 1971 2018 litigiorum

121 2032 312 2076 amfractus,
341 2039 374 2068 ct
402 2035 488 2069 mala
517 2046 581 2080 que
610 2038 689 2069 oriri
718 2035 940 2069 indubitanter
968 2039 1115 2080 posserius
1147 2045 1190 2068 cx
1219 2038 1301 2080 ipsis
1330 2047 1388 2081 pro
1418 2036 1504 2070 bono
1534 2040 1624 2082 pacis
1654 2041 1685 2070 et
1715 2036 1896 2069 concordie
1928 2046 1971 2068 ex

120 2096 240 2138 vigore
268 2098 486 2140 conpromissi
514 2096 662 2141 predicti⁷
685 2095 808 2130 Christi
837 2098 970 2129 nomine
996 2098 1161 2133 inuocatm
1192 2096 1376 2139 laudamus,
1405 2098 1609 2133 ordinamus.
1640 2097 1846 2139 arbitramuig
1881 2095 1972 2130 difli-

120 2156 227 2188 nimus
257 2154 394 2190 dicimus
423 2160 521 2201 atque
549 2159 760 2202 precipimus,
790 2156 875 2202 qnod
905 2156 1009 2189 dictus
1038 2155 1188 2189 dominns
1218 2156 1327 2199 Onso,
1357 2161 1491 2192 nomine
1521 2161 1571 2192 sui
1600 2162 1631 2191 et
1660 2158 1805 2191 ecclesie
1835 2168 1895 2190 sue
1931 2156 1972 2190 de

119 2213 228 2248 XIIII.
263 2214 392 2259 modiis,
422 2215 496 2250 VII.
523 2217 675 2262 siliginis,
704 2222 737 2251 et
765 2217 838 2251 vti.
867 2219 973 2258 tritici„
1004 2227 1086 2261 qnos
1115 2216 1271 2261 predictis
1292 2217 1487 2252 dominabus
1516 2223 1549 2252 et
1569 2218 1771 2251 Monasterio
1800 2228 1860 2263 per
1888 2216 1970 2251 duos

123 2285 230 2308 annos
259 2274 391 2309 soluere
418 2277 580 2321 neglexit„
609 2288 627 2311 a
656 2278 850 2323 prolacione
879 2277 972 2310 liuius
1000 2279 1103 2311 nostri
1133 2277 1240 2319 laudi,
1277 2289 1383 2324 vsquc
1411 2279 1450 2313 ad
1488 2279 1653 2312 dimidiam
1683 2278 1971 2323 quadragesimam

120 2334 289 2381 persoluat
316 2336 523 2379 integraliter
556 2342 589 2371 et
623 2338 805 2384 complete,
841 2337 1042 2371 Monasterio
1071 2337 1279 2383 supradicto,
1308 2339 1361 2372 uel
1389 2342 1440 2373 cui
1470 2343 1520 2373 ins
1549 2349 1641 2373 suum
1672 2338 1841 2381 dederint‚
1871 2350 1989 2388 snper¹

119 2398 200 2441 ipsis
229 2395 448 2441 recipiendis,
478 2396 559 2430 Item
594 2399 679 2444 qnod
718 2399 861 2441 singulis
895 2400 990 2431 annis
1020 2401 1153 2431 inantea
1184 2400 1254 2443 ipse
1283 2398 1434 2433 dominus
1464 2400 1555 2433 Onso
1592 2399 1642 2431 uel
1672 2409 1891 2433 successores
1919 2402 1969 2433 sni

119 2455 199 2501 VII..
223 2456 369 2498 modios‚
398 2458 718 2501 quartumdimidinm
749 2459 883 2501 Tritici,
913 2463 943 2491 et
973 2458 1293 2503 qnartmndimidium
1324 2460 1466 2504 siliginis
1497 2462 1556 2505 ipsi
1585 2458 1809 2502 monasterio,
1839 2459 1892 2493 uel
1921 2462 1972 2493 cui

120 2516 182 2550 hoc
211 2518 345 2550 nomine
374 2516 593 2561 predictarum
623 2519 828 2553 dominarum
859 2522 1069 2552 conunissnm
1100 2518 1210 2559 fucrit,
1241 2519 1390 2563 solnant,
1421 2523 1451 2553 in
1483 2520 1569 2553 sesto
1599 2519 1712 2553 Sancti
1742 2517 1852 2564 Egutij
1883 2523 1971 2553 omni

118 2587 223 2619 mora,
254 2580 483 2611 excusacionc
503 2582 535 2611 et
556 2577 720 2613 dilacione
748 2582 962 2626 postergatis,
993 2580 1200 2624 integraliter
1220 2584 1251 2613 et
1272 2582 1302 2613 in
1332 2584 1444 2624 totum,
1476 2585 1540 2613 tuni
1571 2585 1635 2614 tam
1655 2591 1715 2626 per
1735 2580 1971 2626 deposiciones

1762 2640 1822 2669 54*
