2184 2828
124 216 289 249 diversum
319 219 349 248 et
377 225 442 247 non
473 213 676 257 intelligibile
706 214 823 248 incolis
852 214 989 248 aliorum
1011 214 1269 260 Episcopatuum
1299 213 1384 247 dicte
1405 217 1578 260 provincie
1607 218 1660 261 qui
1691 227 1804 261 purum
1834 216 1967 262 vdioma

125 276 346 309 theotonicum
375 274 462 319 loqui
491 279 685 309 noscuntur.
716 280 811 309 eraut
840 279 935 320 prout
963 279 1039 310 suut
1066 277 1198 308 omnino
1219 274 1342 308 diversi
1369 277 1399 308 in
1423 275 1590 320 ydiomate
1611 275 1650 309 ab
1671 276 1794 309 eisdem
1817 277 1968 322 quodque

124 336 166 370 illi
196 336 236 369 de
265 336 359 369 dictis
389 334 532 378 Pragen.
564 340 597 368 et
617 334 811 369 Olomucen.
835 334 1032 370 Civitatibus
1061 339 1125 369 tum
1155 339 1290 380 propter
1318 335 1485 381 predones
1506 341 1537 370 et
1558 342 1709 382 raptores
1738 339 1769 370 in
1799 337 1970 371 itineribus

123 400 340 430 occurrentes
370 407 409 429 ac
444 398 594 429 itinerum
633 399 776 441 ipsorum
807 396 997 430 discrimina
1026 401 1057 430 et
1085 398 1280 441 asperitates
1318 407 1454 429 nemora
1485 401 1515 430 et
1545 402 1720 431 montanea
1755 400 1787 431 in
1816 401 1906 432 exitu
1938 403 1969 432 et

122 467 279 501 regressu
309 456 385 489 dicti
415 455 525 500 Regni
555 459 733 490 existentia
763 468 835 490 cum
866 459 962 490 etiam
993 459 1067 502 quia
1096 455 1269 502 oportebat
1299 467 1357 490 eos
1386 467 1446 501 per
1475 457 1571 490 aliam
1601 469 1660 491 seu
1690 469 1748 503 per
1777 458 1857 492 alias
1887 470 1969 504 pro-

123 519 251 550 vincias
281 519 421 550 transire
451 527 523 549 cum
554 516 725 560 Magantia
766 517 889 551 vellent
926 517 1088 550 accedere
1118 527 1176 562 pro
1206 516 1462 562 appellationum
1494 522 1525 550 et
1553 518 1624 551 aliis
1655 522 1764 552 causis
1794 518 1833 552 ad
1862 518 1968 552 forum

123 576 434 622 Areliiepiscopalis
465 576 563 610 Curie
593 576 777 621 Magantia.
811 578 1052 623 metropolitico
1080 580 1151 611 iure
1171 577 1398 623 spectantibus
1420 579 1660 623 prosequendis
1689 579 1846 625 predictis
1876 582 1970 625 peri-

121 637 203 671 culis
234 649 273 671 ac
303 637 566 683 importabilibus
595 641 753 682 expensis
784 642 815 671 et
844 638 1010 672 laboribus
1039 637 1255 671 subiacebant
1284 642 1315 671 et
1350 643 1485 684 propter
1521 638 1581 672 hec
1618 651 1683 673 non
1713 645 1783 674 erat
1811 643 1969 673 memoria

122 697 288 731 hominum
326 698 411 744 quod
448 698 602 732 Ecclesie
638 698 799 731 Civitates
837 703 867 731 et
903 699 1057 732 dioceses
1091 698 1232 743 Pragen.
1278 703 1309 732 et
1345 699 1542 733 Olomucen.
1582 700 1729 745 predicte
1768 700 1877 734 forent
1912 712 1970 747 per

122 758 421 804 Arcbiepiscopum
442 758 624 802 Magantia.
656 761 717 792 nisi
746 758 848 792 semel
879 759 1101 792 tautummodo
1129 762 1263 793 visitate
1293 764 1324 793 et
1352 759 1437 805 quod
1459 760 1651 794 Altissimus
1680 764 1712 794 in
1740 766 1828 795 tanta
1857 762 1970 795 multi-

122 819 235 853 tudine
264 820 374 865 populi
411 818 517 852 dictas
556 819 701 863 Pragen.
738 823 769 852 et
808 820 1004 853 (llomucen.
1036 820 1210 854 dioceses.
1247 831 1384 866 quarum
1415 824 1517 866 prima
1548 832 1608 866 per
1635 825 1778 867 quinque
1807 827 1838 856 et
1868 823 1969 856 altera

123 891 182 925 per
217 885 358 925 quatuor
395 879 500 913 dietas
539 879 822 925 protendebantur
857 881 910 914 vel
947 884 1079 914 circiter
1115 885 1145 914 et
1181 883 1278 914 etiam
1314 883 1346 914 in
1375 882 1528 915 ecclesiis
1558 883 1702 916 et-loeis
1732 884 1970 916 ecclesiasticis

123 940 363 974 fecundaverat
399 945 430 974 et
467 945 628 982 auxerat,
667 940 752 986 quod
782 941 985 985 singularum
1015 944 1157 987 ipsarum
1188 941 1338 986 singulos
1374 942 1484 975 vultus
1515 946 1630 977 tuticus
1660 949 1775 989 pastor
1803 944 1969 990 nequibat.

124 1006 154 1035 ut
184 1001 327 1035 osticium
357 1002 524 1047 pastorale
554 1001 708 1044 decebab
740 1005 915 1047 inspicere.
947 1006 977 1035 et
998 1002 1079 1035 alias
1099 1007 1211 1048 partes
1240 1002 1318 1036 boni
1339 1006 1481 1048 pastoris
1503 1004 1651 1049 implere,
1680 1005 1834 1051 quodque
1855 1006 1969 1040 durum

123 1066 195 1095 erat
224 1073 262 1095 ac
292 1062 423 1096 dil'lieile
453 1065 485 1095 in
514 1062 658 1106 qualibet
689 1062 848 1096 dictarum
878 1067 943 1096 tam
973 1062 1110 1096 latarum
1144 1067 1177 1097 et
1213 1062 1404 1097 diffusarum
1434 1064 1615 1099 diocesium
1652 1066 1691 1099 ad
1720 1078 1819 1100 unum
1849 1072 1970 1101 tantum

125 1122 293 1156 Pastorem
324 1134 341 1157 a
371 1127 417 1156 tot
446 1126 598 1169 personis
628 1124 870 1156 ecclesiasticis
892 1128 922 1156 et
943 1124 1117 1157 mundanis
1137 1135 1295 1158 recursus
1316 1124 1430 1158 baberi
1451 1136 1489 1158 ac
1511 1128 1609 1159 etiam
1631 1138 1690 1172 pro
1710 1132 1803 1173 parte
1824 1131 1970 1174 ipsorum

124 1183 228 1228 Regis
257 1188 288 1217 et
317 1186 528 1229 primogeniti
557 1183 652 1217 nobis
683 1183 847 1217 humiliter
875 1185 1059 1230 supplicato
1088 1189 1120 1218 ut
1149 1184 1252 1218 dictas
1282 1184 1426 1229 Pragen.
1458 1191 1490 1219 et
1512 1185 1706 1221 Olomucen.
1739 1189 1902 1223 ecelesias
1932 1189 1971 1223 ab

123 1247 212 1278 omni
242 1244 384 1278 dominio
414 1249 445 1278 et
480 1249 643 1291 potestate
681 1244 839 1278 dictorum
876 1245 1129 1291 2·81·t·liiepiseopi
1164 1250 1194 1279 et
1224 1246 1369 1280 ecclesie
1397 1245 1581 1291 Maguiitin.
1621 1251 1771 1283 eximere
1800 1252 1971 1295 ipsamque

123 1305 301 1339 ecclesiam
332 1305 474 1350 Pragen.
510 1308 542 1338 in
571 1305 861 1351 Metropolitanam
898 1310 927 1339 et
958 1306 1084 1351 aliquas
1119 1307 1280 1340 ecclesias
1316 1309 1348 1340 in
1385 1307 1512 1341 eisdem
1550 1308 1740 1343 diocesibus
1770 1313 1817 1344 sic
1848 1310 1971 1344 diffusis

124 1368 153 1398 in
190 1365 406 1399 t'aihedrates
444 1368 595 1410 erigere.
636 1366 776 1412 illasque
812 1378 850 1399 ac
894 1366 1055 1412 prefatam
1092 1365 1287 1401 Olomucen.
1327 1368 1504 1402 ecclesiam
1543 1369 1629 1403 dicte
1665 1370 1809 1415 Pragen.
1846 1371 1972 1405 diocesi

123 1425 366 1472 Metropolitico
404 1429 475 1460 iure
512 1426 689 1460 subiacere
726 1430 922 1460 auctoritate
951 1427 1131 1472 apostoliea
1161 1428 1386 1473 dignaremur.
1417 1428 1486 1463 Nos
1516 1429 1699 1464 huiusmodi
1729 1432 1972 1477 supplicatione

124 1486 232 1520 audita
264 1488 414 1521 volentes
442 1490 474 1521 in
503 1490 676 1533 premissis
706 1491 903 1532 gravitatem
934 1492 965 1521 et
986 1488 1180 1522 modestiam
1202 1488 1344 1523 debitam
1374 1489 1570 1524 observare.
1602 1503 1639 1524 ac
1661 1491 1700 1525 de
1721 1495 1832 1526 causis
1853 1492 1971 1527 liuius-

124 1547 209 1581 modi
239 1547 335 1581 nobis
365 1551 528 1594 expositis
557 1548 832 1582 certitudinaliter
869 1548 1035 1582 Informati
1070 1548 1263 1583 Venerabili
1297 1549 1388 1583 fratri
1426 1550 1609 1585 Bertrando
1644 1552 1812 1598 Episcopo
1843 1552 1970 1587 Ostien.

123 1613 155 1642 et
191 1608 320 1642 dilectis
354 1608 426 1642 liliis
460 1612 581 1643 nostris
617 1609 788 1642 Bet-nardo
825 1609 903 1642 tituli
941 1612 1046 1643 sancti
1077 1610 1208 1655 Cyl-iaci
1237 1614 1269 1644 in
1298 1610 1451 1645 Thermis
1488 1612 1672 1657 presbitero
1704 1625 1743 1646 ac
1772 1614 1971 1660 Ravmuudo

123 1673 238 1703 sancte
273 1668 380 1703 Marie
417 1680 506 1703 nove
540 1669 691 1703 Diacono
726 1669 954 1703 Cardtnaltbus
991 1673 1215 1704 commisimus
1253 1672 1388 1705 oraculo
1427 1675 1507 1706 vive
1542 1676 1636 1707 vocis
1671 1679 1702 1707 ut
1732 1674 1772 1707 de
1801 1678 1972 1720 premissis

123 1732 235 1763 causis
264 1734 295 1763 et
324 1741 438 1763 earum
467 1733 722 1764 circumstantiis
752 1733 782 1764 in
813 1730 931 1764 talibus
953 1731 1161 1764 attendendis
1183 1742 1220 1765 se
1247 1731 1434 1777 diligentius
1456 1733 1683 1775 informarent,
1714 1740 1745 1768 et
1766 1746 1972 1781 quecumque

123 1801 226 1836 super
255 1790 316 1824 hiis
346 1793 537 1824 invenirent
564 1791 660 1824 nobis
691 1792 831 1825 lidelitcr
860 1792 988 1824 rel'erre
1017 1796 1184 1825 curarent.
1214 1791 1255 1826 Et
1275 1796 1349 1838 quia
1371 1805 1430 1839 per
1450 1795 1643 1828 relationem
1665 1795 1821 1841 Episcopi
1842 1795 1970 1829 Ostien.

125 1855 155 1884 et
183 1850 407 1884 Cardinalium
437 1852 670 1897 predictorum,
701 1855 753 1898 qui
783 1855 872 1885 iuxta
902 1855 1169 1886 commissionem
1198 1857 1345 1887 nostram
1375 1854 1560 1889 huiusmodi
1589 1858 1638 1889 eis
1660 1855 1778 1889 factam
1808 1856 1971 1890 informa-

126 1913 246 1945 tionem
277 1923 380 1958 super
408 1915 561 1958 premisis
591 1917 791 1958 receperant
821 1912 960 1946 tidelitcr
987 1912 1082 1946 nobis
1111 1912 1232 1946 factam
1270 1918 1492 1960 comperimus
1526 1927 1647 1949 causas
1682 1916 1865 1950 huiusmodi
1896 1928 1971 1951 esse

127 1982 225 2005 veras
253 1977 286 2006 et
314 1973 556 2018 quodammodo
587 1974 779 2007 manifestas
800 1978 831 2006 et
852 1974 1015 2019 postulata
1038 1973 1220 2007 huiusmodi
1250 1974 1318 2008 fieri
1348 1986 1413 2009 non
1434 1976 1539 2010 solum
1568 1978 1645 2011 utile
1665 1977 1736 2010 fore
1765 1977 1823 2010 sed
1846 1988 1973 2010 summe

126 2036 351 2067 necessarium
381 2038 413 2067 et
443 2037 540 2068 etiam
570 2040 791 2080 opportunum
821 2038 851 2067 et
888 2038 1062 2079 propterea
1101 2034 1222 2067 cultum
1252 2046 1378 2080 augere
1412 2036 1558 2070 divinum
1596 2049 1634 2071 ae
1664 2027 1865 2083 spiritualem
1895 2041 1972 2071 ani-

128 2102 252 2125 marum
280 2093 463 2138 profectum
485 2106 580 2139 quem
603 2106 645 2128 cx
667 2098 715 2129 eis
736 2095 868 2128 indubie
889 2097 1069 2140 provenire
1098 2097 1307 2140 speravimus
1335 2108 1535 2142 promovere
1556 2098 1731 2132 salubriter
1750 2098 1971 2134 intendentes.

127 2151 366 2187 deliberatione
394 2166 494 2200 super
523 2154 584 2188 biis
614 2167 687 2189 cum
718 2155 875 2189 fratribus
906 2158 1027 2188 nostris
1056 2155 1227 2200 prehabita
1264 2155 1410 2201 diligenti
1440 2161 1610 2204 premissis
1648 2163 1678 2192 ct
1709 2159 1872 2192 nonnullis
1901 2160 1972 2193 aliis

128 2212 377 2247 rationabilibus
407 2218 517 2249 causis
538 2216 755 2250 suadentibus
776 2216 961 2250 Ecclesiam
984 2216 1158 2249 Civitatem
1179 2220 1211 2250 et
1232 2216 1392 2251 diocesim
1414 2218 1556 2263 l’ragen.
1579 2219 1744 2265 predictas
1766 2219 1806 2252 de
1826 2222 1971 2265 ipsorum

129 2274 265 2316 l'ratrum
294 2275 430 2309 consilio
459 2281 491 2310 et
520 2278 706 2322 apostolice
737 2277 937 2323 plenitudine
967 2280 1143 2322 potestatis
1173 2280 1369 2311 auctoritate
1398 2280 1581 2325 apostolica
1612 2284 1643 2312 et
1672 2290 1715 2312 cx
1736 2285 1828 2314 certa
1857 2286 1971 2314 nostra

127 2337 265 2368 scientia
301 2333 341 2367 ab
379 2339 464 2369 omni
494 2337 720 2371 iurisdictione
759 2342 922 2384 potestate
951 2341 981 2370 et
1010 2336 1216 2370 subiectione
1245 2338 1496 2385 Archiepiscopi
1535 2343 1587 2383 qui
1617 2344 1709 2373 esset
1737 2351 1795 2386 pro
1824 2345 1972 2387 tempore

127 2399 158 2429 et
194 2395 386 2428 dilectorum
422 2396 557 2431 liliorum
597 2398 736 2444 Capituli
777 2399 922 2431 ecclesie
962 2397 1144 2441 Magantin.
1181 2409 1224 2431 ex
1260 2402 1336 2432 tunc
1370 2403 1558 2433 eximentes
1594 2402 1724 2445 penitus
1763 2406 1794 2435 et
1830 2387 1973 2436 totaliter

128 2454 308 2489 liberantes
337 2460 367 2488 et
395 2458 492 2489 etiam
521 2458 580 2491 soli
611 2458 762 2492 Romane
791 2458 936 2492 ecclesie
965 2458 1005 2491 de
1025 2463 1138 2491 cetero
1160 2458 1336 2492 subiacere
1364 2461 1552 2494 immediate
1574 2466 1731 2506 perpetuo
1751 2461 1972 2497 decernentes

129 2518 230 2560 ipsam
261 2515 402 2559 Pragen.
441 2517 618 2551 ecclesiam
655 2519 694 2552 ad
732 2519 795 2553 Dei
825 2518 952 2552 laudem
989 2523 1021 2552 et
1049 2519 1208 2561 gloriam,
1248 2520 1480 2554 exaltationem
1512 2520 1680 2555 Calliolice
1709 2521 1795 2566 fidei,
1825 2523 1971 2558 eiusdem

130 2576 234 2610 cultus
263 2581 477 2613 augmentum
508 2582 537 2610 et
569 2582 748 2613 animarum
779 2580 962 2625 profectum
993 2582 1024 2612 in
1054 2578 1344 2626 Metropolitanam
1374 2584 1561 2625 ereximus,
1591 2584 1762 2630 ipsamque
1792 2583 1972 2619 honoribus

1766 2641 1805 2672 63
