2184 2828
1094 137 1166 172 560

212 254 326 289 Extitit
355 257 451 288 etiam
481 254 620 288 dilucide
650 254 849 288 declaratum
870 254 1049 300 predictum
1078 265 1191 298 regem
1212 253 1371 288 Bobcmie
1400 259 1431 288 et
1458 266 1535 289 suos
1555 254 1695 289 heredes
1717 258 1746 288 in
1769 255 1933 287 electione
1954 256 2043 297 regis

211 326 422 349 romanorum
448 316 543 348 l'uturi
561 316 773 360 jmperatoris
802 326 875 348 cum
905 317 1026 348 ceteris
1055 314 1254 348 electoribus
1284 315 1406 348 babere
1435 315 1555 349 debere
1576 316 1614 349 ad
1636 316 1877 349 similitmtincm
1907 315 2043 347 aliorum

210 376 391 409 electorum
422 375 564 419 eligendi
594 376 775 420 plenarium
805 378 854 408 ius
884 380 916 408 ct
945 385 1074 408 voccm.
1106 374 1175 407 llec
1204 385 1284 408 vero
1309 376 1383 418 jura
1414 378 1625 420 pincernatus
1663 380 1694 409 et
1722 376 1894 408 electionis
1923 374 2042 408 nedum

211 436 297 469 dicto
318 439 388 480 regi
410 441 441 469 et
468 438 537 469 suis
566 435 740 469 heredibus
769 435 939 468 didicimus
967 438 1158 479 competere
1188 434 1244 467 sed
1266 438 1362 467 etiam
1384 438 1451 468 suis
1471 435 1736 480 progenitoribus
1767 435 1897 469 alianis
1927 437 2044 468 attauis

210 499 343 541 proauis
372 500 404 529 ct
433 498 503 529 aius
534 499 604 528 iure
633 496 822 540 plenissimo
851 494 1092 540 competebant.
1126 493 1282 527 Volentes
1312 498 1420 540 itaque
1448 495 1524 528 dicti
1545 498 1633 540 regis
1663 500 1693 528 et
1723 495 1879 528 lici-cilum
1910 505 2043 529 suorum

210 556 391 601 dispendiis
424 566 610 600 precauere
638 557 692 599 jus
730 560 761 588 et
794 555 936 588 oflicium
971 557 1183 599 pincernatus
1221 556 1251 586 in
1285 556 1428 600 jmperio
1458 555 1517 589 sibi
1551 560 1582 589 et
1610 555 1785 588 heredibus
1819 558 1890 588 cius
1919 560 1950 588 et
1979 566 2043 588 non

209 617 262 649 alii
296 620 495 660 competere.
535 615 575 649 Et
608 618 639 649 in
674 616 836 649 electione
872 618 960 658 regis
995 626 1204 647 rmnanorum
1239 614 1336 647 futuri
1370 616 1580 660 jmperatoris
1619 615 1741 648 babere
1774 618 1823 647 ius
1857 619 1888 648 et
1925 626 2043 648 vocem

209 677 299 709 clare
328 679 600 720 1101111110501111115
628 675 849 721 approbamus
878 680 908 707 et
938 678 1140 719 presentium
1175 678 1361 708 testimonio
1395 676 1593 720 profitemur.
1634 675 1668 708 Si
1698 675 1774 719 quid
1803 679 1911 707 autem
1942 675 2042 707 dimi—

208 739 352 770 nutionis
386 737 438 769 uel
471 736 633 769 calumnie
671 736 754 780 quod
789 747 852 768 non
892 735 1054 767 credimus
1096 737 1183 767 circa
1226 735 1369 779 predicta
1409 736 1566 768 cauillose
1609 736 1777 768 maliciose
1816 735 1867 767 uel
1906 734 2044 768 subdole

207 799 312 842 possit
349 799 471 842 opponi
506 797 694 841 supplemus
729 796 769 828 de
802 795 1002 840 plenitudine
1042 798 1134 838 regie
1164 798 1345 839 potestatis.
1388 795 1423 828 Iu
1453 799 1544 828 cuius
1575 799 1622 828 rei
1652 798 1870 828 testimonium
1900 805 2043 840 presens

209 861 365 902 scriptum
387 857 583 901 Magestatis
606 861 717 889 nostre
738 856 846 899 sigillo
867 856 1006 889 fecimus
1026 858 1232 888 communiri.
1263 855 1379 888 Datum
1402 855 1563 888 Erllordie
1583 860 1679 889 sexto
1701 855 1860 889 kalendas
1881 854 2040 897 octobris,

203 918 386 961 jndictione
420 920 519 950 tercia
559 928 645 949 anno
679 916 798 949 domini
836 915 1010 949 Millesimo
1044 915 1270 949 ducentesimo
1303 919 1530 960 nonagesimo„
1569 918 1664 960 regni
1696 927 1776 949 vero
1809 918 1911 949 nostri
1954 926 2041 949 anno

207 981 345 1023 septimo
375 977 502 1010 decimo
531 981 645 1010 nostra
675 976 872 1009 contii-mare
901 979 1093 1009 auctoritate
1121 978 1214 1019 regia
1244 975 1463 1020 dignaremur.
1494 975 1562 1009 Nos
1591 979 1704 1021 vtique
1732 975 1933 1021 prefatorum
1963 986 2045 1021 pre-

208 1038 347 1071 latorum
377 1038 494 1070 ducum
524 1039 709 1082 principum
735 1036 892 1069 baronum
916 1047 1088 1081 procerum
1110 1041 1142 1069 et
1163 1036 1316 1069 nobilium
1346 1048 1426 1081 quos
1455 1036 1588 1070 lionoris
1614 1041 1644 1069 et
1665 1036 1769 1069 seticis
1791 1040 1892 1069 status
1913 1035 2044 1069 Roma-

206 1109 323 1131 norum
360 1100 453 1138 regni
488 1102 519 1130 et
552 1100 639 1131 sacri
671 1098 803 1142 jmperii
838 1096 951 1129 tidelcs
989 1101 1021 1130 et
1054 1097 1200 1130 solicitos
1232 1107 1291 1142 pre
1327 1099 1447 1129 ceteris
1485 1099 1636 1130 nouimus
1676 1097 1836 1129 relatores
1865 1098 2044 1141 jpsumque

206 1169 344 1202 regnum
376 1157 534 1191 Roliemie
564 1157 788 1191 Romanorum
818 1159 911 1201 regni
938 1156 1118 1190 membrum
1147 1156 1219 1189 fore
1247 1156 1386 1189 nobilius
1415 1156 1706 1202 supplicati(»nibus
1736 1156 1912 1200 benignius
1941 1157 2043 1190 incli-

206 1221 270 1252 nati
300 1218 446 1263 prelatas
475 1218 600 1251 litteras
630 1229 668 1251 ac
697 1220 806 1250 onmia
835 1222 867 1250 et
887 1218 1016 1261 singula
1037 1221 1191 1250 contenta
1212 1219 1242 1250 in
1264 1216 1386 1250 eisdem
1407 1217 1576 1250 laudamus
1599 1217 1797 1250 ratificamus
1819 1216 2043 1262 approbamus

205 1278 439 1311 contii-mannis
469 1289 507 1311 ac
536 1277 576 1311 de
605 1288 693 1311 nouo
722 1289 765 1311 ex
795 1282 884 1311 certa
914 1280 1052 1311 scientia
1082 1277 1123 1310 de
1151 1281 1262 1310 nostre
1283 1277 1503 1310 Romanorum
1533 1280 1625 1321 regie
1646 1277 1848 1321 plenitudine
1869 1279 2044 1322 potestatis

205 1338 340 1384 prelatis
370 1349 475 1382 regno
505 1339 639 1384 prelatis
670 1337 807 1371 ducibus
837 1337 1039 1383 principibus
1069 1337 1248 1371 baronibus
1276 1337 1468 1382 proceribus
1504 1341 1535 1370 et
1568 1337 1730 1370 nobilibus
1765 1348 1802 1370 ac
1835 1340 2044 1371 vniuersitati

204 1402 300 1443 regni
330 1402 432 1444 ipsius
462 1403 494 1432 et
523 1401 802 1444 pertinenciarum
831 1398 979 1431 eiusdem
1000 1398 1038 1431 ad
1063 1409 1157 1431 usum
1188 1402 1220 1431 et
1248 1409 1330 1443 opus
1350 1409 1464 1441 regum
1487 1397 1643 1430 Boliemic
1664 1400 1695 1430 in
1716 1402 1909 1442 perpetuum
1930 1397 2045 1431 damus

207 1464 322 1492 tenore
358 1462 561 1504 presentium
599 1458 802 1492 conferimus
836 1463 868 1492 et
903 1458 1064 1492 donamus
1096 1485 1102 1492 .
1134 1458 1340 1503 Onmemque
1374 1458 1623 1491 dimimicionem
1659 1462 1690 1490 et
1724 1457 1887 1491 defectum
1917 1461 1945 1492 si
1973 1461 2045 1502 quis

206 1521 236 1552 in
275 1522 448 1564 premissis
486 1518 585 1552 fuerit
618 1524 812 1564 reparantes
850 1519 1038 1552 omnimode
1071 1523 1102 1552 et
1135 1519 1326 1564 supplentes
1359 1530 1397 1552 ac
1425 1529 1521 1551 omne
1555 1517 1687 1550 dubium
1717 1523 1746 1551 et
1776 1518 1955 1551 obscurum
1985 1529 2044 1563 pro

205 1584 297 1625 parte
335 1584 366 1612 et
399 1582 430 1612 in
463 1578 613 1613 fauorem
643 1582 789 1624 ipsorum
818 1582 912 1623 regni
943 1584 975 1613 et
1003 1590 1119 1623 regum
1149 1579 1307 1612 Bobemie
1343 1578 1382 1612 de
1411 1578 1555 1612 vberim·i
1586 1578 1672 1611 dono
1701 1578 1886 1612 Maiestatis
1916 1579 2045 1612 Roma—

205 1650 322 1673 norum
351 1642 445 1684 regie
480 1644 512 1672 et
545 1640 747 1684 plenitudine
782 1642 956 1685 potestatis
986 1642 1241 1684 interpretantes
1275 1644 1308 1672 et
1341 1642 1436 1672 etiam
1466 1638 1674 1671 declarantes
1705 1665 1711 1671 .
1742 1649 1807 1671 non
1836 1638 2046 1672 obstantibus

204 1699 333 1744 legibus
363 1700 658 1733 consuetudinibus
688 1700 802 1734 vsibus
831 1700 1052 1733 obseruantiis
1077 1700 1206 1744 juribus
1236 1699 1485 1745 municipalibus
1507 1699 1560 1732 vel
1581 1698 1807 1732 communilms
1828 1703 1957 1733 statutis
1986 1710 2046 1733 seu

205 1760 319 1794 edictis
349 1760 443 1793 factis
473 1764 505 1793 et
533 1760 628 1794 editis
657 1764 687 1794 in
717 1764 918 1794 contrarium
948 1760 1219 1806 (1111111156111111111117
1247 1771 1328 1805 quas
1349 1765 1462 1804 etque
1492 1764 1645 1804 quantum
1668 1758 1705 1792 ad
1728 1759 1788 1792 bec
1818 1771 1856 1792 ac
1885 1762 1913 1793 si
1933 1760 2045 1793 forent

205 1823 396 1854 nominatim
426 1825 458 1854 et
486 1820 526 1853 de
554 1820 660 1854 verbo
689 1821 729 1854 ad
759 1821 897 1854 verbum
927 1823 1048 1866 scripta
1079 1821 1289 1866 presentibus
1318 1825 1349 1854 et
1376 1822 1497 1853 inserta
1527 1830 1726 1853 reuocamus
1761 1831 1932 1854 cassamus
1957 1821 2045 1863 jrri-

205 1886 310 1915 tamus
349 1881 543 1914 aunulamus
573 1886 605 1914 et
633 1882 672 1914 de
706 1881 789 1914 dicta
820 1881 969 1915 Romane
998 1884 1091 1925 regie
1120 1881 1320 1927 plenitudiue
1348 1882 1518 1926 potestatis
1548 1880 1754 1913 decernimus
1785 1881 1944 1914 firmitatis
1973 1880 2046 1914 fore

203 1942 321 1975 nullius
350 1945 478 1987 penitus
507 1942 559 1975 uel
589 1945 754 1975 momenti.
812 1941 897 1975 Nulli
932 1953 1015 1986 ergo
1044 1945 1178 1975 omnino
1207 1942 1304 1975 liceat
1339 1941 1423 1974 lianc
1451 1945 1563 1973 nostre
1592 1940 1789 1974 laudationis
1817 1940 2045 1974 ratificationis

205 2002 451 2048 approbationis
481 2001 739 2036 confirmationis
774 2002 962 2036 donationis
995 2005 1215 2047 reparationis
1250 2002 1465 2047 supplementi
1498 2003 1777 2045 interpretationis
1811 2000 2046 2034 declarationis

203 2065 430 2095 reuocationis
473 2065 670 2096 cassationis
704 2064 901 2106 jrritationis
935 2067 966 2096 et
1005 2063 1224 2095 ammlationis
1261 2065 1414 2107 paginam
1456 2060 1638 2103 infringere
1671 2061 1722 2094 uel
1752 2063 1782 2093 ei
1811 2072 1894 2094 ausu
1931 2065 2043 2094 teme-

206 2125 294 2156 rario
324 2125 355 2155 in
385 2123 495 2168 aliquo
524 2126 691 2156 contraire
721 2112 927 2156 Contrarium
957 2134 1041 2157 vero
1070 2123 1231 2156 facientes
1261 2125 1286 2156 si
1316 2125 1368 2166 qui
1396 2121 1515 2154 fuerint
1543 2120 1627 2165 quod
1658 2120 1742 2154 absit
1771 2121 1855 2154 vltra
1884 2121 2045 2166 indIgau-

206 2185 326 2216 tionem
356 2188 469 2216 nostre
498 2183 702 2217 celsitudinis
722 2184 874 2217 Romane
903 2195 999 2228 quam
1028 2183 1070 2216 ob
1100 2183 1161 2216 hee
1191 2194 1227 2217 se
1256 2185 1407 2216 nouerint
1425 2183 1572 2225 grauiter
1593 2184 1782 2215 incursuros
1804 2181 1893 2215 Mille
1912 2192 2051 2216 marcas

207 2246 378 2288 auri-puri
411 2248 523 2276 nostro
561 2247 593 2276 et
620 2243 761 2277 Romani
798 2247 893 2288 regni
924 2244 1006 2277 tisco
1039 2247 1237 2288 componant
1266 2244 1415 2288 jpsarum
1444 2241 1597 2274 videlicet
1632 2242 1840 2275 medietatem
1870 2246 1986 2275 nostre
2014 2246 2046 2275 et

207 2314 440 2337 successorum
469 2308 656 2337 nostrorum
686 2304 911 2338 Romanorum
942 2315 1054 2348 regum
1077 2308 1108 2336 et
1123 2305 1334 2349 jmperatoris
1363 2305 1452 2334 curie
1473 2312 1531 2334 seu
1553 2312 1683 2334 camere
1705 2307 1735 2335 et
1756 2302 1914 2347 reliquam
1935 2305 2044 2348 passis

206 2365 355 2396 iniuriam
377 2363 627 2397 irremisibiliter
647 2364 864 2409 applicandis.
887 2364 921 2398 In
943 2375 1079 2409 quorum
1101 2367 1243 2397 omnium
1266 2364 1483 2396 testimonium
1504 2366 1535 2394 et
1555 2361 1593 2394 ad
1615 2363 1842 2396 certitudinem
1861 2363 2044 2408 pleniorem

207 2427 379 2467 presentes
418 2424 487 2457 lieri
522 2427 675 2458 iussimus
704 2429 736 2457 et
765 2424 849 2458 bulla
885 2436 985 2458 aurea
1016 2427 1132 2470 tipario
1168 2429 1280 2458 nostre
1309 2422 1488 2456 Maiestatis
1518 2425 1678 2467 impressa
1708 2425 1918 2468 precepimus
1947 2433 2044 2456 coin-

209 2485 347 2515 nmnire.
378 2483 481 2517 Huius
511 2487 558 2518 rei
587 2488 690 2518 testes
720 2490 792 2518 suut
823 2484 983 2519 Gerlacus
1012 2484 1294 2530 Arcliiepiscopus
1323 2481 1585 2526 Magantinensis
1620 2494 1678 2528 per
1708 2483 1920 2516 Germaniam
1956 2485 2043 2517 sacri

210 2543 336 2587 imperii
364 2542 700 2587 Arcln‹·anceltai·ius‚
730 2545 901 2579 Rudolss'us
922 2548 1034 2578 senior
1055 2545 1120 2578 dux
1141 2547 1291 2586 saxonie³
1321 2544 1407 2577 sacri
1433 2542 1842 2587 111111911111111185561110115,
1872 2543 2044 2577 Rudolffus
2084 2543 2089 2548 ’

210 2603 316 2645 junior
345 2602 494 2637 Saxouie
523 2609 554 2638 et
582 2604 772 2640 Fridericus
803 2605 842 2639 de
871 2605 967 2649 decli„
999 2605 1121 2649 duces,
1160 2604 1330 2638 johannes
1358 2601 1556 2647 burgi-auius
1587 2603 1880 2648 Norinbcrgensis,
1908 2603 2044 2638 Vtricus
