2184 2828
1007 118 1079 153 293

123 242 252 273 cionem
287 238 439 272 volentes
474 236 587 270 facere
624 236 793 270 meliorem
831 236 914 269 lianc
951 238 998 270 eis
1027 237 1172 280 graciam
1203 234 1356 268 duximus
1386 233 1591 273 faciendam„
1626 232 1669 267 Vt
1705 236 1767 279 ipsi
1803 232 1902 267 Ciues
1935 236 1967 266 et

123 310 235 333 eorum
273 298 405 343 quilibet
441 299 551 330 omnia
581 296 688 330 bona.
725 308 788 342 que
823 308 881 342 per
917 299 1005 342 ipsos
1039 300 1093 329 aut
1127 305 1242 328 eorum
1278 294 1420 339 aliquem
1457 305 1474 327 a
1511 294 1761 340 quibuscunque
1797 293 1968 328 Nobilibus

122 363 312 404 comparata
348 362 379 391 et
415 362 525 403 empta
561 362 636 390 sunt
666 357 843 392 haetenus.
881 362 912 390 et
950 368 1012 402 que
1046 357 1231 401 comparari
1267 359 1299 388 et
1327 357 1389 388 emi
1421 366 1479 400 per
1507 366 1566 389 eos
1596 359 1749 400 poterunt
1778 354 1967 388 infuturum.

124 422 250 465 possint
278 423 309 452 et
339 418 482 451 debeant
510 417 591 451 Jure
621 417 770 451 Ciuitatis
800 417 947 451 eiusdem
978 417 1115 462 amplius
1150 419 1310 462 perpetue
1345 416 1520 461 possidere
1550 416 1605 449 Sic
1641 420 1674 449 vt
1709 415 1824 449 eadem
1861 417 1969 448 emnia

126 480 210 513 bona
232 479 373 514 debeant
395 481 499 512 eciam
521 477 646 512 iuribus
666 489 797 512 necnon
827 477 1117 511 consuetiulinibus
1138 476 1286 510 Ciuitatis
1307 479 1408 522 ipsius
1438 479 1568 509 inantea
1599 480 1756 522 perpetuo
1785 475 1969 510 subiacere

122 551 160 574 ac
195 542 243 573 eis
278 541 375 585 potiri
404 538 540 573 vbilibet
568 543 601 572 et
629 538 789 582 gaudere,
819 550 950 572 necnon
979 550 1052 572 eum
1080 541 1151 584 ipsa
1182 536 1323 570 Ciuitate
1352 539 1468 582 queuis
1497 548 1599 569 onera
1635 535 1857 570 incumbentia
1887 534 1972 569 sub-

122 605 264 646 portare.
296 599 377 634 Cum
407 599 522 633 eadem
552 601 661 632 omnia
692 598 778 632 bona
808 598 846 632 ad
877 602 981 644 ipsam
1003 598 1173 632 Ciuitatem
1201 600 1385 643 spectantia
1407 601 1438 630 et
1457 599 1554 630 etiam
1585 601 1776 642 comparata
1805 601 1837 629 et
1864 600 1972 640 empta

122 673 139 695 a
176 661 333 707 predictis
363 659 497 694 Ciuibus
526 660 659 694 vendita
690 664 721 693 et
751 664 857 705 empta
895 659 1034 696 suerint„
1064 659 1157 693 Tunc
1191 658 1373 692 aduocatus
1409 662 1526 691 noster
1555 657 1703 691 Ciuitatis
1733 667 1846 690 eorum
1876 655 1973 689 debet

121 724 255 755 nomine
284 726 400 755 nostro
431 720 546 754 eadem
576 720 661 754 bona
693 722 865 765 porrigere
895 725 926 753 et
955 719 1108 753 conferre
1137 718 1336 753 hereditarie
1366 723 1398 752 et
1426 722 1587 764 perpetuo
1617 717 1828 763 possidenda.
1886 716 1971 750 Pre-

122 787 213 816 terea
247 781 384 815 Ciuibus
414 786 445 815 et
467 781 597 814 Ciuitati
628 780 787 826 predictis
817 780 899 814 duos
930 780 1085 815 denarios
1114 780 1154 814 de
1184 779 1358 813 aduocatia
1388 783 1476 813 terre
1505 781 1538 812 in
1567 780 1701 811 ciuitate
1729 777 1888 823 predicta7
1919 779 1972 822 qui

125 843 164 877 ad
194 847 341 876 nostram
371 853 537 876 cameram
573 840 788 887 spectabant.
824 844 921 874 etiam
951 841 991 874 de
1019 841 1113 875 bonis
1150 840 1190 874 ad
1219 843 1322 886 ipsam
1354 838 1526 873 Ciuitatem
1556 838 1784 885 spectantibus
1813 843 1845 871 et
1873 841 1972 871 etiam

121 906 323 949 comparatis
352 907 385 936 et
413 905 550 948 emptis.
581 912 677 946 quam
708 904 913 947 inposterum
943 901 1175 948 comparandis
1203 906 1240 935 vt
1267 903 1484 947 premittitur„
1520 904 1552 933 et
1580 899 1741 942 emendis‚
1763 898 1973 933 Conferimus

122 963 306 997 liberaliter
335 967 367 997 et
395 963 554 996 donamus
583 974 643 1008 per
670 965 762 1008 ipsos
783 961 967 1005 habendos,
997 962 1157 996 tenendos
1186 966 1219 996 et
1246 965 1407 1007 perpetue
1437 960 1670 1007 percipiendos
1699 964 1730 993 et
1758 970 1817 1005 pro
1847 970 1906 993 sua
1936 969 1974 991 ac

122 1025 274 1058 Ciuitatis
301 1019 440 1057 vtilitate
461 1028 557 1069 prout
577 1026 624 1057 eis
645 1024 763 1057 melius
784 1023 945 1069 expedire
965 1023 1130 1057 videbitur
1157 1022 1415 1057 conuertendos.
1446 1021 1597 1055 Paternis
1626 1032 1665 1054 ae
1693 1023 1817 1054 nostris
1846 1019 1975 1053 dilectis

121 1085 270 1119 fidelibus
300 1084 481 1130 Capitaneo
511 1086 699 1130 ceterisque
728 1086 850 1117 nostris
880 1084 1076 1117 ol'lieialibus
1105 1095 1144 1117 ac
1171 1084 1308 1118 vasallis
1337 1087 1370 1117 et
1398 1081 1585 1116 hominibus
1614 1081 1863 1127 quibuscunque
1892 1091 1975 1126 pre-

121 1145 271 1180 sentibus
310 1149 342 1179 et
375 1144 493 1179 futuris
528 1144 724 1179 mandantes
759 1132 896 1178 tirmiter
930 1149 961 1177 et
998 1144 1144 1178 districte
1179 1143 1351 1185 Quatenus
1386 1143 1572 1177 antedictos
1608 1141 1707 1176 Ciues
1741 1146 1774 1175 et
1802 1141 1974 1175 Ciuitatem

123 1206 322 1251 Glogouiam
352 1208 384 1239 in
413 1205 597 1239 huiusmodi
627 1208 751 1240 nostris
780 1205 964 1239 collacione
994 1205 1178 1239 donacione
1206 1209 1239 1239 et
1266 1207 1380 1249 gracia
1411 1204 1598 1238 nullatenus
1626 1202 1800 1249 impedire,
1830 1201 1886 1236 sed
1918 1212 1976 1234 eos

120 1270 235 1313 pocius
271 1269 304 1300 in
341 1266 466 1300 eisdem
496 1271 652 1312 quantum
686 1269 718 1299 in
752 1269 801 1299 eis
838 1265 932 1299 suerit
969 1270 1001 1299 et
1031 1270 1186 1311 quantum
1215 1268 1376 1311 poterint.
1413 1275 1617 1298 conseruare
1646 1263 1790 1297 debeant
1817 1267 1850 1296 et
1878 1264 1974 1298 tueri,

121 1327 394 1373 Indignacionem
424 1331 572 1360 nostram
602 1329 835 1370 grauissimam
866 1331 896 1359 et
925 1326 1085 1360 oll'ensam
1115 1325 1267 1369 debitam,
1298 1329 1325 1360 si
1355 1328 1408 1372 qui
1437 1328 1637 1359 contrarium
1668 1328 1862 1369 attemptare
1891 1333 1974 1369 pre-

120 1391 321 1434 sumpserint
349 1389 524 1421 incursuri.
554 1387 678 1421 Harum
707 1392 893 1421 nostrarum
915 1398 996 1432 quas
1017 1390 1220 1432 appensione
1240 1389 1343 1420 nostri
1364 1386 1461 1431 sigilli
1482 1388 1598 1419 muniri
1620 1385 1759 1418 fecimus
1779 1386 1968 1417 testimonio

121 1449 313 1483 litterarum.
369 1448 489 1482 Datum
519 1448 630 1482 Brune
659 1447 741 1482 feria
770 1453 867 1482 sexta
896 1451 927 1481 in
958 1447 1041 1481 sesto
1070 1447 1197 1494 pasche
1226 1448 1326 1481 Anno
1355 1447 1487 1481 Domini
1515 1445 1691 1480 Millesimo
1720 1445 1970 1478 Trecentesimo

120 1509 385 1554 Quadragesimo
414 1508 572 1543 seeundo.

428 1588 512 1620 (Nacti
538 1589 612 1613 einer
635 1587 736 1613 alteren
762 1588 911 1614 Abscliril't.
936 1587 1095 1619 iniifflettwitt
1119 1595 1178 1613 vom
1203 1587 1333 1613 Archivar
1357 1586 1401 1612 Dr.
1427 1585 1633 1617 U'attenbacli.)

998 1707 1103 1742 403.

124 1785 555 1831 illa1·l2·91·aflsarlbest-eil
585 1786 647 1819 das
670 1785 826 1819 Brucher
847 1786 989 1818 li'loxlet·
1018 1796 1079 1817 ron
1109 1785 1169 1818 der
1199 1784 1494 1818 Gericlctsbarlret'!
1524 1784 1586 1817 det·
1607 1783 1713 1817 lea.
1746 1782 1803 1816 ΠΙ.
1827 1782 1976 1821 Brunne,

592 1846 749 1880 Sablmlo
775 1850 854 1891 pos!
880 1848 959 1889 sest.
992 1845 1127 1879 l’aselee
1158 1844 1213 1887 (G.
1244 1845 1369 1890 April)
1403 1845 1512 1878 1342.

269 1922 444 1976 Karolus
465 1941 631 1975 domini..
660 1942 763 1986 Regis
786 1941 920 1975 Boemie
942 1940 1196 1985 Primogenitus7
1227 1939 1375 1974 Mai-chio
1395 1939 1557 1981 Morauie,
1589 1938 1673 1972 lideli
1703 1942 1816 1972 nostro
1845 1937 1976 1975 dilecto,

129 2001 276 2035 Erliardo
312 2002 352 2036 de
391 2002 571 2036 Cunstat..
608 2002 800 2036 Camerario
831 2002 941 2035 Czude
972 2001 1180 2034 Brvnnensis
1210 2001 1356 2034 Salutem
1386 1992 1544 2047 etmiine
1572 1999 1714 2039 bonumq
1749 1998 1827 2031 Uuin
1860 1996 1978 2029 Deuoti

128 2065 229 2096 nostri
264 2062 427 2096 Dilecti..
464 2062 581 2097 Abbas
616 2068 649 2096 et
679 2062 872 2096 Conuentus
905 2061 1097 2105 Monasterij
1136 2061 1296 2095 Lucensis
1330 2072 1435 2107 prope
1470 2060 1672 2105 Znoymam„
1709 2069 1752 2091 ex
1787 2057 1977 2100 l'riuilegio,

129 2127 192 2156 tam
221 2121 502 2157 predecessorum
533 2128 740 2161 nosti-oraui,
771 2134 865 2168 quam
897 2125 1002 2155 eciam
1032 2122 1153 2155 domini
1184 2121 1352 2155 Genitoris
1382 2124 1484 2155 nostri
1514 2120 1651 2167 predicti
1686 2130 1724 2152 ac
1753 2122 1883 2159 iiosti·‹‘›‚
1913 2120 1979 2151 sint

130 2187 161 2216 et
189 2193 267 2216 csse
296 2182 450 2226 debeant,
481 2195 498 2217 a
519 2183 763 2217 Jurisdiccione
785 2183 895 2217 t‘znde
925 2182 1097 2216 cuiuslibet
1128 2181 1269 2215 absoluti
1298 2185 1430 2227 penitus
1452 2187 1484 2215 et
1504 2183 1661 2226 exempti.
1691 2178 1759 2212 'Nos
1780 2178 1975 2211 volentes..

130 2243 294 2277 Abbatem
315 2248 347 2276 et
366 2243 572 2278 Conuentum
602 2244 783 2290 predictos,
815 2248 847 2277 vt
877 2248 1027 2276 tenemur
1047 2253 1088 2276 ex
1111 2242 1209 2285 oslirij
1232 2245 1336 2275 nostri
1357 2242 1478 2280 debito,
1508 2245 1539 2275 in
1561 2239 1744 2275 huiusmodi
1766 2241 1976 2284 prerogatiua

130 2315 190 2338 seu
225 2306 339 2348 gracia
375 2303 602 2338 fauorabiliter
636 2316 857 2339 conseruare.
898 2303 968 2337 Tibi
1011 2306 1139 2336 seriose
1173 2306 1365 2336 auctoritate
1399 2305 1609 2348 presencium
1646 2299 1848 2336 inhibemusq
1884 2310 1969 2332 ne..

132 2364 282 2397 abbatem
314 2366 431 2408 ipsum.
461 2364 611 2398 homines
640 2370 693 2399 aut
723 2365 807 2399 bona
839 2367 940 2410 ipsius
970 2362 1175 2396 Monasterii.
1205 2363 1245 2396 ad
1275 2368 1361 2396 tuam
1391 2375 1536 2397 euocare
1566 2363 1772 2407 presenciam
1808 2371 1865 2393 seu
1903 2370 1976 2392 euin

133 2429 165 2458 et
200 2424 352 2458 homines
389 2428 442 2457 aut
477 2424 560 2459 bona
600 2437 680 2459 sua.
711 2429 741 2459 in
772 2430 842 2459 tuo.
874 2424 1067 2471 prouinciali
1097 2423 1226 2457 Jndicio
1256 2424 1401 2457 iudicare
1437 2424 1475 2457 ad
1505 2425 1740 2466 cuiuscumque
1769 2423 1975 2459 instanci:m‚

134 2485 259 2519 audeas
295 2484 537 2529 quomodolibet
567 2491 619 2519 aut
650 2498 834 2532 presumas.
882 2485 1111 2518 becci-nentes
1148 2487 1177 2517 in
1215 2484 1276 2527 liijs
1305 2487 1434 2529 seriptis
1465 2486 1585 2516 irritum
1616 2486 1647 2515 et
1676 2484 1792 2524 inane,
1823 2484 1849 2515 si
1879 2492 1976 2514 secus

136 2557 193 2590 per
221 2550 252 2579 tc
281 2549 368 2579 circa
399 2548 558 2590 premissa
588 2546 684 2580 suerit
712 2551 947 2592 attemptatum.
981 2545 1060 2578 Ynio
1091 2545 1241 2578 volumus
1262 2547 1286 2577 si
1309 2546 1416 2578 alicui.
1447 2543 1605 2576 aduersus
1634 2545 1782 2588 ipsum..
1812 2541 1975 2575 Abbatem

136 2607 252 2651 aliquid
283 2608 487 2651 conpecierit
516 2609 673 2639 accionis.
705 2607 738 2640 ld
760 2619 870 2640 eoram
892 2606 998 2649 nobis‚
1029 2610 1081 2639 aut
1109 2606 1177 2647 illo,
1207 2616 1302 2650 quem
1332 2608 1379 2638 eis
1408 2604 1596 2649 specialiter
1624 2603 1889 2649 deputauerinius
1918 2613 1976 2647 pro
