2184 2828
1015 85 1088 120 805

127 206 163 236 ut
189 205 385 249 premittitur
418 205 704 248 representaverit
737 213 775 237 se
807 206 861 236 aut
894 206 1065 246 statuerit,
1098 207 1176 237 tunc
1210 205 1283 248 ipso
1318 206 1381 238 iam
1414 208 1446 239 in
1483 207 1625 241 vinculis
1660 209 1799 252 incluso,
1837 209 1974 245 obsides

128 263 267 309 predicti
294 264 404 296 statim
434 265 499 296 sint
526 262 631 298 liberi.
671 268 702 297 et
736 268 845 297 castra
879 264 1027 309 predicta
1062 266 1112 298 eis
1145 266 1299 309 personis
1336 265 1390 298 vel
1426 277 1540 301 eorum
1574 267 1764 312 heredibus,
1801 282 1819 303 a
1856 270 1974 316 quibus

127 327 262 369 recepta
289 321 435 365 fuerunt,
465 322 587 356 dehent
615 334 675 369 per
703 335 762 358 eos
791 323 907 370 quibus
937 324 1210 358 commendantur
1238 324 1323 358 infra
1352 331 1428 360 octo
1457 327 1526 362 dies
1555 332 1732 363 continuos
1763 334 1835 365 sine
1863 334 1975 378 impe-

127 383 260 418 dimenti
290 383 463 418 obstaculo
491 387 666 428 resignari.
697 384 733 418 Si
761 395 845 420 vero
873 384 1040 420 Henricus
1066 388 1140 431 ipse
1164 396 1202 420 se
1226 384 1312 419 infra
1336 386 1519 432 predictum
1544 394 1685 436 tempus,
1711 395 1744 425 ut
1763 395 1971 437 premittitur,

126 455 192 479 non
225 449 477 490 representaret
511 446 566 478 vel
601 450 782 489 statueret,
816 457 859 479 ex
894 451 971 480 tunc
1008 450 1116 480 castra
1150 446 1298 492 predicta
1333 452 1366 481 et
1403 447 1538 484 obsides
1578 450 1700 485 debent
1732 452 1847 495 nobis,
1885 457 1974 488 omni

126 504 282 539 dilatione
316 509 350 539 et
387 508 605 539 excusatione
641 509 846 552 postpositis,
882 510 1058 551 assignari,
1094 511 1126 541 et
1161 511 1228 541 tam
1266 507 1306 541 de
1341 507 1510 543 obsidibus
1545 522 1641 556 quam
1679 515 1798 547 castris
1834 513 1975 548 licenter

125 564 240 599 facere
267 568 450 612 poterimus
479 571 594 600 nostre
627 566 873 612 beneplacitum
907 568 1095 602 voluntatis.
1139 567 1201 602 Est
1236 572 1269 602 et
1301 568 1366 602 hoc
1401 568 1587 605 huiusmodi
1622 573 1817 608 tractatibus
1850 574 1974 620 liquido

124 626 353 669 interclusum,
383 626 469 672 quod
498 630 526 660 si
554 626 704 673 prefatus
732 627 898 662 Henricus
927 628 967 662 de
996 628 1088 675 Lypa
1116 628 1201 662 infra
1228 628 1413 675 predictum
1441 635 1568 676 tempus
1596 636 1783 678 peramicos
1812 645 1892 670 suos
1917 636 1973 670 vel

125 687 167 720 ad
201 691 252 721 sui
287 687 461 721 utilitatem
498 691 724 733 captivaretur
758 688 918 731 forsitan3
955 693 1079 723 extunc
1112 692 1184 736 ipse
1219 702 1237 724 a
1273 690 1326 724 die
1359 694 1561 737 captivitatis
1594 693 1779 729 huiusmodi
1813 698 1846 729 in
1875 701 1973 730 antea

125 752 248 782 tantum
283 759 371 794 pane
410 752 443 781 et
477 759 561 794 aqua
600 753 631 782 ct
666 760 733 782 non
767 750 839 783 aliis
872 753 966 784 vesci
999 749 1114 793 debet,
1150 750 1320 786 obsidibus
1357 756 1391 785 et
1425 755 1542 787 castris
1579 754 1738 800 predictis
1775 759 1807 790 in
1844 768 1972 801 eorum,

125 808 242 853 quibus
271 808 414 842 tenenda
443 812 612 854 assignata
646 810 780 853 fuerint,
816 811 1067 845 remanentibus
1099 816 1263 858 potestate
1295 817 1361 846 tam
1396 812 1671 863 diu,⁴qu0usque
1705 819 1776 862 ipse
1804 816 1972 853 Henricus

124 869 166 903 de
192 868 286 916 Lypa
313 872 347 903 in
375 872 602 915 captivitatem
637 882 675 905 se
712 874 1014 917 representaverit,
1050 877 1085 906 ut
1120 875 1272 918 superius
1303 877 1354 907 est
1381 877 1595 919 premissum,
1629 877 1685 910 vel
1718 882 1831 911 nostre
1865 882 1974 923 gratie

122 928 223 964 fuerit
249 933 432 964 restitutus.
463 930 499 964 Si
528 942 609 964 vero
639 943 700 978 per
728 942 943 978 quoscunque
973 932 1055 967 alios
1083 937 1197 979 preter
1224 938 1371 968 nostram
1399 934 1601 969 voluntatem
1627 940 1870 983 captivaretur:
1896 944 1974 973 tunc

123 990 257 1025 obsides
277 995 309 1025 et
333 995 443 1026 castra
466 994 499 1025 in
528 1002 654 1035 eorum,
684 992 801 1038 quibus
831 996 999 1037 assignata
1028 993 1161 1038 fuerint,
1186 994 1406 1028 remanebunt
1429 1006 1601 1042 quousque
1627 1008 1664 1031 se
1689 1003 1973 1044 representaverit

120 1056 298 1098 potestate,
328 1057 361 1086 et
388 1063 449 1087 nos
478 1063 542 1086 una
571 1064 644 1086 cum
674 1056 788 1088 amicis
817 1057 885 1087 suis
914 1054 954 1087 ad
983 1057 1056 1088 eius
1083 1053 1315 1089 liberationem
1349 1066 1447 1102 opem
1477 1061 1509 1090 et
1537 1067 1673 1104 operam
1710 1058 1861 1094 dabimus
1891 1060 1972 1094 effi-

121 1123 233 1147 caces.
264 1112 300 1147 Si
329 1117 439 1147 autem
467 1124 527 1159 per
555 1124 615 1147 nos
640 1114 695 1148 vel
721 1126 766 1148 ex
791 1115 964 1149 voluntate
989 1120 1104 1149 nostra
1129 1118 1201 1162 ipse
1220 1115 1387 1151 Henricus
1413 1120 1653 1164 captivaretur,
1675 1124 1817 1154 extunc
1836 1120 1972 1156 obsides

120 1173 260 1219 predicti
290 1178 386 1207 erunt
412 1173 506 1208 liberi
543 1179 573 1208 et
607 1179 718 1209 castra
746 1175 877 1221 prefata
912 1175 951 1209 ad
987 1187 1058 1219 eos,
1095 1179 1149 1222 qui
1183 1187 1223 1211 ea
1257 1180 1529 1222 assignaverunt,
1559 1183 1716 1214 continuo
1744 1186 1968 1217 revertentur.

120 1232 202 1267 Cum
230 1239 340 1269 autem
367 1238 441 1280 ipse
468 1234 633 1269 Henricus
663 1247 701 1270 se
729 1239 1014 1282 representaverit
1043 1241 1075 1271 et
1103 1241 1264 1281 statuerit,
1294 1242 1372 1272 tunc
1400 1238 1570 1274 obsidibus
1599 1241 1820 1276 existentibus
1858 1242 1970 1278 liberis

120 1299 153 1328 et
181 1295 308 1339 solutis,
337 1299 446 1329 castra
480 1298 553 1342 ipsa
592 1299 652 1339 eis,
688 1308 707 1330 a
742 1296 861 1342 quibus
889 1300 1106 1344 recipiuntur,
1140 1299 1194 1332 vel
1227 1309 1342 1333 eorum
1370 1298 1560 1343 heredibus,
1590 1300 1676 1335 infra
1705 1307 1781 1336 octo
1810 1302 1882 1337 dies
1910 1315 1970 1350 per

119 1365 192 1398 eos,
221 1355 338 1402 quibus
366 1360 539 1401 assignata
568 1356 700 1400 fuerint,
731 1357 853 1392 debent
880 1358 1022 1392 finaliter
1050 1362 1226 1404 assignari.
1256 1359 1360 1404 Sique
1382 1360 1469 1395 infra
1495 1361 1699 1407 sepedictum
1720 1367 1850 1410 tempus
1869 1363 1969 1398 Hen-

117 1418 222 1450 ricum
251 1416 292 1451 de
318 1416 412 1463 Lypa
440 1421 523 1451 mori
553 1417 667 1452 forsan
696 1421 917 1463 contingeret,
948 1423 1026 1453 tunc
1053 1419 1214 1454 Albertus
1243 1420 1284 1454 de
1309 1420 1470 1464 Seberch,
1497 1421 1644 1456 Abertus
1672 1423 1712 1457 de
1733 1423 1840 1467 Duha,
1862 1424 1968 1459 Potho

118 1476 160 1510 de
186 1476 295 1521 Duba,
325 1477 525 1512 NVilhelmus
562 1478 602 1512 de
631 1478 801 1513 Lantstein
835 1484 869 1513 et
896 1482 1003 1514 iunior
1038 1479 1204 1514 Henricus
1239 1481 1280 1514 de
1312 1481 1405 1528 Lypa
1441 1494 1502 1516 suo
1537 1488 1571 1517 et
1604 1487 1748 1518 omnium
1784 1488 1966 1519 amicorum

117 1547 251 1572 suorum
279 1541 354 1572 vice
383 1543 416 1573 et
442 1542 587 1583 nomine,
616 1539 897 1586 venerabilesque
925 1539 1098 1574 Johannes
1127 1540 1305 1586 Pragensis
1334 1547 1368 1576 et
1395 1542 1511 1578 Petrus
1541 1543 1775 1579 Olomucensis
1805 1549 1966 1592 episcopi,

115 1601 285 1645 principes
306 1602 411 1634 nostri
435 1600 555 1643 dilecti,
584 1612 717 1634 necnon
745 1601 877 1634 inclitus
904 1601 1055 1635 dominus
1081 1601 1259 1636 Bolezlaus
1286 1602 1353 1636 dux
1379 1602 1502 1637 Silesie
1529 1609 1561 1638 et
1581 1605 1732 1639 dominus
1753 1605 1793 1639 de
1813 1605 1964 1651 Legnitz,

115 1658 339 1694 consobrinus
367 1665 482 1695 noster
510 1664 714 1704 carissimus,
743 1672 803 1707 pro
832 1661 990 1707 predictis
1020 1665 1136 1696 amicis
1163 1665 1267 1708 ipsius
1302 1662 1439 1698 Henrici
1475 1664 1516 1698 de
1543 1665 1635 1712 Lypa
1669 1670 1700 1698 et
1733 1677 1807 1699 cum
1835 1670 1917 1712 ipsis
1945 1679 1964 1701 a

115 1719 169 1754 die
196 1719 304 1755 obitus
333 1723 435 1767 ipsius
464 1721 601 1755 Henrici
630 1721 716 1756 infra
744 1722 943 1767 quindenam
973 1725 1161 1757 continuam
1196 1723 1337 1768 Pragam
1367 1727 1486 1759 venire
1513 1726 1722 1768 tenebuntur,
1753 1731 1786 1760 et
1814 1732 1962 1761 nostram

114 1779 234 1814 ibidem
261 1784 353 1815 iuxta
378 1782 598 1827 predictorum
619 1782 946 1829 archiepiscoporum
967 1788 998 1817 et
1018 1783 1258 1817 coarbitrorum
1286 1795 1421 1819 suorum
1446 1785 1614 1820 arbitrium
1639 1790 1780 1831 gratiam
1801 1787 1963 1822 obtinere.

115 1839 209 1882 Quod
237 1844 264 1875 si
292 1842 391 1876 iidem
420 1843 533 1877 arbitri
562 1848 593 1877 et
622 1843 835 1877 arbitratores
865 1855 924 1877 seu
956 1843 1149 1878 amicabiles
1179 1848 1424 1890 compositores
1453 1846 1538 1880 insra
1568 1848 1765 1892 quindenam
1792 1859 1859 1882 non
1878 1860 1963 1894 pro-

115 1905 310 1936 nunciarent
337 1902 451 1937 forsan
480 1904 660 1947 arbitrium‚
691 1909 746 1938 aut
773 1907 800 1938 si
830 1905 989 1938 vellemus
1020 1908 1164 1950 ipsorum
1194 1905 1362 1939 arbitrium
1391 1906 1556 1941 refutare:
1592 1913 1669 1942 tunc
1695 1912 1759 1941 tam
1789 1911 1852 1954 ipsi
1886 1912 1964 1955 epi-

114 1965 208 2008 scopi
236 1967 268 1996 et
295 1963 362 1998 dux
395 1968 627 2010 prenominati,
664 1976 760 2010 quam
795 1968 892 1999 etiam
928 1968 1024 1998 ainici
1060 1965 1197 1999 Henrici
1233 1966 1272 2000 de
1302 1966 1394 2013 Lypa
1428 1968 1468 2002 de
1498 1968 1605 2013 Praga
1634 1973 1786 2014 poterunt
1821 1970 1960 2004 licenter

113 2022 275 2057 recedere
302 2029 335 2058 et
363 2024 466 2060 abire.
498 2025 565 2059 Sed
602 2029 628 2059 si
667 2026 762 2059 iidem
799 2029 894 2059 amici
927 2025 1065 2059 chrici
1101 2026 1142 2059 de
1171 2026 1262 2072 Lypa
1299 2038 1358 2072 pro
1386 2033 1478 2074 parte
1507 2040 1566 2063 sua
1595 2032 1854 2075 prenuntiationi
1883 2030 1960 2076 dicti

113 2082 236 2117 arbitrii
265 2088 351 2118 stare
379 2086 513 2129 nollent,
544 2092 621 2120 tunc
649 2087 782 2132 quilibet
812 2090 990 2120 amicorum
1027 2089 1131 2132 ipsius
1161 2086 1295 2121 Henrici
1325 2093 1626 2134 prenominatorum
1661 2095 1693 2123 et
1729 2090 1959 2124 fideiussorum

111 2154 245 2178 suorum
284 2147 516 2193 episcoporum
553 2158 592 2182 ac
628 2147 721 2181 ducis
759 2147 985 2193 prefatorum.
1030 2159 1103 2182 cum
1146 2158 1210 2181 uno
1250 2148 1350 2182 milite
1389 2149 1448 2183 sibi
1486 2155 1654 2196 assumpto
1692 2150 1800 2195 Prage
1837 2152 1958 2185 tamdiu

111 2209 262 2251 prestare
291 2205 477 2251 obstagium
506 2207 706 2242 tenebuntur
737 2214 767 2242 et
797 2219 863 2242 non
892 2208 1053 2242 recedere
1081 2208 1212 2251 abinde,
1239 2209 1346 2254 quoad
1372 2210 1490 2255 prefati
1515 2214 1610 2244 amici
1638 2210 1772 2244 chrici
1799 2211 1839 2244 de
1864 2212 1956 2258 Lypa

111 2269 258 2299 nostram
294 2269 433 2310 gratiam
461 2268 664 2303 obtinebunt.
702 2270 891 2314 Antequam
928 2273 1035 2302 autem
1070 2269 1109 2303 de
1145 2272 1315 2315 premissis
1351 2270 1539 2304 tractatibus
1574 2271 1659 2316 apud
1698 2282 1757 2305 nos
1793 2272 1957 2318 quidpiam

111 2330 338 2372 attemptetur,
374 2337 434 2372 per
467 2328 645 2364 Henricum
684 2330 724 2363 de
758 2329 849 2376 Lypa
886 2334 917 2363 et
957 2333 1081 2364 amicos
1118 2341 1196 2364 suos
1232 2330 1398 2375 predictos
1435 2336 1542 2365 castra
1577 2336 1688 2365 nostra
1724 2335 1756 2365 in
1791 2332 1955 2368 Moravia.

111 2385 211 2421 Gretz
238 2387 404 2429 videlicet,
434 2387 610 2434 Eychorns
639 2395 671 2424 et
700 2391 847 2425 Biscntz.
877 2390 975 2424 nobis
1004 2390 1125 2424 debent
1154 2394 1292 2424 restitui.
1323 2390 1514 2425 difficultate
1543 2403 1601 2425 seu
1628 2392 1784 2427 dilatione
1811 2394 1954 2438 qualibet

108 2447 225 2494 procul
253 2451 362 2481 motis.
393 2447 455 2481 Pro
485 2459 622 2493 quorum
652 2456 760 2485 tamen
791 2454 1002 2485 restitutione
1031 2462 1093 2484 nec
1123 2451 1347 2493 fideiussores,
1378 2463 1440 2486 nec
1469 2456 1590 2486 castra.
1616 2463 1679 2486 nec
1703 2452 1836 2487 obsides
1867 2454 1955 2487 obli-

107 2512 239 2553 gantur,
276 2508 334 2542 sed
370 2508 499 2542 fidelem
533 2510 572 2543 ad
608 2511 670 2545 boc
708 2512 829 2546 dabunt
862 2523 1009 2557 operam,
1047 2512 1132 2557 quod
1168 2512 1253 2546 dicta
1288 2518 1409 2550 castra.
1445 2517 1681 2559 quamprimum
1718 2514 1787 2548 sieri
1821 2518 1952 2560 poterit,

107 2568 300 2603 habeamus.
338 2568 492 2603 Ceterum
527 2573 554 2603 si
584 2582 644 2605 nos
679 2575 806 2606 interim
841 2572 926 2618 quod
964 2571 1048 2605 absit
1084 2572 1248 2606 decedere
1278 2574 1330 2607 vel
1359 2577 1521 2620 captivari
1551 2577 1774 2619 contingeret.
1805 2587 1848 2609 ex
1878 2580 1953 2609 tunc

1755 2638 1810 2662 loz
