2184 2828
1040 133 1115 168 228

159 252 373 287 Predhorium
392 251 693 286 Brewnouiensem
715 255 763 285 et.
783 278 789 285 .
817 250 859 285 de
880 250 1013 285 Ostrow
1033 249 1187 292 abbates
1217 249 1341 284 ordinis
1362 253 1467 284 sancti
1487 250 1677 284 Benedicti.
1708 253 1821 283 nostre
1841 248 1998 294 dyocesis

157 318 249 359 parte
277 324 321 346 ex
349 313 451 347 altera
471 314 630 355 vertitur,
660 322 719 346 seu
738 316 929 345 vertuntur.
958 314 990 344 in
1010 321 1073 344 vos
1093 314 1254 355 tamqnam
1285 313 1316 343 in
1337 310 1495 353 arbitros,
1517 310 1751 352 arbstratores,
1781 308 1999 351 ordinatores,

157 373 365 418 laudatores„
395 372 583 407 amicabiles
613 375 853 418 compositores
881 373 1172 418 compromittimus
1199 373 1231 404 in
1260 370 1322 404 hiis
1352 373 1503 417 scriptis.
1533 370 1660 404 Dantes
1688 369 1784 404 vobis
1813 368 1942 415 plenam
1970 372 2002 402 et

157 434 377 468 omnimodam
396 437 594 479 potestatem
615 444 715 478 snper
735 434 992 474 controuersiis,
1022 442 1081 465 seu
1100 433 1211 465 causis
1231 434 1317 465 inter
1336 442 1396 465 nos
1425 431 1560 473 habitis,
1591 442 1650 464 seu
1679 432 1824 472 exortis,
1853 428 2001 475 partibus

158 494 366 541 presentibus
403 504 464 527 seu
498 492 694 527 absentibus
729 493 782 527 vel
818 504 883 527 vna
918 496 1092 538 presente,
1128 495 1162 524 et
1189 492 1251 525 alia
1281 491 1419 525 absente
1447 491 1498 525 die
1527 491 1663 533 feriato,
1692 490 1747 524 vel
1776 500 1841 523 non
1870 488 2001 531 feriato,

159 555 275 589 stando
304 554 358 588 vel
387 553 555 597 sedendo,
586 553 782 595 arbitrandi,
811 552 983 595 laudandi,
1013 551 1205 595 ordinandi,
1234 563 1293 586 seu
1315 551 1550 597 componendi.
1581 555 1676 597 prout
1705 549 1801 584 vobis
1821 549 2002 584 secundum

159 616 254 649 deum
283 619 315 648 et
343 616 506 648 iusticiam
535 613 756 648 consideratis
777 616 902 647 meritis
931 623 1104 647 causarum
1134 614 1241 646 visum
1269 612 1368 646 fuerit
1396 612 1567 658 expedire.
1598 612 1829 645 Promitteutes
1856 609 2004 651 firmiter,

159 679 279 710 vestris
306 677 339 708 in
367 674 430 708 hoc
458 685 577 720 parere
606 674 741 708 arbitrio
770 677 802 707 et
821 673 1002 716 mandatis,
1034 672 1238 707 Comittiinus
1259 675 1393 718 insuper
1418 677 1532 707 vestre
1561 672 1745 706 honestati.
1774 674 1810 705 vt
1837 670 2004 716 predictos

159 736 310 778 abbates,
340 739 476 781 recepto
505 734 544 769 ab
575 738 623 768 eis
652 737 816 780 promisso
845 733 886 767 ad
913 733 1097 780 parendum
1126 733 1286 767 mandatis
1322 733 1485 776 ecclesie‚
1521 744 1580 767 eos
1610 735 1636 766 si
1666 742 1810 765 necesse
1837 730 1936 765 fuerit
1964 729 2004 764 ab

159 799 544 831 excomnninicacionum
573 796 754 839 sentencijs
783 797 978 828 auctoritate
1007 799 1119 828 nostra
1148 793 1322 828 absoluere
1350 794 1503 827 valeatis.
1532 793 1650 827 Datum
1682 796 1712 826 in
1741 791 1891 826 Rudnicz
1918 802 2005 826 anno

158 858 279 891 domini
307 856 481 891 Millesimo
510 856 762 890 Trecentesimo
792 854 1056 900 Quadragesimo
1084 857 1189 901 primo
1216 853 1255 888 ΙΙ.
1284 854 1360 888 Idus
1392 855 1524 900 Aprilis.

467 916 538 954 (Das'
559 920 637 955 Orig.
664 922 696 947 im
722 921 837 947 Arcliive
862 920 910 946 der
934 920 1233 947 Benedictiner-Abtei
1258 920 1396 954 Raigern.)

1031 1015 1138 1050 314.

162 1089 272 1131 li'om'gs
300 1087 435 1120 Johann
464 1086 531 1119 und
558 1085 746 1130 illarlzyraf
767 1085 858 1119 Isarl
884 1085 1034 1129 befreien
1064 1084 1118 1118 die
1146 1083 1316 1128 Znaymer
1344 1083 1480 1127 Bar-(ser
1509 1095 1570 1116 ron
1600 1084 1661 1116 der
1689 1080 1944 1126 Maufflabyabe
1971 1082 2004 1115 in

232 1148 380 1182 Bolmzen
411 1147 476 1180 und
503 1146 658 1180 Malu-en.
717 1146 777 1180 Dc.
807 1146 934 1191 Pro-qe7
961 1147 1027 1190 fer.
1065 1144 1120 1180 1’1.
1150 1146 1240 1188 iufra
1268 1147 1379 1178 octav.
1410 1144 1523 1177 Pasce
1554 1145 1574 1185 (
1580 1143 1639 1177 13.
1669 1143 1793 1188 April)
1827 1141 1937 1176 1341.

315 1206 404 1259 A*os
432 1224 604 1258 Johanncs
625 1223 677 1257 dei
697 1227 811 1269 gracia
832 1223 991 1257 Bolicmie
1011 1223 1087 1257 Rex
1107 1233 1146 1256 ac
1168 1221 1286 1256 Comes
1306 1221 1608 1266 Luccmbnrgensis
1638 1226 1670 1255 et
1688 1220 1831 1255 Karolus
1859 1219 2006 1255 eiusdem

163 1287 405 1330 primogenitus
425 1284 574 1319 Marclno
595 1284 744 1318 Mornuie
773 1284 891 1318 Notum
921 1284 1059 1317 facimus
1089 1288 1204 1317 tenore
1232 1285 1438 1328 presencium
1469 1285 1646 1316 vuinersis.
1692 1281 1787 1322 Quod
1816 1280 2008 1316 dilectorum

162 1348 304 1381 lislelium
334 1350 521 1380 nostrorum
544 1346 670 1379 Cinium
701 1349 731 1378 et
761 1345 946 1379 Incolaruin
967 1344 1115 1378 Ciuitatis
1144 1348 1258 1377 nostre
1286 1343 1508 1389 Znoymensis
1537 1348 1633 1387 grata
1663 1347 1695 1376 et
1727 1342 1837 1378 fidelia
1866 1344 2008 1376 seruicia

163 1408 257 1442 nobis
294 1406 462 1440 indefessa
498 1406 751 1452 promptitudine
786 1410 978 1439 constanter
1011 1404 1159 1438 exhibita
1194 1409 1288 1449 grato
1326 1408 1357 1437 et
1385 1403 1531 1448 benigno
1559 1403 1746 1437 recolentes
1775 1402 1893 1436 affectu
1920 1404 2010 1448 ipsos

164 1468 286 1502 exinde
316 1472 430 1501 nostre
458 1466 667 1500 excellencie
696 1465 839 1500 brachiis
868 1466 1102 1511 amplexantes
1136 1476 1179 1499 ex
1216 1468 1324 1498 innata
1354 1464 1448 1498 nobis
1481 1464 1662 1498 clemencia
1699 1466 1847 1509 graciam
1884 1462 2010 1498 eisdem

163 1529 275 1563 facere
304 1528 455 1562 volumus
484 1528 662 1573 specialem
685 1527 904 1561 Attendcnles
935 1529 1044 1571 itaque
1073 1525 1158 1572 quod
1188 1528 1249 1571 ipsi
1271 1526 1368 1559 Ciues
1396 1536 1460 1558 non
1489 1525 1593 1558 solum
1623 1524 1850 1570 frequentibus
1869 1523 2010 1558 hostium

165 1589 343 1623 assultibus
372 1600 468 1634 quam
490 1591 588 1621 etiam
610 1599 668 1634 per
687 1587 854 1621 crudelem
885 1590 970 1631 ignis
996 1590 1192 1631 voraginem
1219 1586 1357 1632 dampna
1384 1596 1480 1631 quam
1515 1585 1652 1631 plurima
1689 1590 1764 1619 sunt
1794 1586 1945 1631 perpessi
1979 1588 2011 1618 et

163 1661 277 1684 eornm
303 1650 454 1683 volentes
483 1648 743 1682 incomodatibus
773 1648 948 1681 consulere
975 1660 1014 1682 ac
1043 1650 1123 1694 ipsis
1148 1649 1334 1691 graciosins
1360 1646 1536 1692 prouidere
1557 1648 1720 1691 presentis
1755 1647 1868 1692 scripti
1896 1648 2012 1679 tenore

165 1712 270 1745 dictos
300 1709 398 1744 Ciues
427 1714 460 1743 et
488 1710 614 1743 incolas
643 1709 683 1743 ab
712 1708 863 1742 omnibns
894 1708 1074 1742 Tlicloneis
1101 1707 1191 1742 Mant
1225 1711 1257 1741 et
1284 1706 1361 1740 Czol
1391 1706 1585 1747 wulgaritcr
1614 1706 1707 1740 dictis
1736 1710 1800 1740 tam
1830 1709 1862 1740 in
1891 1704 2011 1750 Regno

169 1772 303 1805 Boemie
324 1782 419 1816 qnam
439 1773 543 1803 eciam
561 1769 788 1803 Mnrchiouatu
810 1768 958 1802 Moranie
979 1771 1010 1803 in
1034 1768 1225 1802 Ciuitatibus
1245 1772 1277 1801 et
1301 1771 1395 1800 extra
1419 1766 1576 1800 Ciuitates
1603 1777 1810 1811 quacumque
1833 1768 2014 1800 occasione

169 1836 237 1878 ipsa
255 1831 416 1866 Tlielouia
433 1842 519 1864 nnnc
540 1833 604 1864 sint
620 1830 673 1864 vel
694 1829 896 1863 succedente
917 1834 1066 1876 tempore
1082 1832 1225 1863 instituta
1246 1828 1367 1861 suerint
1387 1826 1540 1860 duximus
1558 1830 1587 1860 in
1605 1831 1798 1873 perpetuum
1815 1825 2012 1860 eximendos

171 1893 215 1926 lta
245 1891 330 1938 qnod
360 1891 400 1925 ab
430 1891 554 1925 eisdem
575 1890 710 1924 Cinibus
731 1893 851 1924 nostris
877 1894 909 1924 et
928 1890 1049 1924 Incolis
1070 1890 1110 1923 de
1139 1893 1283 1935 ipsorum
1304 1891 1456 1934 personis
1477 1887 1574 1921 rebus
1601 1892 1632 1921 et
1653 1890 1820 1921 vninersis
1849 1886 2013 1921 mercibus

169 1965 209 1986 ex
249 1952 431 1986 huiusmodi
467 1954 579 1996 gracia
616 1954 695 1997 ipsis
730 1962 892 1984 concessa
927 1953 1059 1984 inantea
1095 1949 1256 1983 Tlielonia
1292 1946 1423 1982 minime
1458 1950 1637 1991 exigantur
1665 1947 1722 1981 sed
1753 1950 1813 1994 ipsi
1851 1947 1943 1981 liberi
1972 1946 2013 1981 ab

169 2013 294 2047 eisdem
324 2012 505 2046 'I'lieloueis
534 2011 794 2058 quiliuscnmqne
823 2023 901 2045 esse
930 2011 1072 2045 debeant
1101 2013 1227 2057 penitus
1256 2013 1288 2043 et
1316 2011 1477 2054 exempti,
1509 2008 1700 2042 mandamus
1730 2011 1828 2053 igitur
1846 2010 2013 2043 vniuersis

173 2077 290 2107 nostris
320 2072 524 2107 Ollieialibns
554 2072 687 2106 (finibus
717 2077 747 2105 et
782 2073 921 2115 siugulis
950 2072 1171 2106 Tlieloniariis
1205 2068 1412 2116 presentibus
1447 2073 1478 2102 et
1513 2068 1630 2102 suturis
1659 2074 1772 2103 nostre
1805 2071 1919 2114 gracie
1953 2067 2013 2103 sub

172 2134 304 2168 obtentu
334 2138 495 2179 quatenns
524 2136 613 2178 ipsos
642 2133 742 2166 Ciues
771 2138 903 2167 nostros
932 2137 964 2166 et
993 2132 1117 2166 incolas
1152 2135 1183 2165 in
1212 2134 1355 2177 pretacta
1385 2133 1498 2163 nostre
1527 2129 1684 2163 libertatis
1713 2132 1826 2173 gracia
1856 2140 1921 2163 non
1949 2132 2015 2163 im-

174 2196 321 2240 pediant,
352 2194 408 2228 sed
439 2197 546 2240 potins
576 2196 772 2227 anctoritate
801 2197 1001 2239 presentium
1031 2196 1061 2227 iu
1090 2192 1204 2226 eadem
1235 2194 1467 2226 manuteneant
1496 2189 1634 2224 lideliter
1661 2195 1693 2224 et
1721 2194 1934 2226 conseruent.
1964 2190 2015 2224 Ac

172 2259 367 2301 quicumque
398 2258 501 2300 ipsam
532 2254 713 2288 libertatem
744 2259 889 2288 nostram
919 2266 1000 2288 ausu
1028 2255 1207 2287 temerario
1235 2251 1415 2295 infringere
1444 2254 1475 2283 et
1504 2251 1631 2284 violare
1660 2250 1906 2295 quomodolibet
1933 2260 2015 2297 pre-

173 2319 347 2360 sumpserit
384 2318 410 2349 is
448 2315 716 2359 indignacionem
747 2315 887 2357 Regiam
916 2319 948 2348 et
976 2326 1086 2348 rerum
1116 2317 1218 2360 ipsius
1245 2323 1349 2357 grane
1379 2311 1604 2357 dispendium,
1635 2314 1706 2345 sinc
1735 2313 1853 2357 quouis
1881 2310 2014 2346 subter-

175 2376 253 2417 l‘nuij
285 2375 429 2408 remi-<lio
459 2388 495 2408 se
525 2377 653 2408 nouerit
683 2378 891 2409 incursurum
921 2375 1044 2409 Harum
1074 2374 1191 2420 quibus
1226 2376 1336 2407 nostra
1366 2371 1482 2412 Simila
1512 2375 1541 2404 in
1572 2376 1764 2417 perpetuum
1794 2373 2014 2406 testimonium

175 2436 389 2481 appendi-mla
427 2437 578 2469 (luximus
614 2438 800 2469 testimonio
835 2436 1026 2469 litterarum.
1083 2435 1200 2468 Datum
1236 2433 1340 2477 Prage
1375 2432 1455 2465 seria
1491 2436 1586 2465 sexta
1623 2432 1706 2466 iul'ra
1743 2437 1881 2467 octauas
1910 2430 2015 2466 Pasce

177 2497 273 2529 Anno
304 2500 476 2529 natiuitatis
506 2496 626 2530 domini
656 2496 829 2530 Millvsnno
858 2496 1108 2530 Trecentesimo
1137 2494 1392 2539 quadragesimo
1422 2495 1536 2537 primo.

483 2575 548 2601 (lias
574 2576 646 2604 (li-leg,
674 2576 718 2600 aul*
741 2575 857 2603 l'i-issgam.
885 2576 927 2600 mit
952 2575 1016 2600 zwei
1042 2573 1169 2604 Sinillvn.
1200 2581 1251 2598 von
1276 2571 1361 2597 ‹lt-nen
1383 2571 1482 2604 jedoeli
1507 2572 1581 2596 eines
1610 2571 1690 2598 l'elill.
1722 2573 1753 2597 im
1780 2570 1893 2597 Ari-luvi-
1918 2569 1965 2595 ‹ler
1988 2569 2014 2595 k.

586 2628 659 2652 suun
685 2628 805 2658 linqui.)
