2184 2828
1056 126 1129 161 188

170 252 274 290 verat,
303 246 445 293 illudque
473 247 684 291 gravissimis
713 244 831 279 debitis
860 244 1028 278 dimiserat
1056 247 1241 287 oneratum⁷
1270 247 1302 277 et
1338 242 1424 288 quod
1452 247 1497 277 tot
1524 243 1611 277 bona
1641 242 1791 276 eiusdem
1820 245 2013 276 monasterii

168 307 418 354 dilapidaverat‚
448 306 532 353 quod
562 309 657 352 quasi
685 308 758 339 sine
784 304 1030 339 reformationis
1059 314 1129 349 spe,
1163 314 1268 349 usque
1296 303 1336 337 ad
1366 307 1598 338 exterminium
1627 302 1884 349 irreparabiliter
1910 302 2017 337 fuerat

169 368 362 415 collapsum,
393 372 424 402 et
452 366 538 412 quod
558 371 693 412 propter
712 365 775 399 hoc
794 365 880 399 idem
900 364 1109 398 immediatus
1128 363 1351 409 predecessor
1369 366 1473 410 ipsius
1494 364 1665 411 depositus
1686 362 1794 397 fuerat
1814 374 1832 396 a
1853 365 2018 408 regimine

172 431 364 463 monasterii
394 427 559 470 antedicti,
591 426 764 460 adiciendo
793 425 878 471 quod
908 428 936 458 si
963 428 1034 470 ipse
1062 424 1177 457 forsan
1214 423 1340 469 aliquas
1369 424 1585 459 alienationes
1615 423 1764 466 fecisset,
1803 434 1863 457 seu
1892 423 2017 469 aliquas

168 490 264 524 villas
292 491 560 535 impignorasset‚
591 487 654 521 hoc
682 489 754 533 ipse
783 486 910 520 fecerat
939 485 979 518 de
1008 484 1147 518 consilio
1177 488 1209 517 et
1236 495 1403 518 consensu
1434 490 1622 519 conventus
1651 484 1725 517 dicti
1752 486 1954 525 monasterii‚
1985 488 2017 517 et

168 561 228 597 pro
256 550 396 584 utilitate
425 553 457 582 et
485 550 688 582 necessitate
717 548 906 580 monasterii
936 547 1121 587 memorati,
1158 548 1190 577 et
1222 555 1282 590 pro
1319 544 1459 591 dampno
1494 548 1609 579 maiori
1645 544 1791 578 eiusdem
1828 546 2019 578 monasterii

171 610 338 653 ew'tandQ
368 613 399 643 et
437 608 523 655 quod
562 620 621 654 pro
656 607 819 653 quitandis
856 605 973 640 debitis
1011 607 1188 639 contractis
1222 616 1282 650 per
1318 605 1540 639 immediatum
1576 609 1607 639 et
1642 605 1723 638 alios
1759 604 2020 650 predecessores

168 671 334 717 predictos
363 673 435 716 ipse
463 680 500 703 se
529 669 739 714 obligaverat
767 667 807 701 ad
836 666 1031 701 solvendum
1062 676 1178 699 usuras
1207 664 1266 699 sub
1294 666 1409 700 litteris
1437 671 1470 700 et
1497 666 1612 710 sigillis
1641 676 1754 699 eorum
1783 669 1814 698 et
1833 669 2020 699 conventus

168 732 299 778 prefati,
315 736 346 765 et
364 730 449 777 quod
470 730 617 776 quaedam
639 730 724 763 bona
745 739 808 774 que
828 728 914 761 idem
929 726 997 761 Leo
1013 724 1232 773 pretendebat
1250 730 1283 760 et
1302 726 1465 772 prodentit
1484 738 1543 772 per
1562 726 1682 759 dictum
1706 725 1857 759 abbatem
1879 725 2020 759 alienata

169 804 229 827 seu
257 795 475 838 impignorata
504 791 620 833 fuisse,
651 794 745 824 erant
773 794 806 823 et
834 793 910 823 sunt
935 799 994 834 per
1022 787 1208 822 secularem
1242 789 1421 832 potentiam
1450 791 1623 833 occupata.r
1653 789 1834 820 occasione
1862 786 2020 820 dictorum

175 853 357 887 debitorum
386 856 630 886 contractorum
660 862 719 897 per
746 849 1012 896 predecessores
1041 847 1189 890 eosdem,
1219 852 1251 881 et
1279 849 1376 881 etiam
1403 852 1536 893 propter
1559 847 1657 881 multa
1677 846 1830 892 dampna,
1851 856 1915 891 que
1935 845 2021 880 dicto

168 915 371 948 monasterio
400 916 585 947 evenerant
613 922 656 945 ex
685 922 726 944 eo
755 910 841 956 quod
869 909 1048 954 Hildgerus
1068 910 1123 953 qui
1143 907 1222 942 dicit
1240 918 1277 941 se
1296 907 1399 942 fuisse
1419 908 1559 942 electum
1581 909 1784 941 monasterio
1812 905 2023 953 Montissyon

170 978 318 1009 eiecerat
353 984 413 1008 seu
447 975 509 1006 eici
544 972 671 1006 fecerat
698 974 804 1017 ipsum
833 970 1013 1004 Henricum
1049 969 1200 1003 abbatem
1237 968 1277 1002 de
1311 968 1397 1002 dicto
1431 971 1632 1002 monasterio
1667 966 1930 1001 Luchonuslensi
1963 978 2023 1013 per

170 1038 350 1082 potentiam
380 1033 579 1075 secularem,
609 1037 641 1066 et
670 1043 706 1066 se
734 1034 766 1065 iu
796 1031 872 1065 illud
901 1034 1092 1073 intruserat,
1122 1031 1215 1063 cuius
1244 1031 1435 1064 intrusionis
1464 1033 1610 1075 tempore
1637 1033 1772 1074 propter
1791 1028 2024 1074 expulsionem

116 1092 119 1095 ’
171 1100 202 1130 et
230 1098 446 1129 intrusionem
475 1093 640 1139 predictas
670 1092 776 1126 eidem
806 1094 1007 1126 monasterio
1028 1089 1292 1125 Luchonuslensi
1328 1094 1554 1136 provenerant
1588 1090 1687 1123 multa
1723 1089 1820 1132 mala,
1851 1088 2024 1122 adiciendo

171 1159 269 1191 etiam
299 1155 383 1202 quod
413 1157 580 1201 proposita
610 1165 670 1200 per
698 1157 825 1200 partem
854 1152 1031 1187 adversam
1067 1157 1163 1186 erant
1197 1151 1280 1186 falsa
1314 1155 1348 1185 et
1381 1149 1524 1184 conficta
1560 1149 1744 1192 mendacia,
1780 1153 1812 1183 et
1847 1151 1876 1184 si
1910 1153 2027 1183 essent

172 1228 268 1260 vera,
303 1227 369 1250 non
410 1218 562 1261 poterant
603 1217 665 1248 nisi
700 1216 831 1247 notoria
866 1215 898 1247 in
934 1212 1080 1259 partibus
1122 1213 1183 1247 illis
1218 1223 1306 1247 esse.
1341 1210 1411 1246 Nos
1452 1213 1551 1256 igitur
1587 1210 1741 1245 volentes
1777 1209 1817 1244 de
1852 1211 2024 1256 premissis

174 1263 429 1312 alienationibus
465 1280 497 1309 et
531 1277 684 1321 personis
720 1285 783 1320 que
819 1274 971 1308 fecerunt
1008 1273 1144 1307 easdem
1179 1273 1326 1320 plenarie
1366 1271 1537 1306 informari
1578 1270 1619 1305 de
1660 1273 1959 1317 circumspectione
1994 1274 2026 1304 et

171 1338 343 1383 diligentie
372 1341 485 1371 vestre
514 1335 632 1377 studio„
663 1334 805 1381 fideique
833 1337 1019 1368 constantia
1048 1335 1180 1380 plenam
1215 1337 1247 1367 in
1282 1333 1413 1367 domino
1442 1332 1593 1366 fiduciam
1620 1331 1806 1366 obtinentes
1834 1330 2025 1365 discretioni

171 1404 286 1433 vestre
314 1398 354 1432 de
384 1408 553 1432 consensu
582 1399 721 1442 partium
751 1406 810 1442 per
838 1395 1020 1441 apostolica
1050 1397 1174 1441 scripta
1194 1395 1425 1428 committimus
1446 1397 1477 1427 et
1497 1392 1704 1435 mandamus,
1725 1394 1876 1437 quatinus
1896 1390 2026 1426 sublato

172 1460 338 1493 dilationis
366 1457 551 1492 obstaculo.
582 1456 622 1490 ad
652 1456 834 1502 predictum
869 1458 1106 1489 monasterium
1142 1454 1414 1489 Luchonuslense
1449 1453 1505 1487 vel
1534 1454 1641 1487 locum
1671 1453 1767 1486 alium
1796 1451 1964 1499 ydoneum
1993 1456 2025 1486 et

172 1530 325 1554 securum
354 1518 576 1565 personaliter
604 1516 815 1559 accedentes,
845 1520 876 1550 et
904 1515 1065 1549 habentes
1093 1526 1152 1561 pre
1180 1515 1282 1550 oculis
1311 1514 1416 1549 solum
1445 1513 1563 1557 Deum,
1593 1513 1633 1547 de
1662 1513 1817 1559 predictis
1846 1512 2026 1547 alienatio-

173 1580 269 1615 nibus
298 1584 329 1614 et
364 1582 474 1613 causis
510 1590 623 1612 earum
661 1582 691 1611 et
727 1579 890 1624 personis,
926 1588 989 1623 quc
1024 1576 1175 1610 fecerunt
1211 1575 1356 1618 casdem,
1393 1579 1426 1609 et
1459 1573 1734 1609 excusationibus
1768 1575 1948 1620 propositis
1981 1584 2026 1607 ex

173 1641 320 1675 adverso
350 1640 542 1686 simpliciter
569 1643 601 1673 et
629 1639 671 1672 de
707 1639 805 1684 plano
840 1640 912 1671 sine
946 1640 1085 1683 strepitu
1120 1642 1152 1671 et
1186 1637 1290 1682 figura
1325 1635 1434 1669 iudicii
1468 1637 1590 1669 curctis
1625 1634 1800 1679 diligenter
1833 1638 1866 1668 et
1899 1633 2026 1668 solicite

174 1705 342 1748 inquirere
371 1704 543 1735 veritatem
573 1704 604 1733 et
632 1710 672 1733 ea
701 1710 764 1745 quc
793 1709 893 1744 super
921 1700 1094 1744 premissis
1122 1699 1329 1739 inveneritis,
1365 1707 1462 1730 manu
1497 1695 1626 1742 publica
1656 1698 1687 1729 in
1716 1697 1848 1741 scriptis
1876 1694 2025 1736 redacta,

174 1762 235 1797 sub
264 1764 389 1796 vestris
418 1761 545 1795 inclusa
575 1760 701 1805 sig-illis„
731 1758 826 1793 nobis
856 1762 1050 1804 quantocius
1071 1762 1238 1792 remittere
1263 1761 1295 1791 et
1314 1756 1479 1791 destinare
1507 1758 1640 1790 curetis.
1671 1755 1939 1789 Contradictores
1967 1765 2027 1801 per

175 1834 350 1857 censuram
371 1821 636 1855 ecclesiasticam
657 1819 877 1866 appellatione
898 1822 1080 1865 postposita
1100 1817 1355 1865 compescendo.
1377 1817 1497 1851 Testes
1514 1821 1621 1850 aulem
1643 1819 1696 1862 qui
1717 1816 1837 1850 fuerint
1856 1818 2025 1857 nominati,

177 1887 204 1918 si
233 1894 269 1917 sc
298 1886 416 1928 gratia,
446 1882 521 1915 odio
549 1882 603 1916 vel
633 1884 750 1914 timore
778 1880 1015 1923 subtraxerint,
1044 1891 1185 1913 censura
1215 1878 1309 1913 simili
1329 1877 1548 1923 appellatione
1569 1881 1723 1911 cessante
1743 1879 1872 1921 cogatis
1893 1878 2023 1910 veritati

177 1947 398 1978 testimonium
428 1942 615 1989 perhibere.
647 1941 740 1982 Quod
769 1943 796 1975 si
825 1952 889 1974 nou
919 1951 1035 1974 omncs
1064 1940 1124 1974 hiis
1153 1938 1359 1985 exequendis
1389 1941 1561 1984 potueritis
1590 1940 1764 1979 iuteresse,
1794 1937 1858 1971 duo
1878 1940 2024 1971 vestrum

176 2016 214 2038 ea
245 2004 474 2038 nichilominus
504 2006 721 2048 exequantur.
752 2001 869 2035 Datum
899 2002 1069 2035 Avinioue
1099 2000 1187 2034 Vlll.
1217 1999 1383 2034 Kalendas
1413 2026 1419 2032 .
1452 2026 1458 2032 .
1490 2026 1496 2032 .
1529 2025 1535 2032 .
1567 2009 1654 2032 anuo
1682 2001 1807 2043 quinto.

484 2082 568 2111 (Mn-1·
594 2082 652 2106 dem
678 2080 751 2110 Oria.
778 2080 892 2111 itt-gesu—
917 2080 1019 2114 Papst’s
1043 2079 1170 2105 Benedict
1193 2078 1249 2105 xil.
1275 2077 1348 2104 Jalir.
1382 2077 1413 2102 V.
1454 2077 1494 2102 ΒΓ.
1523 2077 1592 2103 721.
1619 2078 1646 2103 s.
1673 2076 1732 2104 317
1759 2078 1791 2102 im
1816 2075 2024 2102 Vatikuuisclieu

590 2133 706 2159 Arcluve
731 2141 761 2158 zu
786 2132 859 2158 item.
887 2132 982 2158 Vidim.
1008 2132 1146 2158 Absrlirift
1169 2132 1202 2157 im
1226 2139 1259 2157 m.
1284 2133 1316 2156 st.
1340 2129 1578 2161 Lnnilcsarclnve.)

1048 2252 1155 2288 259.

182 2332 347 2366 ‚X‘ilmlans
383 2346 444 2365 rma
483 2332 587 2365 Senio
622 2331 779 2375 cer-lmus!
812 2330 964 2364 ‹laselbst
998 2332 1094 2364 einen
1132 2330 1210 2374 Hos
1235 2330 1292 2363 mit
1328 2329 1411 2361 stt-ei
1446 2327 1581 2361 Lnlmen
1617 2339 1660 2361 an
1693 2327 1787 2361 Bene
1814 2338 1879 2361 von
1907 2326 2021 2361 Senio.

695 2392 755 2426 lu.
786 2394 817 2425 in
849 2392 1020 2429 Olonna-z,
1050 2392 1104 2425 [lie
1132 2391 1178 2424 ll.
1208 2390 1372 2423 Jarmaria·
1402 2387 1510 2422 1340.

336 2469 514 2522 lxieolaus
545 2489 627 2522 lilius
657 2487 820 2534 quondam
851 2487 971 2520 domini
1001 2486 1121 2520 Sdislai
1151 2485 1190 2519 de
1219 2484 1339 2519 Seuicz
1371 2504 1412 2508 -
1444 2486 1566 2517 curiam
1597 2482 1716 2517 ibidem
1746 2486 1776 2517 in
1803 2482 1923 2517 Senicz
1951 2491 2025 2515 cum

182 2547 309 2582 duobus
339 2548 442 2581 laneis
474 2576 479 2582 .
513 2576 518 2582 .
553 2577 558 2582 .
589 2549 629 2582 de
658 2559 823 2581 consensu
846 2548 959 2581 (uscze
987 2550 1102 2581 uxoris
1131 2557 1204 2579 mee
1232 2549 1264 2579 et
1292 2555 1467 2590 puerorum
1496 2555 1635 2577 assensu
1658 2572 1664 2578 .
1688 2572 1694 2578 .
1718 2571 1724 2578 .
1748 2543 1874 2577 Benoni
1903 2541 2021 2576 ibidem

184 2614 213 2643 iu
245 2610 379 2655 Seuycz
410 2608 493 2642 Ewe
522 2613 592 2642 eius
621 2612 753 2654 coniugi
791 2613 821 2642 et
858 2607 1033 2642 heredibus
1062 2635 1069 2641 .
1101 2634 1108 2641 .
1138 2618 1198 2653 pro
1233 2608 1365 2650 triginta
1394 2616 1455 2639 sex
1493 2607 1612 2639 mareis
1643 2632 1649 2638 .
1681 2632 1687 2638 .
1718 2602 1850 2638 vendidi
1879 2629 1886 2637 .
1918 2629 1925 2636 .
1957 2600 2025 2636 Nos
