2184 2828
997 130 1070 166 273

108 253 195 285 enim
215 260 325 285 sermo
344 248 546 283 Rhetoricus
575 250 649 282 sive
677 259 844 295 apparens
873 248 1070 295 sophisticus
1098 252 1164 283 est:
1192 247 1312 282 falsum
1340 259 1483 295 namque
1512 251 1651 295 recipit,
1689 253 1843 295 quoniam
1871 261 1962 296 pra·-

109 311 176 344 fata
212 311 419 344 matrimonia
448 320 514 342 non
543 313 619 343 sunt
646 309 722 342 mali
751 311 869 351 moris,
906 312 1086 355 praesertim
1122 312 1153 343 in
1183 309 1292 355 aliquo
1320 320 1412 343 casu.
1460 309 1545 343 Nam
1573 314 1605 344 et
1632 312 1704 356 ipsa
1734 315 1898 356 tamqnam
1929 314 1959 344 in

108 382 188 406 casu
221 370 308 404 licita
342 369 415 403 fieri
451 368 604 403 concedit
640 369 811 404 Romanus
845 369 1044 416 Episcopus.
1097 369 1169 403 Nec
1199 373 1296 403 etiam
1331 381 1446 404 rursus
1476 371 1551 404 mali
1580 374 1681 405 moris
1710 375 1784 405 sunt
1813 371 1962 405 absolute

106 432 278 477 loquente:
307 432 462 476 quoniam
490 440 556 464 non
576 433 653 464 sunt
680 441 754 463 cum
784 430 905 464 malitia
925 430 1103 465 convoluta
1123 429 1311 473 confestim,
1340 431 1444 465 veluti
1464 430 1583 465 furtum
1604 436 1637 465 et
1657 434 1796 465 crimiiia
1816 432 1961 477 reliqua:

106 495 138 525 et
172 495 352 537 propterea
389 501 454 524 nec
482 494 558 524 sunt
585 490 662 535 lege
690 490 801 525 divina
835 490 1015 537 prohibita,
1050 490 1326 537 quemadmodum
1363 490 1446 525 dixit
1480 491 1602 525 Beatus
1636 493 1861 537 Augustinus:
1896 504 1961 526 non

106 551 321 597 syllogisatur
349 555 456 585 autem
486 562 595 597 neque
616 550 823 585 concluditur
842 556 1032 597 propterea,
1061 551 1343 598 dispensationem
1369 551 1410 585 de
1430 551 1549 586 talibus
1570 552 1609 585 ad
1630 552 1833 598 Episcopum
1854 563 1963 598 quen—

106 612 180 646 dam
209 614 283 647 sive
311 611 548 658 Presbyterum
576 613 756 658 pertinere,
787 616 858 646 esto
887 612 972 658 quod
1001 615 1066 647 sint
1092 611 1243 647 absolute
1270 611 1434 658 prohibita
1463 613 1539 657 lege
1568 612 1690 656 divina,
1721 618 1752 647 et
1779 613 1838 648 sub
1866 624 1962 659 poena

105 672 325 707 damnationis
367 677 515 706 aeternae:
551 674 705 718 quoniam
746 672 787 706 de
823 671 874 706 his
909 672 1081 718 prohibitis
1119 672 1227 706 nullus
1256 672 1442 715 hominum,
1478 675 1623 718 quinimo
1653 685 1716 707 nec
1753 674 1894 718 angelus
1923 674 1963 707 de

105 733 190 768 coelo
227 732 422 779 dispensare
457 737 574 779 posset
609 732 666 766 vel
701 732 877 775 ordinare,
913 736 986 768 sive
1014 733 1217 776 concedere,
1253 733 1340 779 quod
1369 735 1457 768 licite
1490 733 1617 777 fierint,
1647 739 1679 767 ut
1709 734 1884 769 deductum
1915 739 1964 768 est

104 805 218 840 supra.
273 793 372 827 Vnde
406 795 503 827 etiam
534 794 631 838 juxta
666 793 822 839 praedicta
864 793 905 827 de
938 797 1112 840 praeceptis
1145 805 1249 829 sacrae
1287 794 1465 840 Scripturae
1507 797 1579 828 siue
1614 795 1777 829 mandatis
1818 795 1960 841 loquens

105 854 288 901 Apostolus
315 857 433 900 inquit:
461 853 502 888 Et
530 856 558 888 si
587 854 728 899 angelus
757 853 798 888 de
826 854 910 888 coelo
945 855 1193 900 evangelisaret
1228 854 1327 889 vobis
1357 855 1444 888 aliud
1473 859 1594 901 praeter
1622 854 1671 896 id,
1708 855 1739 888 id
1769 860 1819 889 est
1847 860 1964 889 contra

104 915 148 959 id,
177 915 265 961 quod
293 914 559 959 evangelisatum
589 919 639 949 est
667 926 685 948 a
714 914 824 957 nobis,
854 915 1030 949 anathema
1059 918 1110 950 sit.
1139 914 1211 949 Nec
1239 920 1375 961 propter
1403 915 1502 957 aliud,
1532 917 1594 949 nisi
1624 915 1710 960 quod
1732 916 1963 961 evangelisata

104 980 200 1010 erant
233 987 295 1022 per
328 975 527 1021 Apostolum
563 975 674 1009 divina
703 975 865 1021 prohibita
903 976 957 1009 vel
992 980 1167 1022 praecepta.
1222 976 1353 1010 Rursus
1389 979 1543 1022 quoniam
1580 976 1717 1022 praefata
1757 980 1962 1010 matrimonia

104 1047 171 1071 non
200 1036 334 1071 fuerunt
361 1036 437 1070 mali
466 1039 580 1079 moris,
610 1046 720 1081 neque
748 1036 910 1082 prohibita
939 1037 1119 1071 secundum
1150 1041 1298 1071 veterem
1327 1037 1457 1081 legem,
1488 1040 1641 1083 quamvis
1670 1037 1848 1083 aliquando
1878 1048 1963 1083 pee-

104 1101 178 1132 cata
207 1096 286 1133 fiant
321 1099 395 1131 sive
423 1096 556 1131 fuerunt
585 1099 616 1131 in
646 1099 780 1142 antiqua
809 1097 902 1141 lege,
932 1108 998 1131 non
1027 1097 1113 1144 quod
1142 1101 1216 1131 sunt
1245 1097 1395 1131 absolute
1425 1100 1498 1131 sive
1527 1097 1703 1131 confestim
1733 1109 1808 1131 cum
1838 1098 1962 1131 malitia

104 1157 300 1202 convoluta,
334 1168 444 1203 neque
478 1157 554 1191 mali
588 1160 707 1199 moris;
743 1157 802 1192 sed
836 1157 1060 1201 solummodo,
1098 1157 1182 1204 quod
1216 1158 1292 1203 lege
1326 1157 1490 1204 prohibita
1521 1158 1671 1201 fuerant,
1711 1158 1814 1192 veluti
1842 1169 1963 1192 carnes

105 1222 271 1265 porcinas,
292 1222 324 1252 et
342 1217 468 1252 bestias
488 1229 556 1252 non
575 1221 780 1252 ruminantes
800 1218 990 1264 comedere,
1011 1218 1096 1263 quod
1115 1218 1190 1252 ideo
1210 1223 1385 1264 peccatum
1406 1218 1558 1252 effectum
1581 1223 1644 1253 est.
1669 1221 1743 1263 quia
1765 1218 1961 1264 prohibitum

104 1279 213 1314 fuerat
247 1282 279 1314 in
314 1279 390 1324 lege
426 1278 593 1313 Mosaica:
628 1290 694 1314 non
733 1284 843 1313 tamen
878 1283 1013 1325 propter
1046 1279 1165 1312 malum
1202 1283 1257 1313 aut
1292 1279 1499 1313 mali-moris
1528 1291 1571 1313 ex
1601 1291 1655 1317 se,
1686 1279 1961 1325 quemadmodum

106 1340 238 1384 furtum,
259 1339 483 1383 homicidium,
512 1339 631 1374 falsum
651 1342 874 1374 testimonium
895 1344 927 1373 et
948 1339 1131 1383 hujusmodi
1159 1339 1278 1386 aliqua,
1309 1351 1380 1386 quae
1406 1339 1567 1386 prohibita
1590 1344 1664 1373 sunt
1691 1339 1821 1384 legibus
1842 1339 1962 1373 divinis

106 1406 138 1435 et
165 1401 318 1436 humanis
347 1411 400 1444 eo,
430 1400 516 1445 quod
545 1411 590 1434 ex
618 1411 656 1435 se
685 1400 769 1434 mala
799 1404 874 1435 sunt
902 1405 933 1434 et
961 1401 1036 1434 mali
1065 1403 1176 1444 moris,
1205 1400 1381 1435 confestim
1410 1412 1483 1434 cum
1514 1400 1635 1434 malitia
1666 1401 1859 1434 convoluta.

259 1461 312 1495 Ex
346 1460 398 1495 his
433 1464 532 1506 igitur
569 1460 722 1495 omnibus
757 1460 922 1506 praedictis
957 1460 1132 1494 manifeste
1160 1466 1297 1507 apparet
1326 1460 1459 1495 cuilibet
1491 1472 1557 1495 nou
1587 1466 1743 1506 corrupto
1774 1464 1961 1506 ignorantia

106 1523 160 1557 vel
192 1522 314 1556 malitia
341 1522 397 1557 vel
425 1526 576 1566 utraque,
606 1524 835 1556 auctoritatem
865 1521 1077 1567 dispensandi
1113 1526 1210 1568 atque
1239 1522 1373 1556 tollendi
1410 1533 1427 1555 a
1457 1524 1665 1555 matrimonio
1695 1522 1961 1567 impedimentum

106 1586 192 1617 inter
219 1593 381 1629 personas
410 1587 442 1616 et
462 1593 480 1616 a
509 1585 661 1628 personis
691 1585 863 1627 sanguinis
892 1582 1050 1615 affinitate
1069 1583 1267 1626 conjunctis,
1297 1583 1336 1616 ad
1358 1583 1543 1617 Romanum
1565 1582 1749 1628 Principem
1780 1586 1959 1628 pertinere.

107 1643 244 1689 Propter
271 1642 359 1689 quod
387 1653 448 1677 nos
476 1642 666 1677 Ludovicus
696 1642 752 1677 lv.
784 1643 1008 1676 Romanorum
1038 1642 1221 1688 Imperator
1248 1643 1442 1688 Augustus,
1480 1643 1650 1689 przefatum
1681 1643 1848 1677 affinitatis
1878 1655 1961 1676 san—

105 1706 215 1749 guinis
250 1703 534 1750 impedimentum,
570 1707 596 1738 si
631 1704 718 1748 quod
754 1708 845 1738 esset
880 1706 963 1737 inter
990 1702 1145 1749 praefatos
1181 1703 1383 1738 Ludovicum
1420 1708 1451 1737 et
1479 1703 1748 1748 Margaretliam.
1786 1707 1960 1749 quominus

106 1769 246 1811 possent
274 1769 331 1798 aut
358 1764 614 1811 prohiberentur
641 1776 701 1810 per
730 1764 872 1798 humane
901 1765 985 1808 legis
1015 1768 1069 1797 aut
1088 1763 1313 1798 Romanorum
1342 1767 1527 1810 principum
1558 1769 1693 1800 statuta.
1724 1767 1796 1798 sive
1826 1765 1958 1797 decreta

106 1825 161 1859 vel
180 1826 262 1859 alias
289 1825 515 1859 ordinationes
544 1825 791 1871 quomodolibet
819 1825 999 1871 appellatas
1027 1827 1059 1858 in
1079 1828 1285 1859 matrimonio
1306 1826 1466 1871 copulari,
1497 1826 1651 1859 tollmins.
1681 1830 1711 1858 et
1732 1837 1791 1871 per
1810 1830 1957 1858 nostram

107 1888 316 1920 autoritatem
346 1890 445 1931 atque
474 1889 672 1920 sententiam
702 1890 818 1920 tenore
848 1887 1071 1931 praesentium
1101 1885 1242 1918 totaliter
1271 1897 1476 1920 amovemus.
1507 1886 1739 1919 Concedentcs
1768 1885 1891 1918 eisdem
1922 1897 1950 1917 a‹

108 1945 239 1980 cuilibet
267 1949 432 1992 ipsorum,
469 1951 503 1980 ut
539 1946 665 1993 absque
698 1946 825 1980 offensa
855 1945 1029 1990 cujuslibet
1053 1947 1138 1989 juris
1168 1945 1320 1987 humani,
1351 1949 1463 1980 statuti
1492 1947 1546 1980 vel
1576 1947 1794 1979 ordinationis
1824 1946 1958 1979 alterius

107 2006 352 2051 quomodolibet
379 2009 548 2040 nominato
577 2008 663 2041 licite
692 2018 731 2041 se
759 2010 886 2053 possint
914 2018 952 2040 ac
980 2006 1115 2039 valeant
1143 2008 1174 2039 in
1205 2009 1412 2040 matrimonio
1442 2007 1610 2052 copulare.
1649 2006 1833 2040 Absolutos
1863 2009 1959 2039 eliani

108 2066 256 2110 eosdem,
285 2069 497 2113 ipsorumque
526 2067 693 2112 legitimos
723 2068 806 2102 tilios
828 2072 859 2101 et
880 2067 972 2100 illias.
1003 2078 1041 2100 ac
1070 2066 1212 2100 heredes
1241 2078 1327 2101 nunc
1355 2073 1387 2101 et
1414 2071 1444 2101 in
1476 2072 1669 2113 perpetuum
1700 2078 1717 2099 a
1748 2077 1843 2112 pwna
1874 2077 1959 2111 qim-

109 2127 188 2161 libet
214 2127 315 2170 reati,
344 2129 512 2174 personali
541 2133 574 2163 et
602 2128 744 2162 infamia¹
774 2133 805 2162 et
834 2128 895 2162 alia
925 2131 1042 2172 quavis
1071 2127 1317 2172 quomodolibet
1344 2131 1531 2162 nominata.
1562 2130 1588 2161 si
1620 2139 1681 2172 qua
1705 2127 1787 2159 foret
1810 2129 1958 2171 imposita

109 2187 380 2222 contrahentibus
408 2192 651 2223 matrimonium
681 2189 766 2223 infra
796 2190 1092 2233 consanguinitatis
1121 2187 1245 2232 gradus
1275 2187 1402 2232 aliquos
1432 2191 1637 2222 nominatos.
1675 2198 1734 2232 per
1762 2197 1957 2232 quemquam

109 2248 294 2294 Principem
324 2248 509 2283 Romanum
538 2252 653 2292 etiam,
683 2250 737 2284 vel
767 2261 826 2296 per
853 2249 946 2293 leges
976 2252 1029 2281 aut
1057 2250 1322 2281 communitatem
1353 2249 1512 2294 aliquam,
1547 2249 1723 2291 collegium
1753 2247 1807 2280 vcl
1837 2250 1958 2291 singn-

108 2309 211 2343 larem
240 2319 430 2354 personam.
459 2311 687 2355 cujuscunque
715 2313 898 2344 autoritatis
927 2309 979 2342 vet
1009 2308 1177 2351 dignitatis
1208 2311 1363 2343 existant.
1412 2309 1538 2350 Quibus
1567 2307 1718 2341 omnibus
1747 2311 1778 2340 et
1807 2308 1955 2352 singulis.

109 2374 141 2404 et
169 2381 187 2404 a
215 2368 331 2414 quibus
359 2372 544 2415 excipimus
572 2382 685 2405 casum
719 2370 908 2416 praedictum
943 2369 983 2402 de
1012 2368 1156 2414 przrfatis
1186 2368 1343 2402 videlicet
1372 2373 1541 2415 personis.
1578 2368 1781 2401 lnulovieum
1810 2372 1842 2401 et
1862 2367 1958 2401 Mar—

109 2430 281 2475 garetham
304 2431 372 2473 jaim
393 2429 507 2472 dictos,
537 2435 569 2464 et
597 2434 627 2465 in
649 2436 804 2477 quantum
825 2435 936 2464 nostro
966 2432 1129 2474 rescripto
1159 2431 1232 2462 sive
1261 2428 1487 2474 dispositioni,
1517 2429 1570 2462 vel
1599 2431 1809 2462 concessioni
1838 2433 1958 2462 nostrw

110 2490 337 2525 contradicunt
373 2490 516 2524 totaliter
551 2495 606 2525 aut
640 2494 671 2525 in
700 2497 810 2538 parte,
847 2502 904 2536 per
933 2490 994 2523 lioc
1029 2492 1134 2535 ipsum
1164 2500 1311 2535 praesens
1347 2495 1495 2524 nostrum
1532 2491 1726 2534 rescriptum
1757 2489 1957 2534 derogamus

111 2555 143 2584 et
169 2551 322 2585 volumus
352 2550 519 2594 derogari,
548 2551 665 2585 eodem
694 2552 904 2586 nihilominus
932 2561 1064 2595 semper
1093 2552 1123 2583 in
1154 2560 1214 2583 suo
1244 2549 1363 2583 robore
1393 2550 1561 2583 duraturo.

419 2620 611 2654 (Ahgedruckt
627 2621 669 2648 bei
684 2622 775 2648 medei
800 2623 824 2648 iu
850 2621 910 2648 eod.
936 2621 1072 2655 diplomat.
1098 2620 1299 2653 Brandcuburg.
1326 2620 1499 2653 1l.llaupttli.
1525 2619 1618 2646 11.ss‹1.
1644 2620 1671 2646 S.
1689 2619 1745 2646 Mt)
1761 2628 1784 2645 ιι.
1801 2619 1956 2648 nsvin.)

1813 2667 1853 2698 :35
