2184 2828
965 101 1096 157 573*

83 233 156 258 vos.
187 227 217 255 et
238 225 267 255 in
288 224 402 254 vestro
423 221 586 253 territorio
607 220 746 264 singulis
775 218 890 252 diebus
920 218 1108 252 forensibus
1129 220 1315 264 procuretis
1344 217 1475 264 publice
1501 222 1533 252 et
1554 217 1693 252 fideliter
1713 218 1923 264 proclamari,

83 282 150 316 Vos
180 282 408 316 nichilominus
437 283 469 313 in
499 283 700 314 executione
732 282 969 326 premissorum
998 280 1072 313 loco
1107 282 1139 312 et
1171 283 1321 324 tempore
1356 289 1393 312 se
1431 278 1470 312 ad
1501 279 1563 312 boc
1598 279 1812 313 offerentibus
1842 279 1925 312 tales

81 343 273 376 ostendatis
302 345 399 386 prout
428 351 543 386 pacem
574 340 706 385 diligitis
737 345 768 374 et
787 351 905 386 penam
931 342 1161 384 grauissimam
1182 349 1241 384 pro
1262 339 1486 383 negligencia„
1516 342 1542 373 si
1564 350 1658 385 quam
1679 342 1925 378 commiseritis,

82 403 211 446 diligitis
240 404 377 435 euitare.
433 400 552 434 Datum
582 400 688 445 Prage
717 400 862 435 Sabbato
897 403 1051 446 proximo
1085 404 1160 434 ante
1195 399 1393 433 dominicam
1421 399 1650 433 Misericordia
1679 398 1823 442 Domini,
1852 399 1927 433 Re-

81 473 218 507 gnorum
248 466 437 495 nostrorum
467 462 567 495 Anno
598 461 765 495 Secundo.

387 540 471 572 (Nacti
497 540 556 565 (lem
582 540 668 568 Oria..
694 540 752 565 ‹lem
779 540 826 565 das
852 539 928 573 Sient
954 539 1133 573 beigedriirkt
1156 547 1222 569 war„
1248 539 1280 564 im
1300 539 1414 564 Areliive
1439 538 1582 564 ‹lei-sellwn
1601 538 1687 565 Stadt.
1712 538 1927 572 abgesebrieben

492 593 553 618 Aul.
587 592 702 617 bovzvk.
737 608 774 610 —
805 592 981 621 Abffedrurkt
1009 593 1033 617 in
1073 591 1243 624 Hormayer's
1274 591 1469 616 Tasrlueubueli
1508 590 1585 617 lesio
1617 592 1643 616 S.
1675 590 1741 616 182).
1790 590 1815 616 P.
1848 590 1874 616 R.
1900 598 1924 614 v.

494 644 656 675 [hinniet-ky
683 653 706 670 a.
732 653 754 670 a.
782 646 812 669 t).
838 645 864 670 S.
896 645 929 669 lo·
957 653 980 670 11.
1006 645 1069 675 30.)

953 773 974 808 7
981 773 1056 808 90.

82 852 124 885 K.
158 852 246 885 Karl
274 851 334 885 [Γ.
365 850 528 896 ὁθείᾶΙῐῃῖ
557 852 618 885 der
646 851 750 885 Stude
772 851 892 884 an'm
922 851 991 884 alle
1021 850 1151 884 Reelde
1179 851 1246 884 med
1265 850 1473 895 Pririleqieu
1494 850 1560 883 und
1579 849 1702 893 hefrei!
1733 849 1802 882 alle
1825 850 1932 882 (later

80 912 257 946 dei-selben
284 924 349 946 eon
376 913 437 945 der
466 912 625 956 Zahslmey
654 913 714 945 dei·
744 912 967 945 Lama-tener.
998 912 1056 945 Dt.
1088 911 1249 956 Ζηοφηεη
1280 910 1341 945 Il'.
1364 911 1443 944 Idus
1472 911 1561 954 Maji'
1590 910 1672 952 (12.
1695 910 1787 952 illas)
1822 909 1930 942 1348.

227 988 399 1041 karolus
429 1007 480 1041 dei
509 1010 622 1052 gracia
652 1008 877 1041 Romanorum
909 1007 984 1040 Rex
1014 1018 1147 1052 semper
1176 1007 1350 1050 Augustus
1379 1011 1411 1040 et
1438 1005 1576 1039 Boemie
1597 1005 1673 1039 Rex
1703 1004 1742 1038 ad
1773 1009 1932 1050 perpetue

83 1070 130 1101 rei
166 1071 357 1101 memoriam
385 1068 524 1112 Regalis
560 1068 792 1101 inunilieencie
829 1067 996 1113 plenitudo
1030 1067 1230 1101 subditorum
1261 1078 1372 1100 curam
1403 1077 1546 1111 gerens,
1584 1077 1647 1111 que
1677 1076 1737 1099 sue
1767 1065 1929 1109 largitatis

84 1128 179 1161 donis
215 1133 354 1162 cunctos
388 1128 531 1162 libenter
565 1133 596 1162 et
630 1132 788 1172 graciose
824 1132 1035 1173 prosequitur
1072 1128 1111 1161 ad
1145 1128 1218 1161 illos
1257 1138 1301 1161 ex
1337 1127 1538 1172 obsequiose
1573 1126 1785 1167 :gratitudinis
1821 1125 1933 1159 debito

84 1191 270 1232 graciosius
300 1200 336 1222 se
365 1189 524 1232 extendit7
555 1200 637 1235 quos
667 1191 884 1222 seruiciorum
915 1188 1134 1222 exhibitorum
1165 1187 1361 1233 comprobat
1387 1192 1419 1221 et
1438 1187 1521 1221 sides
1550 1187 1684 1232 probata
1715 1185 1936 1227 commendat,

86 1249 176 1282 Sane
207 1249 347 1283 lidelium
378 1250 569 1283 dilectorum
599 1254 786 1283 nostrorum
817 1249 942 1283 Ciuium
973 1249 1121 1283 Ciuitatis
1156 1249 1308 1295 Znoyme
1336 1251 1550 1292 integerrime
1579 1247 1652 1281 lidei
1682 1252 1714 1281 et
1743 1247 1937 1280 deuocionis

85 1313 258 1354 puritatem
287 1315 318 1344 et
339 1313 482 1344 innatam
512 1313 751 1353 constanciam,
783 1310 898 1355 quibus
921 1321 1000 1354 erga
1023 1310 1150 1354 Regale
1171 1310 1298 1343 culmen
1329 1321 1401 1343 cuni
1431 1314 1526 1353 grata
1557 1311 1773 1342 seruiciorum
1798 1318 1939 1353 promp-

85 1370 219 1404 titudine
248 1375 279 1404 et
307 1370 485 1405 indefessis
515 1370 681 1404 laboribus
711 1372 842 1404 assidue
872 1370 997 1404 clarent
1027 1375 1058 1404 et.
1086 1371 1273 1404 claruerunt
1301 1381 1432 1404 necnon
1462 1372 1681 1414 grauissimas
1712 1372 1938 1414 paupertatum

87 1442 219 1464 suarum
248 1431 462 1465 condiciones
492 1436 523 1480 et
552 1435 711 1465 immensa
741 1431 912 1477 dispendia
943 1442 1025 1477 quas
1060 1436 1092 1464 et
1120 1442 1182 1477 que
1211 1431 1335 1464 dudum·
1360 1442 1403 1464 ex
1433 1441 1610 1475 gnei-arum
1647 1429 1793 1475 pestibus
1823 1433 1854 1462 et
1882 1440 1940 1474 per

86 1494 173 1536 ignis
208 1495 407 1537 repertinam
435 1495 650 1536 voraginem,
686 1497 781 1538 prout
816 1492 856 1525 de
885 1492 947 1535 liijs
977 1491 1181 1525 sufficienter
1208 1491 1374 1525 informati
1412 1502 1526 1525 sumus
1561 1491 1782 1536 pertulerunt7
1816 1492 1940 1522 intenta

90 1555 209 1585 inentis
245 1553 513 1586 consideratione
549 1558 729 1598 pensantes
761 1553 978 1597 volentesque
1008 1554 1096 1598 ipsos
1126 1557 1160 1586 vt
1188 1552 1248 1586 sub
1285 1552 1371 1586 felici
1402 1556 1514 1585 nostro
1543 1551 1722 1595 Regimine
1751 1550 1791 1583 ab
1821 1549 1940 1593 liuius-

87 1613 174 1647 modi
204 1613 383 1658 dispendijs
410 1617 583 1660 respirane
619 1619 651 1647 et
680 1616 842 1646 continuis
874 1614 1037 1659 prolicere
1066 1615 1279 1647 incrementis
1309 1613 1443 1646 valeant
1470 1617 1503 1645 et
1529 1612 1750 1656 multiplicatis
1771 1609 1940 1644 fauoribus

88 1677 242 1719 prosequi
263 1676 418 1717 graciose
446 1677 554 1707 omnia
585 1679 617 1707 et
645 1674 773 1718 singula
795 1674 981 1719 priuilegia,
1012 1673 1135 1711 literasq
1166 1676 1407 1707 concessiones
1428 1675 1572 1717 gracias,
1604 1671 1783 1713 libertates3
1815 1670 1942 1704 Immu-

87 1737 225 1777 nitates‚
266 1734 367 1777 sui-a,
409 1734 687 1777 Jurisdieciones‚
733 1734 1011 1776 consuetiutmos,
1056 1733 1200 1767 honores
1238 1738 1269 1766 et
1309 1738 1487 1767 consuetas
1529 1732 1769 1766 obseruancias
1809 1730 1941 1764 Ciuibus

88 1795 235 1840 predicte
265 1795 414 1829 Ciuitatis
443 1795 594 1841 Znoyme
623 1807 640 1828 a
671 1795 850 1829 recolende
880 1797 1037 1827 memorie
1067 1793 1361 1840 predecessoribus
1390 1796 1511 1828 nostris
1541 1793 1690 1833 Regibus
1723 1792 1882 1825 Boliemie
1910 1795 1941 1823 et

91 1854 334 1889 Marcbionibus
358 1855 507 1889 Morauie
534 1861 565 1889 et
585 1857 775 1902 specialiter
795 1855 835 1889 ab
856 1855 1034 1889 illustribus
1056 1854 1262 1888 Wenceslao
1296 1865 1359 1888 auo
1389 1859 1419 1887 et
1448 1854 1601 1887 Jobanne
1632 1853 1791 1886 Genitore
1820 1854 1942 1885 nostris

92 1914 270 1950 karissimis
309 1917 473 1962 quondam
504 1917 652 1961 Regibus
682 1917 818 1949 Boemie
856 1927 985 1949 necnon
1016 1927 1075 1961 per
1104 1915 1214 1948 literas
1243 1920 1373 1949 nostras
1395 1914 1565 1959 Sigillatas
1599 1914 1674 1947 oliui
1705 1913 1821 1953 sigillo
1849 1912 1942 1945 Mar-

92 1974 262 2010 eliionatus
281 1976 430 2011 Morauie
460 1977 580 2011 indulta
612 1989 670 2011 seu
700 1977 852 2013 indultasq
883 1987 1044 2009 concessa
1074 1976 1124 2009 uel
1154 1986 1336 2009 concessas
1358 1975 1398 2009 de
1423 1975 1626 2021 plenitudine
1646 1976 1815 2019 potestatis
1836 1972 1943 2015 Regio

96 2039 124 2066 1-1
155 2046 196 2068 ex
226 2042 315 2070 certa
345 2042 457 2071 nostra
487 2041 627 2072 scientia
662 2038 703 2071 (le
732 2037 834 2070 uerbo
864 2037 903 2071 ad
933 2036 1069 2070 uerbum
1100 2039 1130 2069 in
1160 2036 1310 2070 omnibus
1339 2039 1408 2070 suis
1438 2036 1615 2073 clausulis„
1645 2039 1675 2067 et
1703 2035 1876 2067 sententiis
1906 2044 1944 2066 ac

95 2099 121 2129 si
153 2096 369 2140 predictorum
391 2099 650 2143 priuilegiorum,
681 2100 857 2134 literarunn
879 2100 1147 2135 concessionunn
1177 2097 1375 2139 libertatum,
1395 2096 1520 2130 Jurium
1542 2100 1574 2129 et
1593 2097 1781 2139 graciarum
1810 2098 1944 2127 tenores

95 2160 207 2189 essent
235 2159 439 2201 presentibus
470 2163 581 2193 inserti
611 2165 641 2192 et
672 2160 814 2193 totaliter
843 2159 955 2191 inclusi
987 2157 1205 2195 liniouamus,
1242 2157 1484 2202 improbamus„
1522 2157 1740 2190 ratificamus.
1775 2154 1944 2187 laudamus

95 2228 133 2249 ac
163 2221 323 2261 presentis
352 2223 462 2265 scripti
492 2223 675 2265 patrocinio
700 2221 931 2253 confirmamus
962 2218 1192 2251 Decernentcs
1219 2221 1252 2250 et
1280 2218 1430 2252 volentes
1459 2217 1603 2263 predicta
1625 2217 1791 2260 perpetuis
1812 2218 1945 2260 tempo-

96 2277 184 2310 ribus
219 2277 366 2312 obtinere
400 2280 597 2314 inuiolabilis
630 2281 760 2314 roboris
791 2280 984 2313 firmitatem.
1034 2278 1189 2312 Preterea
1220 2277 1259 2311 ad
1288 2277 1454 2312 vberioris
1483 2279 1595 2321 gracie
1630 2280 1661 2308 et
1690 2275 1813 2308 l'auoris
1842 2277 1944 2309 nostri

97 2338 259 2371 cumulum
280 2339 496 2383 ampliandum
525 2342 738 2375 concedimus
769 2340 902 2374 ciuibus·
931 2339 1119 2373 antedictis.
1151 2343 1184 2371 vt
1213 2337 1298 2371 bona
1327 2343 1359 2372 et
1388 2339 1464 2372 ville
1494 2347 1606 2369 eorum
1628 2335 1784 2369 videlicet
1807 2335 1943 2378 Etmicz‚

101 2398 300 2432 lx'ulirabicz.
332 2398 556 2434 Scbalesdorll'
580 2399 963 2435 etWalt1·awiiz‹=1·seid,
994 2410 1124 2432 necnon
1145 2398 1368 2432 Molendinum
1398 2401 1428 2432 in
1451 2396 1690 2438 Scbalesdorll’,
1719 2395 1945 2429 Molendinum

97 2462 129 2492 in
158 2457 356 2499 Nesacliivt),
386 2458 605 2495 Molendinum
636 2466 666 2495 in
697 2461 925 2503 ssoclnnaiicz,
955 2459 1179 2493 ltlolendimim
1210 2462 1240 2492 in
1271 2458 1410 2493 Rorholl'
1433 2463 1465 2491 et
1494 2456 1717 2490 Molendinum
1746 2455 1806 2490 sub
1836 2460 1945 2490 castro

98 2511 212 2552 nostro
247 2518 468 2563 znoymensi.
505 2532 567 2565 que
602 2533 688 2556 nunc
726 2521 847 2555 babent
881 2525 911 2554 et
948 2519 1120 2566 possident
1159 2531 1199 2553 ac
1234 2521 1343 2552 omnia
1377 2519 1462 2553 bona
1499 2528 1562 2563 que
1596 2520 1627 2551 in
1661 2521 1829 2562 posterum
1865 2516 1946 2549 Jure

100 2582 309 2625 proprietatis
339 2583 528 2625 possessuri
559 2587 633 2615 sunt
660 2587 692 2616 et
720 2582 843 2616 babere
864 2580 1108 2626 quomodolibet
1128 2582 1245 2624 quouis
1275 2580 1363 2613 titulo
1393 2582 1566 2625 poterunt,
1600 2581 1759 2623 perpetua
1794 2576 1945 2610 libertate
