2184 2828
1111 123 1183 156 992

225 244 254 274 111
286 240 345 273 11115
375 243 453 273 iuris
483 239 577 273 nobis
605 239 751 273 remedia
783 250 845 272 non
876 243 1002 284 negari.
1034 239 1181 273 Dicimus
1210 240 1295 284 quod
1327 243 1432 286 ipsum
1466 239 1632 274 arbitrium
1662 253 1740 275 esse
1769 242 1890 276 nullum
1921 247 1953 276 ct
1980 246 2071 289 quit-

224 303 292 346 quit
319 305 469 345 sequtum
499 305 548 333 est
584 312 626 333 ex
665 311 705 333 eo
740 300 791 332 uel
828 299 868 333 ob
902 300 943 339 id„
980 300 1125 333 exclusis
1163 300 1320 345 predictis
1350 305 1383 334 ct
1412 304 1555 334 maxime
1584 301 1669 345 quod
1699 302 1794 336 idem.
1832 303 1858 336 l.
1891 306 2070 349 episcopus

224 372 299 394 reus
330 361 413 403 legis
442 363 520 393 iuris
550 360 590 394 de
620 360 739 393 ambitu
769 359 895 393 arbitrii
925 372 989 394 11011
1020 363 1133 405 potuit.
1163 372 1203 393 00
1233 361 1318 406 quod
1348 361 1467 394 talibus
1496 364 1603 395 omnis
1633 366 1726 396 actus
1755 362 1908 409 prohibiti
1934 364 2070 409 legitimi

223 425 297 454 sunt
325 420 365 453 de
394 423 465 454 iure
501 424 528 454 si
564 432 643 453 uero
680 423 782 465 ipsius
818 419 986 454 arbitrium
1021 420 1139 465 aliquid
1176 426 1352 467 appareret
1386 421 1524 455 dicimus
1558 425 1663 468 ipsum
1701 425 1823 457 irritum
1853 428 1885 457 et
1913 427 2069 470 iniquunn

224 492 264 514 co
293 481 378 526 quod
408 481 565 514 obmissis
597 484 702 525 pactis
731 483 762 514 in
793 484 1034 526 compromisso
1071 493 1129 526 per
1158 493 1218 514 nos
1254 485 1425 527 appositis.
1460 482 1615 515 uidelicet
1643 483 1728 528 quod
1758 487 1838 517 uisis
1867 487 1986 518 nostris
2015 488 2071 518 in-

224 544 414 575 strumentis
443 546 475 575 01
505 541 628 575 iuribus
658 541 807 575 arbitrari
837 542 984 576 deberet.
1015 545 1067 587 qui
1098 541 1193 575 nobis
1222 553 1286 575 non
1316 542 1434 576 auditis
1464 547 1536 576 erat
1565 543 1737 577 intellectis
1765 547 1863 578 iurari
1893 549 2013 579 nostris
2039 550 2071 579 ut

224 602 333 636 debuit
362 605 587 636 instrumentis
617 606 713 636 ctiam
750 614 814 636 non
854 606 1009 648 inspectis
1045 605 1157 636 existit
1194 602 1369 636 arbitratus
1405 608 1540 649 propter
1572 603 1658 649 quod
1695 604 1814 638 dictum
1844 604 2010 639 arbitrium
2039 611 2072 640 et

224 666 366 708 iniquum
398 674 474 696 esso
506 666 721 709 proponimus
751 667 856 709 ipsum
888 668 1038 709 petentes
1071 663 1181 696 reduci
1212 663 1250 696 ad
1281 663 1449 697 arbitrium
1480 664 1556 697 boni
1585 665 2072 708 1111111051νί,1111101100101111-

223 726 488 768 narie.precatis
518 728 547 756 et
577 723 662 769 quod
692 727 762 769 ipse
792 729 940 769 tempore
970 727 1201 769 compromissi
1233 724 1311 757 sacti
1341 727 1504 758 immutari
1532 724 1572 758 ad
1602 725 1664 758 1100
1694 731 1780 760 etate
1801 726 1960 760 fuerimus
1984 738 2072 761 con-

223 786 323 816 stituti
354 788 488 829 propter
517 784 601 829 quod
634 795 698 818 non
729 787 842 817 moniti
872 784 1157 830 suiinus.propter
1192 787 1287 818 etatis
1323 785 1513 818 facilitatem
1544 785 1683 831 decepti.
1714 786 1921 821 cessantibus
1950 790 2072 821 ceteris

223 843 393 878 beneficiis
423 848 501 878 iuris
532 856 628 890 quum
658 856 873 890 preparamus
903 844 997 878 nobis
1031 850 1222 890 competere
1258 848 1482 879 restitucionis
1518 849 1681 889 integrum
1712 846 1908 880 beneficium
1937 859 2072 881 auream

222 907 385 938 iusticiam
415 906 627 951 imploramus
658 916 759 950 super
788 904 941 938 omnibus
972 916 1101 950 quoque
1131 905 1342 951 presentibus
1372 910 1468 951 atque
1497 909 1609 940 causis
1639 907 1679 939 de
1700 907 1815 953 quibus
1837 918 1897 941 nos
1920 907 2071 942 dominus

224 965 320 998 idem.
352 965 380 998 I.
412 971 525 999 vester
554 969 731 1011 episcopus
762 966 865 999 dictus
895 965 1049 999 obnixius
1079 965 1207 1011 publice
1236 971 1460 1012 protestamur
1488 967 1573 1012 quod
1603 978 1664 1000 nos
1694 967 1797 1001 eidem
1828 972 1933 1014 parati
1962 979 2074 1002 sumus

224 1026 431 1071 respondere
462 1037 522 1059 seu
552 1029 712 1059 iusticiam
742 1037 854 1059 coram
884 1026 977 1060 uobis
1006 1027 1058 1060 uel
1089 1026 1235 1072 quolibet
1264 1027 1327 1060 alio
1357 1026 1464 1060 iudice
1493 1030 1704 1073 competenti.
1735 1028 1792 1062 Ille
1822 1039 1902 1063 uero
1931 1032 1962 1062 in
1992 1040 2074 1075 pro-

223 1088 303 1131 priis
332 1088 444 1119 causis
474 1086 570 1119 iudici
601 1091 653 1119 aut
682 1089 713 1119 in
744 1092 891 1120 nostrum
920 1087 1075 1120 iudicium
1105 1090 1278 1133 quicquam
1309 1092 1478 1134 attemptet
1504 1088 1543 1122 ad
1568 1093 1681 1122 uestre
1706 1092 1911 1123 auctoritatis
1932 1100 2075 1123 examen

225 1147 430 1192 appellamus
460 1150 490 1180 in
521 1147 581 1180 liiis
612 1150 744 1193 scriptis
773 1158 833 1180 nos
863 1152 895 1181 et
924 1153 1036 1181 nostra
1065 1153 1176 1181 uestre
1206 1151 1343 1194 imperio
1372 1152 1587 1194 protectionis
1616 1154 1839 1195 supponentes
1865 1155 1982 1184 actum.
2009 1154 2072 1184 etc.

595 1259 734 1302 (Abbas
763 1261 894 1305 quidmst
925 1263 1077 1305 rese'fflml
1105 1274 1197 1294 suum
1228 1263 1424 1306 diffln'talem
1455 1262 1712 1307 quorumlibet.)

378 1328 520 1373 Eg0.l³.
553 1328 654 1362 abbas
685 1333 874 1363 monasterii
913 1330 984 1363 talis
1020 1334 1231 1376 presencium
1267 1336 1383 1365 tenor<¹
1413 1337 1524 1365 uotum
1555 1332 1625 1366 fieri
1656 1336 1752 1378 cupio
1780 1335 1959 1376 vniuersis,
1989 1333 2076 1380 quod

225 1388 433 1433 fragilitatem
464 1400 569 1422 meam
599 1401 696 1435 quam
726 1393 893 1435 originare
922 1394 1152 1437 σοι-1000101115
1182 1395 1352 1425 materiam
1382 1404 1425 1426 ex
1446 1396 1531 1426 uicio
1552 1393 1769 1439 prothoplasti
1790 1397 1964 1439 traximus>
1984 1394 2076 1438 tigu-

224 1461 302 1483 rans
332 1452 362 1482 in
391 1461 474 1495 spe·
504 1454 520 1493 (ἶ
625 1450 640 1495 )
676 1451 750 1484 culo
787 1462 859 1484 11100
890 1456 1008 1485 inentis
1042 1453 1171 1497 eligens
1209 1453 1295 1497 quod
1331 1456 1446 1499 pocius
1486 1456 1627 1487 animam
1657 1465 1762 1487 meam
1791 1457 1823 1487 in
1852 1458 1936 1488 statu
1966 1454 2077 1490 humili

226 1510 352 1543 saluam
384 1509 495 1543 facere
525 1521 621 1555 quam
652 1514 815 1555 ingratum
845 1512 984 1546 sublimo
1015 1513 1065 1546 1101
1097 1513 1227 1547 sublimi
1256 1514 1435 1559 periclitari
1465 1525 1538 1547 cum
1568 1514 1701 1560 prelatis
1726 1519 1873 1548 vertatur
1896 1518 1927 1548 in
1948 1518 2076 1549 ruinam

225 1575 257 1604 et
285 1570 497 1604 scandalum.
534 1570 570 1604 Si
604 1583 742 1616 preesse
772 1573 849 1606 uelit
879 1577 994 1618 pocius
1024 1586 1120 1620 quam
1152 1575 1312 1620 prodesse
1341 1577 1490 1619 regimen
1523 1578 1714 1609 monasterii
1744 1579 1817 1618 11101,
1845 1575 1931 1621 quod
1952 1575 2076 1622 absque

224 1630 340 1665 salutis
370 1642 443 1664 mee
472 1642 574 1665 onere
604 1637 702 1678 atque
730 1637 825 1677 graui
855 1635 1013 1680 periculo⁷
1045 1646 1110 1668 non
1141 1635 1292 1669 ualebam
1320 1647 1452 1680 gerere,
1484 1647 1545 1669 nec
1574 1635 1726 1670 uolebam
1756 1639 1787 1670 in
1817 1636 1966 1671 manibus
1991 1647 2076 1683 pre-

224 1692 278 1726 lati
307 1692 359 1726 uel
389 1695 582 1738 superiorisq
613 1704 679 1726 non
708 1699 857 1728 coactus.
890 1695 948 1728 scd
978 1696 1159 1730 uoluntatis
1189 1696 1304 1731 libere.
1335 1697 1468 1730 arbitrio
1497 1700 1679 1742 resignaui.

483 1805 702 1839 vendicantes
731 1810 764 1840 et
793 1808 1000 1841 donaciones
1029 1813 1221 1843 castrorum
1250 1814 1287 1843 et.
1312 1812 1535 1844 vzzmicionum
1564 1814 1598 1844 et
1627 1811 1822 1844 reddituum.

767 1867 946 1907 (Donacio
971 1881 1036 1913 pro
1065 1872 1224 1903 serviciis
1252 1872 1544 1913 remunwandis.)

380 1934 472 1968 Licet
502 1935 541 1968 ad
570 1936 787 1981 quorumlibet
818 1942 1003 1971 nostrorum
1034 1938 1176 1972 fidelium
1206 1939 1360 1973 munifice
1381 1939 1614 1986 prosequenda
1634 1942 1776 1974 seruicia
1799 1944 1946 1974 nostrum
1969 1945 2079 1974 teme-

226 1997 345 2027 rarium
382 2006 584 2029 mansorem.
621 1999 692 2042 ipse
727 1999 956 2041 magistcrf.
991 2002 1148 2033 nesciens
1184 2001 1297 2034 colere
1333 2001 1428 2034 deum
1467 2006 1677 2044 extraneum,
1712 2011 1775 2034 nec
1809 2004 1873 2046 pati
1911 2001 2078 2036 dominum

228 2055 384 2089 alienum.
415 2055 466 2090 Ne
495 2059 593 2101 igitur
622 2062 711 2091 tanta
740 2057 821 2092 sides
850 2063 881 2092 et
910 2062 1126 2093 seruiciorum
1156 2060 1407 2112 acceptabilium
1436 2061 1603 2106 gratitudo
1635 2065 1952 2105 irremuneracione,
1980 2061 2079 2096 uelud

228 2127 246 2148 a
276 2115 371 2149 nobis
399 2120 568 2161 incognita
598 2117 724 2151 diucius
754 2119 998 2164 periclitaretur
1031 2124 1301 2155 conuicinitatem
1335 2127 1366 2155 et
1402 2125 1559 2156 circuitus
1594 2126 1706 2156 nostre
1735 2121 1973 2157 dominacionis
2002 2133 2079 2156 me-

228 2180 364 2210 moriam
394 2182 427 2211 et
454 2177 556 2212 robur
584 2183 744 2225 perpetuo
775 2180 949 2214 ualiturum
979 2192 1119 2227 presens
1148 2182 1357 2228 priuilegium
1388 2188 1451 2217 etc.

621 2283 801 2325 (Doizaez'o
831 2284 989 2319 honorum
1019 2287 1051 2319 in
1082 2289 1395 2320 remuneracionem
1423 2288 1680 2329 serm'cz'orum.)

382 2350 525 2385 Interest
553 2355 737 2398 principum
766 2353 854 2387 orbis
885 2359 973 2388 terre
1002 2366 1039 2388 se
1069 2359 1198 2390 cunctis
1228 2368 1341 2391 eorum
1372 2356 1521 2391 fidelibus
1549 2355 1728 2390 ostendere
1755 2357 1882 2390 scilicet
1902 2359 1972 2390 eius
1995 2367 2079 2403 pre-

227 2413 322 2456 cipue
352 2415 482 2445 auarius
512 2413 698 2447 extendere
734 2413 886 2449 liberales
922 2427 980 2461 pro
1016 2416 1133 2461 quibus
1168 2421 1300 2452 sincera
1335 2418 1399 2451 side
1435 2421 1594 2462 congrata
1625 2421 1768 2451 seruicia
1802 2421 1888 2451 intus
1921 2416 2078 2462 polleant,

228 2472 349 2505 sic.N.
381 2473 565 2507 satisfacuit
594 2474 716 2517 debito„
746 2479 792 2509 sic
821 2476 935 2510 lideles
964 2480 996 2511 in
1025 2477 1088 2511 tide
1117 2478 1349 2513 corroborant.
1379 2482 1427 2513 sic
1456 2479 1528 2513 illos
1548 2478 1588 2511 ad
1618 2478 1834 2512 deuocionen]
1865 2489 1958 2512 suam
1985 2480 2080 2511 inui—

229 2536 296 2565 tant
326 2538 357 2566 et
386 2533 529 2567 alliciunt
559 2546 618 2580 per
647 2537 846 2582 exemplum.
879 2537 941 2572 Per
975 2549 1114 2584 presens
1151 2542 1251 2584 igitur
1283 2540 1491 2586 priuilegium
1521 2539 1560 2573 ad
1588 2542 1742 2573 noticiam
1772 2541 1982 2585 presencium
2012 2538 2079 2572 de—

229 2592 365 2627 ferimus
395 2598 427 2627 et
456 2599 645 2629 memoriani
676 2596 870 2637 futurorumq
905 2599 991 2643 quod
1020 2610 1081 2633 nos
1111 2600 1230 2634 dilecto
1266 2600 1353 2634 fideli
1388 2605 1502 2634 nostro
1535 2604 1671 2646 propter
1703 2603 1846 2634 seruicia
1878 2598 1987 2633 fidelia
2016 2610 2080 2646 que
