<?xml version="1.0" encoding="UTF-8"?>
<!DOCTYPE html PUBLIC "-//W3C//DTD XHTML 1.0 Transitional//EN"
    "http://www.w3.org/TR/xhtml1/DTD/xhtml1-transitional.dtd">
<html xmlns="http://www.w3.org/1999/xhtml" xml:lang="en" lang="en">
 <head>
  <title>
</title>
<meta http-equiv="Content-Type" content="text/html;charset=utf-8" />
  <meta name='ocr-system' content='tesseract 3.04.00' />
  <meta name='ocr-capabilities' content='ocr_page ocr_carea ocr_par ocr_line ocrx_word'/>
</head>
<body>
  <div class='ocr_page' id='page_1' title='image "./codexdiplomaticu07morauoft_1071.png"; bbox 0 0 2184 2828; ppageno 0'>
   <div class='ocr_carea' id='block_1_1' title="bbox 1013 86 1086 121">
    <p class='ocr_par' dir='ltr' id='par_1_1' title="bbox 1013 86 1086 121">
     <span class='ocr_line' id='line_1_1' title="bbox 1013 86 1086 121; baseline 0 0"><span class='ocrx_word' id='word_1_1' title='bbox 1013 86 1086 121; x_wconf 87' lang='grc'>939</span> 
     </span>
    </p>
   </div>
   <div class='ocr_carea' id='block_1_2' title="bbox 1002 291 1108 327">
    <p class='ocr_par' dir='ltr' id='par_1_2' title="bbox 1002 291 1108 327">
     <span class='ocr_line' id='line_1_2' title="bbox 1002 291 1108 327; baseline -0.019 0"><span class='ocrx_word' id='word_1_2' title='bbox 1002 291 1026 327; x_wconf 74' lang='grc'>4</span> <span class='ocrx_word' id='word_1_3' title='bbox 1032 291 1108 326; x_wconf 92' lang='grc'>00.</span> 
     </span>
    </p>
   </div>
   <div class='ocr_carea' id='block_1_3' title="bbox 123 366 1979 525">
    <p class='ocr_par' dir='ltr' id='par_1_3' title="bbox 123 366 1979 525">
     <span class='ocr_line' id='line_1_3' title="bbox 129 366 1979 416; baseline 0.003 -14"><span class='ocrx_word' id='word_1_4' title='bbox 129 366 201 402; x_wconf 92' lang='lat' dir='ltr'>W..</span> <span class='ocrx_word' id='word_1_5' title='bbox 221 393 247 409; x_wconf 64' lang='lat'>.‚</span> <span class='ocrx_word' id='word_1_6' title='bbox 280 367 391 412; x_wconf 67' lang='lat' dir='ltr'>li&#39;onig]</span> <span class='ocrx_word' id='word_1_7' title='bbox 420 378 483 401; x_wconf 74' lang='lat' dir='ltr'>ron</span> <span class='ocrx_word' id='word_1_8' title='bbox 514 367 676 404; x_wconf 74' lang='lat' dir='ltr'>Bo‘lemen.</span> <span class='ocrx_word' id='word_1_9' title='bbox 707 368 848 402; x_wconf 69' lang='lat' dir='ltr'>schenkl</span> <span class='ocrx_word' id='word_1_10' title='bbox 884 369 955 403; x_wconf 83' lang='lat' dir='ltr'>dem</span> <span class='ocrx_word' id='word_1_11' title='bbox 985 368 1256 403; x_wconf 72' lang='lat' dir='ltr'>Memdscllenken</span> <span class='ocrx_word' id='word_1_12' title='bbox 1287 380 1349 402; x_wconf 73' lang='lat' dir='ltr'>ron</span> <span class='ocrx_word' id='word_1_13' title='bbox 1379 370 1523 405; x_wconf 70' lang='lat' dir='ltr'>Maleren</span> <span class='ocrx_word' id='word_1_14' title='bbox 1551 371 1606 405; x_wconf 73' lang='lat' dir='ltr'>die</span> <span class='ocrx_word' id='word_1_15' title='bbox 1634 372 1755 416; x_wconf 72' lang='lat' dir='ltr'>Ht&#39;ilfle</span> <span class='ocrx_word' id='word_1_16' title='bbox 1783 374 1842 407; x_wconf 79' lang='lat' dir='ltr'>des</span> <span class='ocrx_word' id='word_1_17' title='bbox 1870 374 1979 408; x_wconf 78' lang='lat' dir='ltr'>durch</span> 
     </span>
     <span class='ocr_line' id='line_1_4' title="bbox 123 427 1976 477; baseline 0.004 -15"><span class='ocrx_word' id='word_1_18' title='bbox 123 427 178 462; x_wconf 75' lang='lat' dir='ltr'>die</span> <span class='ocrx_word' id='word_1_19' title='bbox 206 427 434 471; x_wconf 66' lang='lat' dir='ltr'>Hiar-ichtunq</span> <span class='ocrx_word' id='word_1_20' title='bbox 469 429 527 462; x_wconf 80' lang='lat' dir='ltr'>des</span> <span class='ocrx_word' id='word_1_21' title='bbox 564 429 774 473; x_wconf 69' lang='lat' dir='ltr'>ehemale&#39;qen</span> <span class='ocrx_word' id='word_1_22' title='bbox 807 429 983 464; x_wconf 67' lang='lat' dir='ltr'>Besilzers</span> <span class='ocrx_word' id='word_1_23' title='bbox 1018 429 1173 465; x_wconf 68' lang='lat' dir='ltr'>l&#39;Villeelm</span> <span class='ocrx_word' id='word_1_24' title='bbox 1207 441 1271 463; x_wconf 72' lang='lat' dir='ltr'>rou</span> <span class='ocrx_word' id='word_1_25' title='bbox 1290 457 1296 463; x_wconf 92' lang='lat'><em>.</em></span> <span class='ocrx_word' id='word_1_26' title='bbox 1316 457 1348 464; x_wconf 94' lang='lat'>..</span> <span class='ocrx_word' id='word_1_27' title='bbox 1391 431 1579 477; x_wconf 70' lang='lat' dir='ltr'>erlediqten</span> <span class='ocrx_word' id='word_1_28' title='bbox 1608 433 1748 476; x_wconf 79' lang='lat' dir='ltr'>Dorses.</span> <span class='ocrx_word' id='word_1_29' title='bbox 1785 436 1824 468; x_wconf 89' lang='grc'>().</span> <span class='ocrx_word' id='word_1_30' title='bbox 1860 435 1903 468; x_wconf 90' lang='lat' dir='ltr'>D.</span> <span class='ocrx_word' id='word_1_31' title='bbox 1936 435 1976 469; x_wconf 91' lang='lat'>0.</span> 
     </span>
     <span class='ocr_line' id='line_1_5' title="bbox 957 490 1150 525; baseline 0.01 -2"><span class='ocrx_word' id='word_1_32' title='bbox 957 490 1024 524; x_wconf 73' lang='lat' dir='ltr'>med</span> <span class='ocrx_word' id='word_1_33' title='bbox 1050 490 1150 525; x_wconf 79' lang='lat' dir='ltr'>Jahr.</span> 
     </span>
    </p>
   </div>
   <div class='ocr_carea' id='block_1_4' title="bbox 124 546 1982 1161">
    <p class='ocr_par' dir='ltr' id='par_1_4' title="bbox 124 546 1982 1161">
     <span class='ocr_line' id='line_1_6' title="bbox 254 546 1980 614; baseline 0.005 -14"><span class='ocrx_word' id='word_1_34' title='bbox 254 546 340 600; x_wconf 44' lang='lat' dir='ltr'>xv.</span> <span class='ocrx_word' id='word_1_35' title='bbox 371 571 436 601; x_wconf 87' lang='lat' dir='ltr'>ete.</span> <span class='ocrx_word' id='word_1_36' title='bbox 467 570 609 602; x_wconf 70' lang='lat' dir='ltr'>veniens</span> <span class='ocrx_word' id='word_1_37' title='bbox 638 568 678 602; x_wconf 87' lang='lat' dir='ltr'>ad</span> <span class='ocrx_word' id='word_1_38' title='bbox 707 579 767 602; x_wconf 88' lang='lat' dir='ltr'>nos</span> <span class='ocrx_word' id='word_1_39' title='bbox 797 568 925 614; x_wconf 81' lang='lat' dir='ltr'><strong>dapifer</strong></span> <span class='ocrx_word' id='word_1_40' title='bbox 953 567 1107 603; x_wconf 85' lang='lat' dir='ltr'>Moravie</span> <span class='ocrx_word' id='word_1_41' title='bbox 1134 569 1274 604; x_wconf 90' lang='lat' dir='ltr'>dilectus</span> <span class='ocrx_word' id='word_1_42' title='bbox 1304 570 1409 604; x_wconf 81' lang='lat' dir='ltr'>tidelis</span> <span class='ocrx_word' id='word_1_43' title='bbox 1438 576 1553 605; x_wconf 87' lang='lat' dir='ltr'>noster</span> <span class='ocrx_word' id='word_1_44' title='bbox 1581 575 1725 606; x_wconf 84' lang='lat' dir='ltr'>asseruit</span> <span class='ocrx_word' id='word_1_45' title='bbox 1748 584 1862 607; x_wconf 86' lang='lat' dir='ltr'>coram</span> <span class='ocrx_word' id='word_1_46' title='bbox 1883 573 1980 608; x_wconf 88' lang='lat' dir='ltr'>nobis</span> 
     </span>
     <span class='ocr_line' id='line_1_7' title="bbox 124 627 1979 680; baseline 0.003 -18"><span class='ocrx_word' id='word_1_47' title='bbox 124 627 210 674; x_wconf 87' lang='lat' dir='ltr'>quod</span> <span class='ocrx_word' id='word_1_48' title='bbox 240 627 400 662; x_wconf 79' lang='lat' dir='ltr'>medietas</span> <span class='ocrx_word' id='word_1_49' title='bbox 430 629 525 662; x_wconf 84' lang='lat' dir='ltr'>ville.</span> <span class='ocrx_word' id='word_1_50' title='bbox 544 656 552 663; x_wconf 94' lang='lat'><strong>.</strong></span> <span class='ocrx_word' id='word_1_51' title='bbox 571 640 662 662; x_wconf 86' lang='lat' dir='ltr'>.cum</span> <span class='ocrx_word' id='word_1_52' title='bbox 692 632 883 664; x_wconf 68' lang='lat' dir='ltr'>attinenciis</span> <span class='ocrx_word' id='word_1_53' title='bbox 912 631 980 663; x_wconf 90' lang='lat' dir='ltr'>suis</span> <span class='ocrx_word' id='word_1_54' title='bbox 1009 633 1040 663; x_wconf 89' lang='lat' dir='ltr'>et</span> <span class='ocrx_word' id='word_1_55' title='bbox 1069 629 1193 664; x_wconf 89' lang='lat' dir='ltr'>iuribus</span> <span class='ocrx_word' id='word_1_56' title='bbox 1228 633 1398 665; x_wconf 89' lang='lat' dir='ltr'>universis</span> <span class='ocrx_word' id='word_1_57' title='bbox 1432 636 1568 677; x_wconf 88' lang='lat' dir='ltr'>propter</span> <span class='ocrx_word' id='word_1_58' title='bbox 1603 643 1783 668; x_wconf 78' lang='lat' dir='ltr'>excessum</span> <span class='ocrx_word' id='word_1_59' title='bbox 1811 633 1979 680; x_wconf 88' lang='lat' dir='ltr'>quondam</span> 
     </span>
     <span class='ocr_line' id='line_1_8' title="bbox 124 688 1980 741; baseline 0.004 -20"><span class='ocrx_word' id='word_1_60' title='bbox 124 688 295 723; x_wconf 85' lang='lat' dir='ltr'>Willielmi</span> <span class='ocrx_word' id='word_1_61' title='bbox 324 689 382 724; x_wconf 89' lang='lat' dir='ltr'>de.</span> <span class='ocrx_word' id='word_1_62' title='bbox 401 689 541 723; x_wconf 83' lang='lat' dir='ltr'>.douiini</span> <span class='ocrx_word' id='word_1_63' title='bbox 571 690 700 736; x_wconf 78' lang='lat' dir='ltr'>prefate</span> <span class='ocrx_word' id='word_1_64' title='bbox 730 690 915 724; x_wconf 75' lang='lat' dir='ltr'>medietatis</span> <span class='ocrx_word' id='word_1_65' title='bbox 952 693 1046 724; x_wconf 89' lang='lat' dir='ltr'>euius</span> <span class='ocrx_word' id='word_1_66' title='bbox 1080 701 1244 726; x_wconf 81' lang='lat' dir='ltr'>excessus</span> <span class='ocrx_word' id='word_1_67' title='bbox 1279 703 1381 726; x_wconf 90' lang='lat' dir='ltr'>causa</span> <span class='ocrx_word' id='word_1_68' title='bbox 1416 692 1500 726; x_wconf 89' lang='lat' dir='ltr'>idem</span> <span class='ocrx_word' id='word_1_69' title='bbox 1531 693 1731 728; x_wconf 85' lang='lat' dir='ltr'>Willielmus</span> <span class='ocrx_word' id='word_1_70' title='bbox 1766 698 1877 741; x_wconf 84' lang='lat' dir='ltr'>eapite</span> <span class='ocrx_word' id='word_1_71' title='bbox 1905 697 1980 741; x_wconf 88' lang='lat' dir='ltr'>pri-</span> 
     </span>
     <span class='ocr_line' id='line_1_9' title="bbox 127 751 1981 797; baseline 0.003 -13"><span class='ocrx_word' id='word_1_72' title='bbox 127 754 224 784; x_wconf 91' lang='lat' dir='ltr'>vatus</span> <span class='ocrx_word' id='word_1_73' title='bbox 252 753 376 784; x_wconf 73' lang='lat' dir='ltr'>exstitit</span> <span class='ocrx_word' id='word_1_74' title='bbox 405 754 552 796; x_wconf 86' lang='lat' dir='ltr'>tempore</span> <span class='ocrx_word' id='word_1_75' title='bbox 581 751 669 797; x_wconf 73' lang='lat' dir='ltr'>olym</span> <span class='ocrx_word' id='word_1_76' title='bbox 700 751 820 785; x_wconf 89' lang='lat' dir='ltr'>domini</span> <span class='ocrx_word' id='word_1_77' title='bbox 850 754 953 797; x_wconf 89' lang='lat' dir='ltr'>patris</span> <span class='ocrx_word' id='word_1_78' title='bbox 983 754 1085 785; x_wconf 82' lang='lat' dir='ltr'>nostri</span> <span class='ocrx_word' id='word_1_79' title='bbox 1119 751 1159 785; x_wconf 91' lang='lat' dir='ltr'>ad</span> <span class='ocrx_word' id='word_1_80' title='bbox 1189 763 1307 786; x_wconf 92' lang='lat' dir='ltr'>manus</span> <span class='ocrx_word' id='word_1_81' title='bbox 1342 756 1456 786; x_wconf 91' lang='lat' dir='ltr'>nostre</span> <span class='ocrx_word' id='word_1_82' title='bbox 1485 752 1583 787; x_wconf 75' lang='lat' dir='ltr'>Cui-ie</span> <span class='ocrx_word' id='word_1_83' title='bbox 1612 760 1705 788; x_wconf 90' lang='lat' dir='ltr'>esset</span> <span class='ocrx_word' id='word_1_84' title='bbox 1734 755 1981 789; x_wconf 87' lang='lat' dir='ltr'>racionabiliter</span> 
     </span>
     <span class='ocr_line' id='line_1_10' title="bbox 124 811 1980 858; baseline 0.003 -13"><span class='ocrx_word' id='word_1_85' title='bbox 124 811 280 845; x_wconf 81' lang='lat' dir='ltr'>devoluta</span> <span class='ocrx_word' id='word_1_86' title='bbox 309 816 340 845; x_wconf 91' lang='lat' dir='ltr'>et</span> <span class='ocrx_word' id='word_1_87' title='bbox 373 811 564 857; x_wconf 82' lang='lat' dir='ltr'>suppliciter</span> <span class='ocrx_word' id='word_1_88' title='bbox 592 815 759 846; x_wconf 78' lang='lat' dir='ltr'>exoravit.</span> <span class='ocrx_word' id='word_1_89' title='bbox 800 816 831 845; x_wconf 89' lang='lat' dir='ltr'>ut</span> <span class='ocrx_word' id='word_1_90' title='bbox 870 812 988 845; x_wconf 87' lang='lat' dir='ltr'>dictam</span> <span class='ocrx_word' id='word_1_91' title='bbox 1027 811 1237 846; x_wconf 89' lang='lat' dir='ltr'>medietatem</span> <span class='ocrx_word' id='word_1_92' title='bbox 1272 812 1350 846; x_wconf 82' lang='lat' dir='ltr'>ville</span> <span class='ocrx_word' id='word_1_93' title='bbox 1386 812 1546 858; x_wconf 85' lang='lat' dir='ltr'>prelibate</span> <span class='ocrx_word' id='word_1_94' title='bbox 1583 814 1643 848; x_wconf 85' lang='lat' dir='ltr'>sibi</span> <span class='ocrx_word' id='word_1_95' title='bbox 1681 812 1764 849; x_wconf 81' lang='lat' dir='ltr'>dare</span> <span class='ocrx_word' id='word_1_96' title='bbox 1797 826 1870 849; x_wconf 90' lang='lat' dir='ltr'>eum</span> <span class='ocrx_word' id='word_1_97' title='bbox 1909 818 1980 850; x_wconf 86' lang='lat' dir='ltr'>suis</span> 
     </span>
     <span class='ocr_line' id='line_1_11' title="bbox 125 871 1981 920; baseline 0.003 -15"><span class='ocrx_word' id='word_1_98' title='bbox 125 871 225 906; x_wconf 85' lang='lat' dir='ltr'>rebus</span> <span class='ocrx_word' id='word_1_99' title='bbox 254 877 285 906; x_wconf 90' lang='lat' dir='ltr'>et</span> <span class='ocrx_word' id='word_1_100' title='bbox 315 875 516 906; x_wconf 77' lang='lat' dir='ltr'>attinenciis.</span> <span class='ocrx_word' id='word_1_101' title='bbox 551 875 622 906; x_wconf 88' lang='lat' dir='ltr'>iure</span> <span class='ocrx_word' id='word_1_102' title='bbox 659 875 872 918; x_wconf 76' lang='lat' dir='ltr'>proprietatis</span> <span class='ocrx_word' id='word_1_103' title='bbox 907 877 939 906; x_wconf 91' lang='lat' dir='ltr'>ct</span> <span class='ocrx_word' id='word_1_104' title='bbox 969 872 1101 906; x_wconf 88' lang='lat' dir='ltr'>dominii</span> <span class='ocrx_word' id='word_1_105' title='bbox 1135 873 1361 918; x_wconf 66' lang='lat' dir='ltr'>dignaremur,</span> <span class='ocrx_word' id='word_1_106' title='bbox 1397 873 1466 908; x_wconf 87' lang='lat' dir='ltr'>Nos</span> <span class='ocrx_word' id='word_1_107' title='bbox 1495 879 1603 908; x_wconf 83' lang='lat' dir='ltr'>autem</span> <span class='ocrx_word' id='word_1_108' title='bbox 1633 875 1788 920; x_wconf 88' lang='lat' dir='ltr'>precibus</span> <span class='ocrx_word' id='word_1_109' title='bbox 1817 879 1885 910; x_wconf 88' lang='lat' dir='ltr'>suis</span> <span class='ocrx_word' id='word_1_110' title='bbox 1916 876 1981 910; x_wconf 86' lang='lat' dir='ltr'>bc-</span> 
     </span>
     <span class='ocr_line' id='line_1_12' title="bbox 125 933 1980 981; baseline 0.003 -15"><span class='ocrx_word' id='word_1_111' title='bbox 125 935 260 978; x_wconf 87' lang='lat' dir='ltr'>nignum</span> <span class='ocrx_word' id='word_1_112' title='bbox 289 937 478 978; x_wconf 82' lang='lat' dir='ltr'>prestantes</span> <span class='ocrx_word' id='word_1_113' title='bbox 507 944 695 968; x_wconf 72' lang='lat' dir='ltr'>assensum.</span> <span class='ocrx_word' id='word_1_114' title='bbox 726 933 844 967; x_wconf 84' lang='lat' dir='ltr'>dictam</span> <span class='ocrx_word' id='word_1_115' title='bbox 874 933 952 967; x_wconf 79' lang='lat' dir='ltr'>ville</span> <span class='ocrx_word' id='word_1_116' title='bbox 982 937 1131 979; x_wconf 90' lang='lat' dir='ltr'>pretacte</span> <span class='ocrx_word' id='word_1_117' title='bbox 1167 933 1377 968; x_wconf 90' lang='lat' dir='ltr'>medietatem</span> <span class='ocrx_word' id='word_1_118' title='bbox 1408 934 1532 968; x_wconf 91' lang='lat' dir='ltr'>eidem.</span> <span class='ocrx_word' id='word_1_119' title='bbox 1552 939 1596 969; x_wconf 90' lang='lat' dir='ltr'>.si</span> <span class='ocrx_word' id='word_1_120' title='bbox 1627 936 1711 981; x_wconf 82' lang='lat' dir='ltr'>quod</span> <span class='ocrx_word' id='word_1_121' title='bbox 1742 948 1853 970; x_wconf 88' lang='lat' dir='ltr'>coram</span> <span class='ocrx_word' id='word_1_122' title='bbox 1883 936 1980 971; x_wconf 90' lang='lat' dir='ltr'>nobis</span> 
     </span>
     <span class='ocr_line' id='line_1_13' title="bbox 125 994 1981 1040; baseline 0.002 -13"><span class='ocrx_word' id='word_1_123' title='bbox 125 996 269 1028; x_wconf 89' lang='lat' dir='ltr'>asseruit</span> <span class='ocrx_word' id='word_1_124' title='bbox 299 996 441 1028; x_wconf 88' lang='lat' dir='ltr'>veritate</span> <span class='ocrx_word' id='word_1_125' title='bbox 470 997 582 1028; x_wconf 89' lang='lat' dir='ltr'>nititur</span> <span class='ocrx_word' id='word_1_126' title='bbox 616 999 647 1028; x_wconf 89' lang='lat' dir='ltr'>et</span> <span class='ocrx_word' id='word_1_127' title='bbox 683 997 709 1028; x_wconf 88' lang='lat' dir='ltr'>si</span> <span class='ocrx_word' id='word_1_128' title='bbox 739 994 779 1027; x_wconf 86' lang='lat' dir='ltr'>de</span> <span class='ocrx_word' id='word_1_129' title='bbox 815 998 885 1028; x_wconf 90' lang='lat' dir='ltr'>iure</span> <span class='ocrx_word' id='word_1_130' title='bbox 919 994 1033 1027; x_wconf 83' lang='lat' dir='ltr'>facere</span> <span class='ocrx_word' id='word_1_131' title='bbox 1068 1005 1245 1040; x_wconf 92' lang='lat' dir='ltr'>possumus</span> <span class='ocrx_word' id='word_1_132' title='bbox 1279 994 1427 1029; x_wconf 83' lang='lat' dir='ltr'>dedimus</span> <span class='ocrx_word' id='word_1_133' title='bbox 1463 1007 1537 1029; x_wconf 85' lang='lat' dir='ltr'>cum</span> <span class='ocrx_word' id='word_1_134' title='bbox 1573 999 1760 1030; x_wconf 74' lang='lat' dir='ltr'>attinenciis</span> <span class='ocrx_word' id='word_1_135' title='bbox 1794 1002 1824 1031; x_wconf 77' lang='lat' dir='ltr'>et</span> <span class='ocrx_word' id='word_1_136' title='bbox 1855 997 1981 1032; x_wconf 91' lang='lat' dir='ltr'>iuribus</span> 
     </span>
     <span class='ocr_line' id='line_1_14' title="bbox 126 1054 1982 1103; baseline 0.002 -15"><span class='ocrx_word' id='word_1_137' title='bbox 126 1057 196 1089; x_wconf 88' lang='lat' dir='ltr'>suis</span> <span class='ocrx_word' id='word_1_138' title='bbox 226 1054 377 1089; x_wconf 89' lang='lat' dir='ltr'>omnibus</span> <span class='ocrx_word' id='word_1_139' title='bbox 416 1060 447 1089; x_wconf 87' lang='lat' dir='ltr'>et</span> <span class='ocrx_word' id='word_1_140' title='bbox 481 1059 510 1089; x_wconf 91' lang='lat' dir='ltr'>iu</span> <span class='ocrx_word' id='word_1_141' title='bbox 552 1059 655 1101; x_wconf 87' lang='lat' dir='ltr'>ipsum</span> <span class='ocrx_word' id='word_1_142' title='bbox 691 1058 738 1089; x_wconf 80' lang='lat' dir='ltr'>ius</span> <span class='ocrx_word' id='word_1_143' title='bbox 775 1057 983 1101; x_wconf 79' lang='lat' dir='ltr'>proprietatis</span> <span class='ocrx_word' id='word_1_144' title='bbox 1019 1059 1049 1089; x_wconf 83' lang='lat' dir='ltr'>et</span> <span class='ocrx_word' id='word_1_145' title='bbox 1083 1055 1215 1089; x_wconf 87' lang='lat' dir='ltr'>dominii</span> <span class='ocrx_word' id='word_1_146' title='bbox 1250 1056 1473 1090; x_wconf 67' lang='lat' dir='ltr'>transtulimus</span> <span class='ocrx_word' id='word_1_147' title='bbox 1511 1062 1539 1089; x_wconf 88' lang='lat' dir='ltr'>ut</span> <span class='ocrx_word' id='word_1_148' title='bbox 1576 1057 1616 1091; x_wconf 80' lang='lat' dir='ltr'>ile</span> <span class='ocrx_word' id='word_1_149' title='bbox 1653 1061 1723 1103; x_wconf 84' lang='lat' dir='ltr'>ipsa</span> <span class='ocrx_word' id='word_1_150' title='bbox 1760 1057 1913 1103; x_wconf 74' lang='lat' dir='ltr'>disponat</span> <span class='ocrx_word' id='word_1_151' title='bbox 1949 1063 1982 1092; x_wconf 89' lang='lat' dir='ltr'>et</span> 
     </span>
     <span class='ocr_line' id='line_1_15' title="bbox 127 1115 953 1161; baseline 0.001 -13"><span class='ocrx_word' id='word_1_152' title='bbox 127 1115 224 1149; x_wconf 84' lang='lat' dir='ltr'>faciet</span> <span class='ocrx_word' id='word_1_153' title='bbox 258 1120 289 1149; x_wconf 86' lang='lat' dir='ltr'>et</span> <span class='ocrx_word' id='word_1_154' title='bbox 318 1116 439 1149; x_wconf 80' lang='lat' dir='ltr'>alienet</span> <span class='ocrx_word' id='word_1_155' title='bbox 469 1128 527 1161; x_wconf 82' lang='lat' dir='ltr'>pro</span> <span class='ocrx_word' id='word_1_156' title='bbox 557 1127 617 1149; x_wconf 72' lang='lat' dir='ltr'>sue</span> <span class='ocrx_word' id='word_1_157' title='bbox 647 1116 734 1150; x_wconf 81' lang='lat' dir='ltr'>libito</span> <span class='ocrx_word' id='word_1_158' title='bbox 764 1116 953 1150; x_wconf 81' lang='lat' dir='ltr'>voluntatis.</span> 
     </span>
    </p>
   </div>
   <div class='ocr_carea' id='block_1_5' title="bbox 1003 1316 1108 1351">
    <p class='ocr_par' dir='ltr' id='par_1_5' title="bbox 1003 1316 1108 1351">
     <span class='ocr_line' id='line_1_16' title="bbox 1003 1316 1108 1351; baseline 0 0"><span class='ocrx_word' id='word_1_159' title='bbox 1003 1316 1108 1351; x_wconf 75' lang='lat'>401.</span> 
     </span>
    </p>
   </div>
   <div class='ocr_carea' id='block_1_6' title="bbox 126 1394 1983 1551">
    <p class='ocr_par' dir='ltr' id='par_1_6' title="bbox 126 1394 1983 1551">
     <span class='ocr_line' id='line_1_17' title="bbox 131 1394 1980 1441; baseline 0.002 -14"><span class='ocrx_word' id='word_1_160' title='bbox 131 1394 203 1427; x_wconf 79' lang='lat' dir='ltr'>Der·</span> <span class='ocrx_word' id='word_1_161' title='bbox 238 1394 351 1439; x_wconf 73' lang='lat' dir='ltr'>Kom&#39;q</span> <span class='ocrx_word' id='word_1_162' title='bbox 388 1405 450 1428; x_wconf 77' lang='lat' dir='ltr'>ron</span> <span class='ocrx_word' id='word_1_163' title='bbox 488 1394 637 1427; x_wconf 74' lang='lat' dir='ltr'>Bolmwn</span> <span class='ocrx_word' id='word_1_164' title='bbox 676 1394 798 1438; x_wconf 71' lang='lat' dir='ltr'>ln’frei&#39;l</span> <span class='ocrx_word' id='word_1_165' title='bbox 838 1395 891 1427; x_wconf 72' lang='lat' dir='ltr'>die</span> <span class='ocrx_word' id='word_1_166' title='bbox 932 1394 1072 1438; x_wconf 69' lang='lat' dir='ltr'>Iqlanet·</span> <span class='ocrx_word' id='word_1_167' title='bbox 1105 1394 1240 1439; x_wconf 58' lang='lat' dir='ltr'>Bur-qm·</span> <span class='ocrx_word' id='word_1_168' title='bbox 1273 1394 1393 1438; x_wconf 72' lang='lat' dir='ltr'>beleuss</span> <span class='ocrx_word' id='word_1_169' title='bbox 1430 1396 1490 1428; x_wconf 59' lang='lat' dir='ltr'>slei·</span> <span class='ocrx_word' id='word_1_170' title='bbox 1529 1396 1716 1429; x_wconf 70' lang='lat' dir='ltr'>leiehlereu</span> <span class='ocrx_word' id='word_1_171' title='bbox 1756 1396 1980 1441; x_wconf 60' lang='lat' dir='ltr'>Belbsffyunq</span> 
     </span>
     <span class='ocr_line' id='line_1_18' title="bbox 126 1455 1983 1500; baseline 0.002 -14"><span class='ocrx_word' id='word_1_172' title='bbox 126 1455 221 1489; x_wconf 65' lang='lat' dir='ltr'>ihrer</span> <span class='ocrx_word' id='word_1_173' title='bbox 256 1455 359 1489; x_wconf 79' lang='lat' dir='ltr'>Slmlt</span> <span class='ocrx_word' id='word_1_174' title='bbox 396 1457 461 1499; x_wconf 80' lang='lat' dir='ltr'>ans</span> <span class='ocrx_word' id='word_1_175' title='bbox 488 1457 562 1489; x_wconf 73' lang='lat' dir='ltr'>riet-</span> <span class='ocrx_word' id='word_1_176' title='bbox 595 1455 706 1489; x_wconf 69' lang='lat' dir='ltr'>Jalere</span> <span class='ocrx_word' id='word_1_177' title='bbox 740 1466 803 1488; x_wconf 79' lang='lat' dir='ltr'>ron</span> <span class='ocrx_word' id='word_1_178' title='bbox 838 1455 928 1488; x_wconf 74' lang='lat' dir='ltr'>allen</span> <span class='ocrx_word' id='word_1_179' title='bbox 967 1455 1142 1489; x_wconf 75' lang='lat' dir='ltr'>Collecten</span> <span class='ocrx_word' id='word_1_180' title='bbox 1179 1456 1246 1489; x_wconf 75' lang='lat' dir='ltr'>und</span> <span class='ocrx_word' id='word_1_181' title='bbox 1279 1455 1557 1500; x_wconf 58' lang='lat' dir='ltr'>Mautbrfflqaben</span> <span class='ocrx_word' id='word_1_182' title='bbox 1598 1457 1663 1490; x_wconf 77' lang='lat' dir='ltr'>und</span> <span class='ocrx_word' id='word_1_183' title='bbox 1697 1457 1842 1490; x_wconf 75' lang='lat' dir='ltr'>rerleiltt</span> <span class='ocrx_word' id='word_1_184' title='bbox 1882 1458 1983 1491; x_wconf 69' lang='lat' dir='ltr'>ilmme</span> 
     </span>
     <span class='ocr_line' id='line_1_19' title="bbox 402 1515 1694 1551; baseline 0.001 -2"><span class='ocrx_word' id='word_1_185' title='bbox 402 1515 576 1549; x_wconf 66' lang='lat' dir='ltr'>ubemliess</span> <span class='ocrx_word' id='word_1_186' title='bbox 606 1517 680 1549; x_wconf 71' lang='lat' dir='ltr'>esne</span> <span class='ocrx_word' id='word_1_187' title='bbox 710 1516 829 1549; x_wconf 77' lang='lat' dir='ltr'>Manth</span> <span class='ocrx_word' id='word_1_188' title='bbox 858 1517 925 1549; x_wconf 80' lang='lat' dir='ltr'>um!</span> <span class='ocrx_word' id='word_1_189' title='bbox 951 1516 1013 1549; x_wconf 80' lang='lat' dir='ltr'>das</span> <span class='ocrx_word' id='word_1_190' title='bbox 1042 1515 1253 1549; x_wconf 55' lang='lat' dir='ltr'>Solu-ozanen</span> <span class='ocrx_word' id='word_1_191' title='bbox 1287 1516 1324 1549; x_wconf 84' lang='lat'>0.</span> <span class='ocrx_word' id='word_1_192' title='bbox 1356 1516 1400 1550; x_wconf 88' lang='lat' dir='ltr'>D.</span> <span class='ocrx_word' id='word_1_193' title='bbox 1433 1518 1471 1550; x_wconf 74' lang='lat' dir='ltr'>l).</span> <span class='ocrx_word' id='word_1_194' title='bbox 1502 1518 1568 1550; x_wconf 72' lang='lat' dir='ltr'>med</span> <span class='ocrx_word' id='word_1_195' title='bbox 1595 1517 1694 1551; x_wconf 76' lang='grc' dir='ltr'><em>.Ι(ιΙη’.</em></span> 
     </span>
    </p>
   </div>
   <div class='ocr_carea' id='block_1_7' title="bbox 126 1574 1991 2613">
    <p class='ocr_par' dir='ltr' id='par_1_7' title="bbox 126 1574 1991 2613">
     <span class='ocr_line' id='line_1_20' title="bbox 307 1574 1984 1641; baseline 0.001 -13"><span class='ocrx_word' id='word_1_196' title='bbox 307 1574 466 1628; x_wconf 72' lang='lat' dir='ltr'>lneuntis</span> <span class='ocrx_word' id='word_1_197' title='bbox 504 1599 617 1629; x_wconf 75' lang='lat' dir='ltr'>nostri·</span> <span class='ocrx_word' id='word_1_198' title='bbox 651 1597 748 1628; x_wconf 86' lang='lat' dir='ltr'>etatis</span> <span class='ocrx_word' id='word_1_199' title='bbox 786 1594 926 1628; x_wconf 88' lang='lat' dir='ltr'>articulo</span> <span class='ocrx_word' id='word_1_200' title='bbox 961 1597 1008 1627; x_wconf 89' lang='lat' dir='ltr'>sic</span> <span class='ocrx_word' id='word_1_201' title='bbox 1043 1605 1080 1628; x_wconf 87' lang='lat' dir='ltr'>se</span> <span class='ocrx_word' id='word_1_202' title='bbox 1116 1593 1212 1628; x_wconf 88' lang='lat' dir='ltr'>nobis</span> <span class='ocrx_word' id='word_1_203' title='bbox 1246 1605 1426 1640; x_wconf 80' lang='lat' dir='ltr'>processus</span> <span class='ocrx_word' id='word_1_204' title='bbox 1460 1595 1611 1629; x_wconf 78' lang='lat' dir='ltr'>exhibuit</span> <span class='ocrx_word' id='word_1_205' title='bbox 1639 1600 1835 1641; x_wconf 62' lang='lat' dir='ltr'>temporum,</span> <span class='ocrx_word' id='word_1_206' title='bbox 1867 1601 1897 1629; x_wconf 87' lang='lat' dir='ltr'>ut</span> <span class='ocrx_word' id='word_1_207' title='bbox 1929 1599 1984 1629; x_wconf 92' lang='lat' dir='ltr'>in-</span> 
     </span>
     <span class='ocr_line' id='line_1_21' title="bbox 126 1654 1985 1701; baseline 0.001 -13"><span class='ocrx_word' id='word_1_208' title='bbox 126 1655 278 1688; x_wconf 81' lang='lat' dir='ltr'>tellectus</span> <span class='ocrx_word' id='word_1_209' title='bbox 316 1660 431 1689; x_wconf 86' lang='lat' dir='ltr'>noster</span> <span class='ocrx_word' id='word_1_210' title='bbox 469 1660 621 1701; x_wconf 81' lang='lat' dir='ltr'>patenter</span> <span class='ocrx_word' id='word_1_211' title='bbox 655 1657 897 1701; x_wconf 85' lang='lat' dir='ltr'>prospiciamus</span> <span class='ocrx_word' id='word_1_212' title='bbox 933 1654 1090 1699; x_wconf 82' lang='lat' dir='ltr'>indagine</span> <span class='ocrx_word' id='word_1_213' title='bbox 1127 1655 1213 1701; x_wconf 90' lang='lat' dir='ltr'>quod</span> <span class='ocrx_word' id='word_1_214' title='bbox 1251 1656 1457 1690; x_wconf 88' lang='lat' dir='ltr'>consulentis</span> <span class='ocrx_word' id='word_1_215' title='bbox 1493 1656 1622 1690; x_wconf 88' lang='lat' dir='ltr'>cautele</span> <span class='ocrx_word' id='word_1_216' title='bbox 1661 1659 1846 1700; x_wconf 83' lang='lat' dir='ltr'>sagacitate</span> <span class='ocrx_word' id='word_1_217' title='bbox 1876 1656 1985 1690; x_wconf 87' lang='lat' dir='ltr'>taliter</span> 
     </span>
     <span class='ocr_line' id='line_1_22' title="bbox 128 1715 1984 1763; baseline 0.001 -13"><span class='ocrx_word' id='word_1_218' title='bbox 128 1719 318 1762; x_wconf 85' lang='lat' dir='ltr'>premunire</span> <span class='ocrx_word' id='word_1_219' title='bbox 347 1728 383 1750; x_wconf 91' lang='lat' dir='ltr'>se</span> <span class='ocrx_word' id='word_1_220' title='bbox 413 1716 511 1750; x_wconf 87' lang='lat' dir='ltr'>debet</span> <span class='ocrx_word' id='word_1_221' title='bbox 540 1719 572 1749; x_wconf 93' lang='lat' dir='ltr'>in</span> <span class='ocrx_word' id='word_1_222' title='bbox 601 1716 740 1760; x_wconf 77' lang='lat' dir='ltr'>singulis</span> <span class='ocrx_word' id='word_1_223' title='bbox 769 1716 894 1759; x_wconf 73' lang='lat' dir='ltr'>regalis</span> <span class='ocrx_word' id='word_1_224' title='bbox 923 1718 1017 1761; x_wconf 83' lang='lat' dir='ltr'>apice</span> <span class='ocrx_word' id='word_1_225' title='bbox 1046 1715 1199 1750; x_wconf 89' lang='lat' dir='ltr'>culminis</span> <span class='ocrx_word' id='word_1_226' title='bbox 1228 1721 1428 1762; x_wconf 81' lang='lat' dir='ltr'>prerogatus</span> <span class='ocrx_word' id='word_1_227' title='bbox 1459 1721 1490 1750; x_wconf 93' lang='lat' dir='ltr'>ut</span> <span class='ocrx_word' id='word_1_228' title='bbox 1515 1717 1657 1752; x_wconf 81' lang='lat' dir='ltr'>adversa</span> <span class='ocrx_word' id='word_1_229' title='bbox 1684 1720 1798 1763; x_wconf 88' lang='lat' dir='ltr'>sepius</span> <span class='ocrx_word' id='word_1_230' title='bbox 1824 1718 1984 1762; x_wconf 81' lang='lat' dir='ltr'>infligen-</span> 
     </span>
     <span class='ocr_line' id='line_1_23' title="bbox 128 1776 1987 1824; baseline 0.001 -14"><span class='ocrx_word' id='word_1_231' title='bbox 128 1779 214 1810; x_wconf 90' lang='lat' dir='ltr'>cium</span> <span class='ocrx_word' id='word_1_232' title='bbox 244 1787 380 1812; x_wconf 87' lang='lat' dir='ltr'>casuum</span> <span class='ocrx_word' id='word_1_233' title='bbox 410 1780 551 1824; x_wconf 82' lang='lat' dir='ltr'>impetus</span> <span class='ocrx_word' id='word_1_234' title='bbox 582 1776 761 1811; x_wconf 80' lang='lat' dir='ltr'>formidare</span> <span class='ocrx_word' id='word_1_235' title='bbox 790 1780 933 1822; x_wconf 86' lang='lat' dir='ltr'>nequeat</span> <span class='ocrx_word' id='word_1_236' title='bbox 962 1781 993 1810; x_wconf 90' lang='lat' dir='ltr'>et</span> <span class='ocrx_word' id='word_1_237' title='bbox 1023 1787 1065 1810; x_wconf 89' lang='lat' dir='ltr'>ne</span> <span class='ocrx_word' id='word_1_238' title='bbox 1094 1777 1147 1811; x_wconf 81' lang='lat' dir='ltr'>vel</span> <span class='ocrx_word' id='word_1_239' title='bbox 1183 1776 1312 1811; x_wconf 86' lang='lat' dir='ltr'>hostilis</span> <span class='ocrx_word' id='word_1_240' title='bbox 1346 1788 1464 1811; x_wconf 88' lang='lat' dir='ltr'>manus</span> <span class='ocrx_word' id='word_1_241' title='bbox 1493 1789 1557 1824; x_wconf 86' lang='lat' dir='ltr'>que</span> <span class='ocrx_word' id='word_1_242' title='bbox 1587 1781 1679 1823; x_wconf 74' lang='lat' dir='ltr'>regie</span> <span class='ocrx_word' id='word_1_243' title='bbox 1708 1778 1876 1812; x_wconf 76' lang='lat' dir='ltr'>solicitatis</span> <span class='ocrx_word' id='word_1_244' title='bbox 1903 1790 1987 1824; x_wconf 85' lang='lat' dir='ltr'>pro-</span> 
     </span>
     <span class='ocr_line' id='line_1_24' title="bbox 128 1838 1988 1885; baseline 0.001 -13"><span class='ocrx_word' id='word_1_245' title='bbox 128 1842 251 1872; x_wconf 87' lang='lat' dir='ltr'>vocata</span> <span class='ocrx_word' id='word_1_246' title='bbox 280 1838 494 1873; x_wconf 86' lang='lat' dir='ltr'>successibus</span> <span class='ocrx_word' id='word_1_247' title='bbox 523 1843 554 1872; x_wconf 90' lang='lat' dir='ltr'>et</span> <span class='ocrx_word' id='word_1_248' title='bbox 585 1839 802 1871; x_wconf 82' lang='lat' dir='ltr'>emulacionis</span> <span class='ocrx_word' id='word_1_249' title='bbox 831 1840 999 1882; x_wconf 76' lang='lat' dir='ltr'>exagitata</span> <span class='ocrx_word' id='word_1_250' title='bbox 1036 1838 1175 1871; x_wconf 85' lang='lat' dir='ltr'>stimulis</span> <span class='ocrx_word' id='word_1_251' title='bbox 1205 1838 1403 1872; x_wconf 84' lang='lat' dir='ltr'>oll’endicula</span> <span class='ocrx_word' id='word_1_252' title='bbox 1437 1842 1613 1873; x_wconf 73' lang='lat' dir='ltr'>consuevit</span> <span class='ocrx_word' id='word_1_253' title='bbox 1642 1844 1773 1873; x_wconf 88' lang='lat' dir='ltr'>struere</span> <span class='ocrx_word' id='word_1_254' title='bbox 1801 1839 1988 1885; x_wconf 83' lang='lat' dir='ltr'>petentibus</span> 
     </span>
     <span class='ocr_line' id='line_1_25' title="bbox 132 1898 1987 1946; baseline 0.001 -14"><span class='ocrx_word' id='word_1_255' title='bbox 132 1900 239 1944; x_wconf 89' lang='lat' dir='ltr'>ipsum</span> <span class='ocrx_word' id='word_1_256' title='bbox 268 1899 381 1933; x_wconf 87' lang='lat' dir='ltr'>ledere</span> <span class='ocrx_word' id='word_1_257' title='bbox 411 1899 521 1934; x_wconf 78' lang='lat' dir='ltr'>valeat</span> <span class='ocrx_word' id='word_1_258' title='bbox 552 1900 604 1933; x_wconf 76' lang='lat' dir='ltr'>vel</span> <span class='ocrx_word' id='word_1_259' title='bbox 635 1899 798 1933; x_wconf 81' lang='lat' dir='ltr'>adversus</span> <span class='ocrx_word' id='word_1_260' title='bbox 828 1901 1082 1944; x_wconf 87' lang='lat' dir='ltr'>inpremuuitum</span> <span class='ocrx_word' id='word_1_261' title='bbox 1113 1898 1176 1933; x_wconf 87' lang='lat' dir='ltr'>liiis</span> <span class='ocrx_word' id='word_1_262' title='bbox 1206 1901 1311 1933; x_wconf 90' lang='lat' dir='ltr'>eciam</span> <span class='ocrx_word' id='word_1_263' title='bbox 1340 1899 1516 1946; x_wconf 80' lang='lat' dir='ltr'>quidquam</span> <span class='ocrx_word' id='word_1_264' title='bbox 1546 1900 1670 1934; x_wconf 88' lang='lat' dir='ltr'>audere</span> <span class='ocrx_word' id='word_1_265' title='bbox 1699 1904 1867 1945; x_wconf 87' lang='lat' dir='ltr'>presumat</span> <span class='ocrx_word' id='word_1_266' title='bbox 1891 1910 1987 1944; x_wconf 87' lang='lat' dir='ltr'>quem</span> 
     </span>
     <span class='ocr_line' id='line_1_26' title="bbox 130 1958 1987 2007; baseline 0.001 -15"><span class='ocrx_word' id='word_1_267' title='bbox 130 1961 198 1993; x_wconf 86' lang='lat' dir='ltr'>vita</span> <span class='ocrx_word' id='word_1_268' title='bbox 225 1962 327 1994; x_wconf 85' lang='lat' dir='ltr'>nutrit</span> <span class='ocrx_word' id='word_1_269' title='bbox 355 1960 536 2006; x_wconf 85' lang='lat' dir='ltr'>predonica</span> <span class='ocrx_word' id='word_1_270' title='bbox 565 1964 596 1993; x_wconf 89' lang='lat' dir='ltr'>et</span> <span class='ocrx_word' id='word_1_271' title='bbox 627 1962 679 2005; x_wconf 87' lang='lat' dir='ltr'>qui</span> <span class='ocrx_word' id='word_1_272' title='bbox 711 1963 740 1993; x_wconf 90' lang='lat' dir='ltr'>in</span> <span class='ocrx_word' id='word_1_273' title='bbox 769 1958 1009 1993; x_wconf 72' lang='lat' dir='ltr'>exaccionibus</span> <span class='ocrx_word' id='word_1_274' title='bbox 1034 1958 1188 1994; x_wconf 90' lang='lat' dir='ltr'>indebitis</span> <span class='ocrx_word' id='word_1_275' title='bbox 1215 1959 1409 2003; x_wconf 83' lang='lat' dir='ltr'>delectatur,</span> <span class='ocrx_word' id='word_1_276' title='bbox 1433 1963 1507 2007; x_wconf 87' lang='lat' dir='ltr'>quia</span> <span class='ocrx_word' id='word_1_277' title='bbox 1529 1963 1628 2005; x_wconf 77' lang='lat' dir='ltr'>igitur</span> <span class='ocrx_word' id='word_1_278' title='bbox 1649 1963 1837 1995; x_wconf 85' lang='lat' dir='ltr'>muniminis</span> <span class='ocrx_word' id='word_1_279' title='bbox 1857 1961 1987 1995; x_wconf 88' lang='lat' dir='ltr'>cautela</span> 
     </span>
     <span class='ocr_line' id='line_1_27' title="bbox 129 2020 1988 2068; baseline 0.002 -16"><span class='ocrx_word' id='word_1_280' title='bbox 129 2029 196 2053; x_wconf 89' lang='lat' dir='ltr'>non</span> <span class='ocrx_word' id='word_1_281' title='bbox 223 2020 352 2054; x_wconf 88' lang='lat' dir='ltr'>modica</span> <span class='ocrx_word' id='word_1_282' title='bbox 381 2033 445 2068; x_wconf 90' lang='lat' dir='ltr'>que</span> <span class='ocrx_word' id='word_1_283' title='bbox 474 2020 514 2055; x_wconf 86' lang='lat' dir='ltr'>ad</span> <span class='ocrx_word' id='word_1_284' title='bbox 542 2031 657 2065; x_wconf 82' lang='lat' dir='ltr'>regem</span> <span class='ocrx_word' id='word_1_285' title='bbox 689 2022 779 2063; x_wconf 78' lang='lat' dir='ltr'>(sic)</span> <span class='ocrx_word' id='word_1_286' title='bbox 811 2020 1021 2055; x_wconf 85' lang='lat' dir='ltr'>stabilitatem</span> <span class='ocrx_word' id='word_1_287' title='bbox 1052 2024 1083 2053; x_wconf 90' lang='lat' dir='ltr'>et</span> <span class='ocrx_word' id='word_1_288' title='bbox 1107 2020 1373 2066; x_wconf 83' lang='lat' dir='ltr'>tranquillitatem</span> <span class='ocrx_word' id='word_1_289' title='bbox 1399 2024 1543 2067; x_wconf 85' lang='lat' dir='ltr'>pertinet</span> <span class='ocrx_word' id='word_1_290' title='bbox 1568 2024 1719 2055; x_wconf 84' lang='lat' dir='ltr'>consistit</span> <span class='ocrx_word' id='word_1_291' title='bbox 1746 2024 1776 2055; x_wconf 92' lang='lat' dir='ltr'>in</span> <span class='ocrx_word' id='word_1_292' title='bbox 1798 2021 1988 2055; x_wconf 80' lang='lat' dir='ltr'>fortitudine</span> 
     </span>
     <span class='ocr_line' id='line_1_28' title="bbox 131 2081 1988 2128; baseline 0.001 -15"><span class='ocrx_word' id='word_1_293' title='bbox 131 2081 313 2124; x_wconf 80' lang='lat' dir='ltr'>civitatum,</span> <span class='ocrx_word' id='word_1_294' title='bbox 342 2086 376 2116; x_wconf 89' lang='lat' dir='ltr'>ut</span> <span class='ocrx_word' id='word_1_295' title='bbox 405 2082 531 2116; x_wconf 83' lang='lat' dir='ltr'>Civitas</span> <span class='ocrx_word' id='word_1_296' title='bbox 561 2086 674 2116; x_wconf 88' lang='lat' dir='ltr'>nostra</span> <span class='ocrx_word' id='word_1_297' title='bbox 706 2081 820 2115; x_wconf 73' lang='lat' dir='ltr'>Ylavia</span> <span class='ocrx_word' id='word_1_298' title='bbox 851 2084 898 2115; x_wconf 76' lang='lat' dir='ltr'>sic</span> <span class='ocrx_word' id='word_1_299' title='bbox 927 2081 1004 2115; x_wconf 63' lang='lat' dir='ltr'>vani</span> <span class='ocrx_word' id='word_1_300' title='bbox 1034 2090 1269 2125; x_wconf 88' lang='lat' dir='ltr'>murorumque</span> <span class='ocrx_word' id='word_1_301' title='bbox 1298 2084 1477 2115; x_wconf 90' lang='lat' dir='ltr'>munimine</span> <span class='ocrx_word' id='word_1_302' title='bbox 1506 2084 1637 2115; x_wconf 86' lang='lat' dir='ltr'>circiter</span> <span class='ocrx_word' id='word_1_303' title='bbox 1661 2081 1875 2116; x_wconf 83' lang='lat' dir='ltr'>confirmetur</span> <span class='ocrx_word' id='word_1_304' title='bbox 1901 2082 1988 2128; x_wconf 89' lang='lat' dir='ltr'>quod</span> 
     </span>
     <span class='ocr_line' id='line_1_29' title="bbox 130 2140 1987 2188; baseline 0.001 -15"><span class='ocrx_word' id='word_1_305' title='bbox 130 2151 193 2173; x_wconf 88' lang='lat' dir='ltr'>nee</span> <span class='ocrx_word' id='word_1_306' title='bbox 221 2142 358 2175; x_wconf 90' lang='lat' dir='ltr'>insultus</span> <span class='ocrx_word' id='word_1_307' title='bbox 387 2142 526 2177; x_wconf 82' lang='lat' dir='ltr'>bostium</span> <span class='ocrx_word' id='word_1_308' title='bbox 558 2154 618 2176; x_wconf 71' lang='lat' dir='ltr'>net-</span> <span class='ocrx_word' id='word_1_309' title='bbox 650 2142 833 2188; x_wconf 82' lang='lat' dir='ltr'>predonum</span> <span class='ocrx_word' id='word_1_310' title='bbox 864 2145 966 2187; x_wconf 83' lang='lat' dir='ltr'>possit</span> <span class='ocrx_word' id='word_1_311' title='bbox 998 2140 1135 2175; x_wconf 85' lang='lat' dir='ltr'>insidias</span> <span class='ocrx_word' id='word_1_312' title='bbox 1173 2141 1269 2175; x_wconf 87' lang='lat' dir='ltr'>l&#39;acile</span> <span class='ocrx_word' id='word_1_313' title='bbox 1305 2145 1471 2187; x_wconf 85' lang='lat' dir='ltr'>pertinere</span> <span class='ocrx_word' id='word_1_314' title='bbox 1501 2145 1605 2187; x_wconf 76' lang='lat' dir='ltr'>ipsius</span> <span class='ocrx_word' id='word_1_315' title='bbox 1635 2142 1788 2176; x_wconf 84' lang='lat' dir='ltr'>Civitatis</span> <span class='ocrx_word' id='word_1_316' title='bbox 1817 2142 1919 2177; x_wconf 84' lang='lat' dir='ltr'>Cives</span> <span class='ocrx_word' id='word_1_317' title='bbox 1947 2143 1987 2177; x_wconf 84' lang='lat' dir='ltr'>ab</span> 
     </span>
     <span class='ocr_line' id='line_1_30' title="bbox 131 2201 1987 2249; baseline 0.002 -16"><span class='ocrx_word' id='word_1_318' title='bbox 131 2203 218 2234; x_wconf 91' lang='lat' dir='ltr'>omni</span> <span class='ocrx_word' id='word_1_319' title='bbox 249 2201 387 2236; x_wconf 89' lang='lat' dir='ltr'>collecte</span> <span class='ocrx_word' id='word_1_320' title='bbox 423 2206 653 2249; x_wconf 75' lang='lat' dir='ltr'>exempcionis</span> <span class='ocrx_word' id='word_1_321' title='bbox 690 2202 833 2237; x_wconf 85' lang='lat' dir='ltr'>tliclonci</span> <span class='ocrx_word' id='word_1_322' title='bbox 871 2214 930 2249; x_wconf 86' lang='lat' dir='ltr'>per</span> <span class='ocrx_word' id='word_1_323' title='bbox 959 2207 1061 2236; x_wconf 84' lang='lat' dir='ltr'>totum</span> <span class='ocrx_word' id='word_1_324' title='bbox 1092 2201 1269 2236; x_wconf 89' lang='lat' dir='ltr'>dominium</span> <span class='ocrx_word' id='word_1_325' title='bbox 1304 2207 1451 2236; x_wconf 85' lang='lat' dir='ltr'>nostrum</span> <span class='ocrx_word' id='word_1_326' title='bbox 1489 2203 1540 2236; x_wconf 64' lang='lat' dir='ltr'>vel</span> <span class='ocrx_word' id='word_1_327' title='bbox 1579 2205 1777 2237; x_wconf 75' lang='lat' dir='ltr'>vexacionis</span> <span class='ocrx_word' id='word_1_328' title='bbox 1812 2203 1987 2238; x_wconf 88' lang='lat' dir='ltr'>cuiuslibet</span> 
     </span>
     <span class='ocr_line' id='line_1_31' title="bbox 130 2261 1987 2310; baseline 0.001 -15"><span class='ocrx_word' id='word_1_329' title='bbox 130 2261 302 2295; x_wconf 87' lang='lat' dir='ltr'>solucione</span> <span class='ocrx_word' id='word_1_330' title='bbox 336 2263 389 2296; x_wconf 84' lang='lat' dir='ltr'>vel</span> <span class='ocrx_word' id='word_1_331' title='bbox 429 2264 555 2298; x_wconf 83' lang='lat' dir='ltr'>lionere</span> <span class='ocrx_word' id='word_1_332' title='bbox 597 2276 614 2298; x_wconf 85' lang='lat' dir='ltr'>a</span> <span class='ocrx_word' id='word_1_333' title='bbox 649 2264 721 2298; x_wconf 88' lang='lat' dir='ltr'>data</span> <span class='ocrx_word' id='word_1_334' title='bbox 757 2266 967 2310; x_wconf 89' lang='lat' dir='ltr'>presencium</span> <span class='ocrx_word' id='word_1_335' title='bbox 1009 2274 1114 2308; x_wconf 87' lang='lat' dir='ltr'>usque</span> <span class='ocrx_word' id='word_1_336' title='bbox 1154 2262 1194 2296; x_wconf 91' lang='lat' dir='ltr'>ad</span> <span class='ocrx_word' id='word_1_337' title='bbox 1230 2267 1369 2308; x_wconf 88' lang='lat' dir='ltr'>quatuor</span> <span class='ocrx_word' id='word_1_338' title='bbox 1404 2274 1565 2297; x_wconf 85' lang='lat' dir='ltr'>annorum</span> <span class='ocrx_word' id='word_1_339' title='bbox 1602 2266 1751 2309; x_wconf 87' lang='lat' dir='ltr'>spacium</span> <span class='ocrx_word' id='word_1_340' title='bbox 1787 2267 1987 2299; x_wconf 86' lang='lat' dir='ltr'>continuatis</span> 
     </span>
     <span class='ocr_line' id='line_1_32' title="bbox 129 2321 1987 2372; baseline 0.002 -17"><span class='ocrx_word' id='word_1_341' title='bbox 129 2321 408 2357; x_wconf 87' lang='lat' dir='ltr'>numerandorum</span> <span class='ocrx_word' id='word_1_342' title='bbox 438 2324 642 2372; x_wconf 86' lang='lat' dir='ltr'>temporibus</span> <span class='ocrx_word' id='word_1_343' title='bbox 671 2327 823 2358; x_wconf 88' lang='lat' dir='ltr'>inmunes</span> <span class='ocrx_word' id='word_1_344' title='bbox 852 2334 929 2357; x_wconf 82' lang='lat' dir='ltr'>esse</span> <span class='ocrx_word' id='word_1_345' title='bbox 960 2323 1111 2357; x_wconf 81' lang='lat' dir='ltr'>volumus</span> <span class='ocrx_word' id='word_1_346' title='bbox 1146 2328 1178 2357; x_wconf 91' lang='lat' dir='ltr'>et</span> <span class='ocrx_word' id='word_1_347' title='bbox 1215 2324 1341 2358; x_wconf 88' lang='lat' dir='ltr'>solutos</span> <span class='ocrx_word' id='word_1_348' title='bbox 1376 2329 1409 2358; x_wconf 93' lang='lat' dir='ltr'>ut</span> <span class='ocrx_word' id='word_1_349' title='bbox 1445 2324 1561 2370; x_wconf 78' lang='lat' dir='ltr'>prefati</span> <span class='ocrx_word' id='word_1_350' title='bbox 1592 2324 1694 2358; x_wconf 81' lang='lat' dir='ltr'>Cives</span> <span class='ocrx_word' id='word_1_351' title='bbox 1724 2324 1806 2359; x_wconf 80' lang='lat' dir='ltr'>infra</span> <span class='ocrx_word' id='word_1_352' title='bbox 1836 2324 1987 2371; x_wconf 85' lang='lat' dir='ltr'>prcl&#39;atos</span> 
     </span>
     <span class='ocr_line' id='line_1_33' title="bbox 130 2384 1987 2431; baseline 0 -14"><span class='ocrx_word' id='word_1_353' title='bbox 130 2386 272 2428; x_wconf 86' lang='lat' dir='ltr'>quatuor</span> <span class='ocrx_word' id='word_1_354' title='bbox 301 2394 406 2417; x_wconf 88' lang='lat' dir='ltr'>annos</span> <span class='ocrx_word' id='word_1_355' title='bbox 435 2385 651 2419; x_wconf 86' lang='lat' dir='ltr'>condecentis</span> <span class='ocrx_word' id='word_1_356' title='bbox 686 2384 916 2431; x_wconf 74' lang='lat' dir='ltr'>profunditatis</span> <span class='ocrx_word' id='word_1_357' title='bbox 951 2387 1041 2418; x_wconf 84' lang='lat' dir='ltr'>circa</span> <span class='ocrx_word' id='word_1_358' title='bbox 1079 2386 1182 2429; x_wconf 89' lang='lat' dir='ltr'>ipsam</span> <span class='ocrx_word' id='word_1_359' title='bbox 1218 2387 1384 2418; x_wconf 86' lang='lat' dir='ltr'>civitatem</span> <span class='ocrx_word' id='word_1_360' title='bbox 1422 2386 1580 2419; x_wconf 81' lang='lat' dir='ltr'>l&#39;ossatum</span> <span class='ocrx_word' id='word_1_361' title='bbox 1618 2385 1731 2419; x_wconf 79' lang='lat' dir='ltr'>fodent</span> <span class='ocrx_word' id='word_1_362' title='bbox 1767 2390 1799 2419; x_wconf 87' lang='lat' dir='ltr'>et</span> <span class='ocrx_word' id='word_1_363' title='bbox 1833 2385 1873 2419; x_wconf 91' lang='lat' dir='ltr'>ab</span> <span class='ocrx_word' id='word_1_364' title='bbox 1909 2396 1987 2431; x_wconf 62' lang='lat' dir='ltr'>ymo</span> 
     </span>
     <span class='ocr_line' id='line_1_34' title="bbox 128 2442 1988 2491; baseline 0.001 -15"><span class='ocrx_word' id='word_1_365' title='bbox 128 2442 246 2476; x_wconf 87' lang='lat' dir='ltr'>fossati</span> <span class='ocrx_word' id='word_1_366' title='bbox 274 2445 376 2489; x_wconf 91' lang='lat' dir='ltr'>ipsius</span> <span class='ocrx_word' id='word_1_367' title='bbox 406 2455 508 2490; x_wconf 87' lang='lat' dir='ltr'>usque</span> <span class='ocrx_word' id='word_1_368' title='bbox 537 2457 667 2481; x_wconf 88' lang='lat' dir='ltr'>sursum</span> <span class='ocrx_word' id='word_1_369' title='bbox 697 2456 822 2479; x_wconf 88' lang='lat' dir='ltr'>murum</span> <span class='ocrx_word' id='word_1_370' title='bbox 853 2447 986 2478; x_wconf 87' lang='lat' dir='ltr'>circiter</span> <span class='ocrx_word' id='word_1_371' title='bbox 1015 2446 1145 2489; x_wconf 70' lang='lat' dir='ltr'>erigant</span> <span class='ocrx_word' id='word_1_372' title='bbox 1174 2449 1205 2478; x_wconf 90' lang='lat' dir='ltr'>et</span> <span class='ocrx_word' id='word_1_373' title='bbox 1234 2456 1334 2491; x_wconf 80' lang='lat' dir='ltr'>super</span> <span class='ocrx_word' id='word_1_374' title='bbox 1359 2448 1560 2479; x_wconf 90' lang='lat' dir='ltr'>eminentem</span> <span class='ocrx_word' id='word_1_375' title='bbox 1588 2449 1677 2479; x_wconf 91' lang='lat' dir='ltr'>terre</span> <span class='ocrx_word' id='word_1_376' title='bbox 1701 2457 1828 2480; x_wconf 89' lang='lat' dir='ltr'>murum</span> <span class='ocrx_word' id='word_1_377' title='bbox 1850 2448 1988 2491; x_wconf 82' lang='lat' dir='ltr'>insuper</span> 
     </span>
     <span class='ocr_line' id='line_1_35' title="bbox 128 2504 1987 2552; baseline 0.002 -16"><span class='ocrx_word' id='word_1_378' title='bbox 128 2507 333 2547; x_wconf 77' lang='lat' dir='ltr'>construant.</span> <span class='ocrx_word' id='word_1_379' title='bbox 363 2507 417 2549; x_wconf 88' lang='lat' dir='ltr'>qui</span> <span class='ocrx_word' id='word_1_380' title='bbox 446 2504 637 2541; x_wconf 83' lang='lat' dir='ltr'>Barclianus</span> <span class='ocrx_word' id='word_1_381' title='bbox 668 2507 850 2551; x_wconf 83' lang='lat' dir='ltr'>vulgariter</span> <span class='ocrx_word' id='word_1_382' title='bbox 879 2509 1100 2551; x_wconf 69' lang='lat' dir='ltr'>nuncupatur7</span> <span class='ocrx_word' id='word_1_383' title='bbox 1136 2516 1268 2539; x_wconf 89' lang='lat' dir='ltr'>necnon</span> <span class='ocrx_word' id='word_1_384' title='bbox 1305 2510 1337 2540; x_wconf 87' lang='lat' dir='ltr'>et</span> <span class='ocrx_word' id='word_1_385' title='bbox 1365 2506 1450 2552; x_wconf 88' lang='lat' dir='ltr'>quod</span> <span class='ocrx_word' id='word_1_386' title='bbox 1487 2510 1592 2540; x_wconf 89' lang='lat' dir='ltr'>turres</span> <span class='ocrx_word' id='word_1_387' title='bbox 1622 2510 1686 2541; x_wconf 90' lang='lat' dir='ltr'>tam</span> <span class='ocrx_word' id='word_1_388' title='bbox 1716 2506 1840 2540; x_wconf 88' lang='lat' dir='ltr'>dirutas</span> <span class='ocrx_word' id='word_1_389' title='bbox 1869 2506 1987 2540; x_wconf 83' lang='lat' dir='ltr'>reedi-</span> 
     </span>
     <span class='ocr_line' id='line_1_36' title="bbox 128 2563 1991 2613; baseline 0.002 -16"><span class='ocrx_word' id='word_1_390' title='bbox 128 2563 227 2598; x_wconf 85' lang='lat' dir='ltr'>ficent</span> <span class='ocrx_word' id='word_1_391' title='bbox 248 2574 344 2610; x_wconf 83' lang='lat' dir='ltr'>quain</span> <span class='ocrx_word' id='word_1_392' title='bbox 365 2575 430 2598; x_wconf 92' lang='lat' dir='ltr'>non</span> <span class='ocrx_word' id='word_1_393' title='bbox 452 2564 575 2601; x_wconf 87' lang='lat' dir='ltr'>dirutas</span> <span class='ocrx_word' id='word_1_394' title='bbox 596 2570 782 2613; x_wconf 86' lang='lat' dir='ltr'>corrigant.</span> <span class='ocrx_word' id='word_1_395' title='bbox 802 2593 808 2600; x_wconf 92' lang='lat'>.</span> <span class='ocrx_word' id='word_1_396' title='bbox 828 2594 835 2601; x_wconf 90' lang='lat'>.</span> <span class='ocrx_word' id='word_1_397' title='bbox 859 2565 1008 2612; x_wconf 69' lang='lat' dir='ltr'>[Luckej</span> <span class='ocrx_word' id='word_1_398' title='bbox 1028 2564 1149 2601; x_wconf 87' lang='lat' dir='ltr'>fuerint</span> <span class='ocrx_word' id='word_1_399' title='bbox 1169 2566 1359 2611; x_wconf 79' lang='lat' dir='ltr'>corrigendi</span> <span class='ocrx_word' id='word_1_400' title='bbox 1387 2566 1619 2613; x_wconf 80' lang='lat' dir='ltr'>stabilieutque</span> <span class='ocrx_word' id='word_1_401' title='bbox 1639 2578 1752 2602; x_wconf 89' lang='lat' dir='ltr'>muros</span> <span class='ocrx_word' id='word_1_402' title='bbox 1774 2571 1805 2601; x_wconf 92' lang='lat' dir='ltr'>et</span> <span class='ocrx_word' id='word_1_403' title='bbox 1829 2572 1991 2613; x_wconf 88' lang='lat' dir='ltr'>reparent</span> 
     </span>
    </p>
   </div>
  </div>
 </body>
</html>
