2184 2828
1067 130 1139 165 192

179 247 284 282 XIIII.
315 248 385 282 dies
415 248 618 295 sepedictam
648 247 789 282 mediam
817 259 962 283 marcam
991 260 1057 283 vna
1086 259 1160 282 cum
1187 250 1281 294 penis
1310 248 1488 283 exsoluero
1517 251 1711 295 pretaxatis,
1758 247 1811 281 Ex
1838 252 1915 282 tunc
1943 259 2025 294 pre-

178 311 346 342 nominata
380 308 479 342 Lucia
515 308 618 342 libere
652 312 774 355 poterit
808 312 961 355 recipere
996 320 1098 354 super
1130 308 1307 354 dampnum
1341 319 1448 343 meum
1476 309 1657 355 predictam
1694 308 1837 342 mediam
1867 319 2026 352 marcam,

178 380 244 402 vna
273 380 347 403 cum
375 372 469 415 penis
498 368 634 414 prefatis
664 372 750 403 inter
776 369 914 407 Judeos„
943 374 997 404 aut
1025 369 1228 403 Christianos
1248 371 1320 403 siue
1339 368 1537 416 vbicumque
1558 373 1587 403 ei
1609 372 1715 403 visum
1735 368 1834 402 fuerit
1852 369 2024 415 expedire.

178 427 306 470 Quibus
335 429 486 463 omnibus
514 432 609 475 penis
638 434 670 463 et
698 429 976 464 satisfactionibus
1005 433 1076 463 siue
1102 429 1252 474 dampnis
1272 429 1532 475 quibuscumque
1552 441 1604 464 me
1623 429 1828 475 sepedictum
1847 429 2025 464 Martinum

178 501 217 523 ac
246 501 464 524 successores
493 500 586 524 meos
615 501 676 524 nec
705 501 771 524 non
809 495 841 524 et
875 490 1098 524 molendinum
1134 489 1254 523 dictum
1293 490 1448 524 Strumen
1483 501 1557 524 cum
1592 490 1745 524 omnibus
1780 489 1908 524 iuribus
1942 493 2026 525 meis

178 555 296 596 sponte
331 549 457 584 subicio
490 554 555 584 tam
596 550 650 585 diu
684 551 791 585 donec
825 562 951 585 summa
987 551 1138 597 capitalis
1174 552 1316 596 pecunie
1349 550 1503 585 videlicet
1538 562 1601 585 sex
1635 561 1821 584 marcarum
1855 561 1922 584 vna
1951 561 2026 585 cum

176 610 334 657 prelibata
363 622 476 645 marca
510 612 660 645 censuali
698 617 880 645 memorate
915 611 1017 645 Lucie
1055 622 1114 657 per
1148 622 1200 644 me
1234 622 1273 644 ac
1308 622 1525 646 successores
1560 622 1652 645 meos
1686 610 1785 644 fuerit
1818 611 2027 656 integraliter

176 671 356 717 persoluta.
396 671 431 705 Si
461 676 569 707 autem
599 683 664 717 ego
692 672 859 718 predictus
887 671 1048 706 Martinus
1085 671 1137 711 vel
1173 682 1392 706 successores
1424 674 1487 706 mei
1524 683 1542 705 a
1571 671 1700 717 prefata
1733 683 1846 705 marca
1874 672 2025 706 censuali

176 743 237 765 nos
266 734 448 777 poterimus
477 731 620 775 liberari,
651 732 726 766 data
755 743 882 766 summa
911 733 1060 778 capitalis
1088 735 1231 778 pecunie
1259 743 1319 766 seu
1348 743 1530 766 marcarum
1554 744 1619 766 vna
1640 743 1714 766 cum
1744 732 1892 778 predicta
1912 743 2025 766 marca

175 792 323 826 censuali
351 803 558 838 quacumque
586 797 680 839 parte
709 795 797 835 anni,
828 804 846 826 a
876 804 982 826 censu
1011 795 1194 838 prescripte
1223 803 1337 826 marce
1366 793 1515 827 annualis
1550 796 1673 827 erimus
1710 796 1842 839 penitus
1870 791 2023 829 absoluti.

174 852 216 887 Et
244 855 441 899 quicumque
469 864 612 899 presens
641 856 798 899 scriptum
828 853 990 896 habuerit,
1027 864 1091 898 ego
1121 853 1311 899 sepedictus
1330 852 1491 888 Martinus
1517 853 1569 887 uel
1590 864 1811 887 successores
1831 856 1896 888 mei
1915 856 2025 888 omnia

175 918 207 947 et
236 914 366 958 singula
395 917 548 959 superius
576 918 751 959 prenotata
779 918 849 947 rata
877 918 909 947 et
937 914 1029 948 firma
1051 913 1201 947 volumus
1221 918 1253 947 et
1274 913 1433 947 debemus
1453 914 1561 948 eidem
1581 913 1776 948 obseruare.
1806 913 1888 948 Cum
1917 918 2025 948 autem

174 974 379 1020 sepedictam
407 973 541 1007 Luciam
570 976 658 1008 viam
688 978 848 1008 vniuerse
876 977 987 1008 carnis
1017 973 1147 1019 ingredi
1181 977 1368 1018 contigerit,
1404 978 1525 1008 extunc
1559 974 1686 1020 prefata
1715 985 1828 1009 mai-ca
1856 975 2025 1009 censualis

174 1034 270 1068 cedet
298 1034 455 1068 fratribus
484 1034 739 1080 Raiygradeiisis
768 1038 961 1069 monasterii
996 1046 1056 1081 pro
1090 1038 1199 1069 missis
1235 1034 1458 1081 deposicionis
1495 1038 1567 1069 eius
1603 1039 1635 1069 et
1671 1038 1861 1070 tercenario
1895 1034 2025 1070 dabitur

175 1095 281 1129 media
302 1106 426 1138 marca,
448 1099 480 1129 et
500 1094 642 1141 plebano
663 1098 716 1141 qui
737 1100 812 1129 tunc
840 1100 988 1142 tempore
1016 1095 1112 1130 fuerit
1132 1095 1239 1129 media
1259 1107 1369 1129 marca
1390 1106 1448 1141 pro
1468 1097 1621 1141 exequijs
1643 1096 1802 1130 decenter
1822 1095 2024 1143 peragendis

174 1160 206 1190 et
234 1159 282 1190 sic
311 1156 468 1202 deinceps
497 1156 634 1201 singulis
663 1159 757 1190 annis
779 1167 839 1202 pro
860 1159 1093 1190 anniversario
1114 1156 1244 1202 prefate
1264 1156 1363 1190 Lucie
1382 1160 1415 1190 et
1432 1155 1646 1201 lllargaretlic
1666 1168 1729 1190 nec
1749 1167 1814 1190 non
1836 1161 1868 1191 et
1887 1156 2026 1191 aliorum

173 1227 326 1250 carorum
356 1219 428 1250 eius
457 1219 521 1250 iani
550 1216 635 1250 dicta
671 1228 783 1250 marca
818 1228 878 1263 per
910 1228 963 1251 me
999 1217 1203 1263 sepedictum
1236 1216 1410 1250 Martinum
1448 1221 1481 1251 et
1515 1228 1734 1251 successores
1763 1228 1856 1252 meos
1885 1216 2024 1264 prefatis

172 1276 328 1312 fratribus
363 1277 519 1311 antedicti
553 1279 744 1322 monasterij
781 1277 943 1323 Raygrad
980 1280 1012 1311 in
1047 1282 1243 1324 perpetuum
1286 1277 1444 1312 tribuetur
1473 1304 1480 1311 .
1512 1305 1518 1313 .
1551 1306 1558 1311 .
1589 1277 1650 1311 sub
1688 1278 1805 1322 sigillis
1835 1305 1843 1312 .
1875 1305 1882 1312 .
1911 1277 2024 1312 fratris

174 1337 346 1372 IVitkonis
374 1341 534 1384 prepositi
562 1337 828 1384 Raygradensis‚
858 1343 890 1372 et
927 1338 1054 1373 Alberti
1091 1343 1121 1372 et
1156 1338 1308 1372 Henslini
1344 1338 1504 1372 dictorum
1542 1338 1583 1371 de
1617 1338 1765 1372 Modricz
1800 1337 2023 1373 feodariorum

174 1398 295 1432 domini
324 1401 474 1445 episcopi
504 1398 737 1433 Olomucensis
769 1418 810 1424 —·
844 1399 964 1434 Testes
992 1399 1095 1433 frater
1133 1399 1247 1433 Gallus
1275 1398 1446 1445 plebanus,
1478 1398 1641 1432 Martinus
1677 1397 1870 1444 capellanus
1905 1398 2024 1446 prefati

172 1462 343 1505 prepositi,
371 1458 496 1493 Jesclio
527 1459 634 1503 judex
663 1459 772 1506 oppidi
802 1459 1068 1506 Raygradensis5
1106 1459 1309 1493 llenczlinus
1343 1458 1505 1506 quondam
1541 1459 1653 1502 iudex,
1689 1458 1826 1503 We1k0‚
1862 1459 2022 1502 Thomas,

173 1518 298 1553 Ilolecz
327 1522 422 1553 iurati
452 1519 584 1562 ibidem,
605 1519 730 1554 Ylusch
759 1520 1004 1554 molendinator
1033 1520 1073 1554 de
1094 1520 1384 1555 Rebieschowicz.
1415 1519 1536 1553 Actum
1566 1524 1599 1554 ct
1627 1519 1736 1553 datum
1766 1523 1798 1554 in
1818 1523 2021 1555 monasterio

172 1579 407 1626 Raygradcnsi
437 1591 524 1614 anno
554 1580 675 1614 domini
705 1581 878 1615 millesimo
908 1584 1144 1615 trecentesimo
1173 1581 1427 1628 quadragesimo
1456 1584 1487 1614 in
1517 1580 1569 1614 dic
1597 1579 1683 1614 beati
1714 1580 1869 1626 Gregorij
1898 1592 1995 1628 pape.
2025 1580 2028 1585 '

481 1659 548 1692 (Das
573 1660 647 1695 Orig.
674 1660 720 1686 aus
741 1660 862 1694 Pergam.
888 1661 933 1686 mit
956 1660 1013 1686 drei
1037 1660 1149 1695 Sigillen
1173 1661 1207 1686 im
1231 1660 1348 1687 Arcliive
1371 1659 1512 1686 desselben
1537 1659 1686 1692 mosten-s)

1045 1781 1152 1817 264.

173 1858 286 1893 Kolda
314 1859 380 1892 und
399 1859 605 1902 Isatlaerina,
632 1859 754 1894 IVilzce
782 1859 842 1893 des
867 1859 1012 1894 Wsebor
1029 1871 1092 1893 ron
1114 1858 1372 1902 Klein-Senio,
1393 1859 1517 1892 ‹reis-en
1538 1858 1598 1891 der
1620 1858 1793 1892 Olmit'tz-er
1812 1857 2022 1893 Domlu‘rclaee

168 1920 226 1963 [αἰ·
253 1919 314 1953 den
346 1919 429 1953 Zius
457 1931 521 1953 con
548 1921 621 1953 tier
648 1920 750 1954 Mark
779 1921 811 1954 ιἰι
846 1920 1084 1954 Klein—Senie-
1112 1921 1239 1954 andere
1269 1920 1376 1954 (iliter
1408 1920 1441 1952 in
1478 1911 1605 1953 Caliow
1639 1931 1695 1953 an.
1751 1919 1810 1953 Dt.
1849 1919 2021 1961 olomucz„

778 1980 858 2014 Idus
887 1981 1010 2014 Martii
1041 1980 1122 2024 (15.
1153 1981 1273 2023 Mara)
1306 1979 1414 2014 1340.

327 2056 453 2110 Colda
481 2086 587 2122 nepos
617 2080 648 2109 et
676 2075 855 2110 Katherina
885 2077 1001 2110 relicta
1039 2076 1203 2123 quondam
1233 2074 1422 2110 Wsseborii
1456 2074 1496 2108 de
1531 2074 1814 2121 Paruo—Senycz
1844 2103 1851 2109 .
1883 2102 1890 2109 .
1920 2085 2023 2110 reco-

171 2140 338 2180 gnoscunt
359 2163 365 2170 .
389 2163 395 2170 .
418 2135 503 2182 quod
532 2147 605 2170 cum
635 2136 803 2182 predictus
832 2136 1051 2171 NVsseborius
1073 2165 1080 2171 .
1103 2164 1110 2171 .
1132 2141 1270 2183 quatuor
1298 2146 1427 2169 marcas
1458 2135 1580 2169 reditus
1610 2139 1641 2169 in
1670 2147 1772 2170 censu
1804 2164 1810 2170 .
1843 2163 1849 2170 .
1878 2135 2022 2170 Johanni

171 2195 312 2241 plebano
341 2199 372 2230 in
402 2196 615 2231 Ottaslawicz
644 2208 703 2243 pro
733 2197 877 2231 ccclesia
903 2197 1116 2232 Olomucensi
1145 2199 1346 2244 comparanti
1368 2223 1374 2229 .
1398 2223 1404 2229 .
1427 2196 1636 2230 vendidisset
1657 2224 1663 2230 .
1687 2224 1693 2230 .
1715 2208 1774 2242 pro
1803 2197 2021 2243 quadraginta

173 2255 274 2290 tribus
309 2259 430 2290 marcis
461 2284 467 2290 .
500 2284 506 2291 .
537 2256 669 2291 tandem
709 2268 782 2290 cum
826 2257 876 2291 liis
912 2269 971 2303 pro
1005 2258 1130 2292 eisdem
1172 2258 1266 2292 bonis
1300 2260 1330 2291 in
1369 2267 1472 2302 parvo
1508 2256 1641 2298 Sennea
1677 2260 1708 2291 in
1745 2258 1822 2292 villa
1858 2256 2019 2299 CzalmW‚

172 2321 311 2361 quatuor
339 2329 469 2352 marcas
497 2317 642 2351 redditus
671 2320 703 2351 in
732 2329 835 2352 censu
864 2318 1156 2363 (commutacionis
1187 2318 1293 2364 titulo)
1321 2319 1380 2363 ipsi
1409 2316 1552 2350 Jolinnni
1582 2322 1613 2350 ct
1641 2318 1786 2352 ecclesie
1807 2318 2019 2353 olomucensi

173 2379 383 2421 assignamus
415 2406 420 2412 .
453 2406 460 2412 .
490 2377 723 2412 Fideiussores
753 2383 827 2412 sunt
856 2379 989 2413 l'odobn
1019 2379 1059 2413 de
1088 2379 1343 2419 Drahanowic‘h,
1373 2376 1478 2411 Hinco
1508 2382 1539 2410 ct
1570 2377 1728 2412 Allwrtus
1757 2379 1798 2413 de
1824 2379 1962 2414 Bistricz
1985 2406 1991 2412 .
2011 2405 2018 2413 .

174 2436 295 2470 Datum
326 2438 485 2472 Oloinucz
514 2450 602 2473 anno
632 2439 751 2472 domini
782 2439 953 2474 millesimo
983 2443 1217 2474 trecentesimo
1245 2438 1499 2484 quadragesimo
1528 2438 1604 2472 Idus
1633 2438 1760 2474 Marcii.

481 2519 552 2547 (Ans
576 2518 635 2544 dem
660 2518 726 2544 (jod,
752 2518 783 2544 ll.
810 2518 826 2544 l'.
856 2518 902 2545 15.
927 2520 960 2545 im
985 2519 1100 2545 Archive
1126 2519 1173 2544 des
1198 2518 1331 2544 Olmulzei·
1355 2516 1538 2551 Donikapiicls
1563 2522 1732 2545 cntnomnien
1759 2519 1819 2544 Ant.
1845 2516 1976 2550 Boczek.)
