2184 2828
1058 108 1131 143 785

164 226 256 261 ribus
284 229 523 272 imperpetuum
561 229 656 260 annis
692 226 832 271 siugulis
869 227 1117 272 persoluentur.
1170 225 1207 260 In
1237 228 1331 260 cuius
1360 230 1408 261 rei
1437 231 1660 263 testiinonium
1689 235 1869 276 presentes
1898 231 2027 267 litteras

164 287 307 322 honesto
335 289 410 321 viro
438 285 531 320 fratri
558 286 718 322 Heinrico
747 287 890 334 plebano
919 287 983 321 loci
1012 286 1160 321 eiusdem
1190 286 1259 320 dari
1288 285 1442 331 fecimus,
1471 300 1531 335 pro
1561 292 1633 336 ipso
1663 294 1696 324 et
1730 294 1799 325 suis
1829 292 2027 327 Successo-

163 347 254 382 ribus
284 346 390 392 Sigilli
418 349 523 381 nostri
551 351 731 382 munimine
759 347 946 382 roboratas.
976 347 1096 382 Datum
1124 350 1157 381 in
1177 346 1341 381 Pustimir.
1372 347 1474 382 Anno
1503 349 1637 384 Domini
1656 349 1836 386 Millesimo
1866 352 2026 387 Trecen-

161 411 278 443 tesimo
307 407 446 449 Quarto.
476 407 520 442 X.
550 408 718 443 Kalendas
748 408 919 443 Februarii
948 408 1157 455 pontificatus
1184 410 1290 442 nostri
1319 419 1407 442 anno
1436 412 1552 455 primo.
1582 410 1786 446 Indiccionis
1816 412 1977 448 secunde.

474 487 563 521 (Nach
587 488 647 514 dem
673 488 748 522 Orig.
775 488 822 514 aus
842 488 1001 521 Pergament
1026 489 1071 514 mit
1099 488 1184 514 einem
1208 487 1285 513 stark
1309 487 1505 522 beschadigten
1531 490 1624 524 Sigille
1656 491 1690 516 im
1716 490 1834 517 Archive
1861 491 1908 518 der
1932 492 2019 518 Prae-

577 543 715 566 monstrat.
742 540 821 567 Abtei
847 549 887 566 am
912 540 1055 567 Strahowe
1079 548 1111 566 zu
1134 540 1211 574 Prag.
1236 539 1269 566 Α.
1295 539 1323 565 4.
1347 539 1458 572 XXIII.)

1038 712 1142 748 161.

159 801 275 845 Koniq
310 799 452 835 Wenzel
477 811 541 834 eon
570 799 723 834 Bohmen
752 799 917 845 bestdtiqt
945 800 1008 834 das
1035 799 1285 844 Buryerstatnt
1313 799 1374 833 der
1401 799 1493 834 Alt-
1521 800 1588 834 und
1615 800 1787 835 Xeastadt
1815 801 1922 846 Pmy,
1953 800 2020 835 be-

159 861 294 906 zilqlick
322 861 383 894 der
409 860 516 894 durch
543 861 686 895 Fremde
715 861 951 906 ez'nqefeikrten
978 860 1142 897 tisaaren.
1171 859 1232 894 Dt.
1263 860 1416 904 Brumae,
1445 860 1491 895 X.
1521 861 1669 895 Kalend.
1690 861 1787 896 ιΙιιηῖί
1816 861 1898 905 (23.
1919 862 2016 905 Mai)

1033 920 1145 955 1304.

314 998 405 1052 Ros
423 1016 653 1052 VVencezlaus
682 1017 735 1051 dei
763 1020 871 1063 gratia
902 1017 1060 1052 Boemiae
1090 1021 1123 1051 et
1141 1016 1301 1051 Poloniae
1329 1028 1392 1051 rex
1420 1021 1533 1051 notum
1562 1027 1640 1051 esse
1669 1017 1822 1051 volumus
1849 1020 2018 1052 universis

158 1082 310 1112 tenorem
339 1081 566 1124 praesentium
596 1078 767 1121 audituris‚
797 1078 882 1124 quod
919 1080 1119 1112 universitas
1148 1080 1270 1112 civium
1299 1082 1435 1112 nostrae
1468 1081 1623 1124 antiquae
1658 1080 1803 1112 civitatis
1834 1077 2017 1122 Pragensis

157 1149 223 1173 nec
251 1149 316 1173 non
346 1141 439 1172 cives
468 1149 579 1172 novae
608 1141 751 1173 civitatis
773 1138 953 1183 pragensis
983 1138 1044 1173 sub
1073 1142 1184 1172 castro
1212 1138 1368 1173 videntes
1397 1138 1485 1184 quod
1513 1140 1608 1184 ipsae
1637 1141 1793 1172 civitates
1822 1138 1920 1172 multa
1951 1138 2016 1172 de-

156 1202 310 1234 trimenta
339 1204 370 1234 et
398 1199 540 1245 dampna
569 1202 732 1245 recipiant
760 1203 792 1233 et
820 1201 998 1245 reciperint
1033 1211 1051 1233 a
1078 1198 1284 1245 temporibus
1312 1202 1487 1233 retroactis
1515 1203 1652 1246 propter
1680 1198 1828 1245 hospites
1858 1199 1898 1233 de
1937 1202 2016 1245 qui-

157 1260 353 1306 buscunque
385 1264 498 1304 terris‚
537 1271 596 1294 sua
631 1263 845 1294 mercimonia
881 1260 982 1305 ligata
1021 1263 1053 1293 et
1090 1270 1156 1293 non
1192 1259 1294 1305 ligata
1327 1262 1359 1294 in
1395 1260 1499 1294 dictas
1534 1262 1690 1293 civitates
1729 1259 1933 1293 adducentes
1973 1259 2014 1293 de

157 1326 273 1356 nostra
303 1321 439 1368 speciali
467 1324 574 1366 gratia
605 1326 636 1355 et
664 1320 784 1355 favore
812 1325 1006 1355 statuerunt.
1036 1325 1069 1354 ut
1099 1320 1363 1367 quandocunque
1393 1320 1469 1355 dicti
1507 1320 1656 1366 hospites
1685 1331 1759 1354 cum
1788 1323 1859 1354 suis
1887 1322 2015 1354 merci-

158 1385 278 1416 moniis
315 1382 355 1416 ad
391 1381 499 1416 dictas
534 1384 688 1415 civitates
717 1384 885 1423 venerint3
929 1385 960 1415 in
996 1383 1076 1427 ipsis
1118 1381 1307 1415 civitatibus
1347 1386 1435 1416 stare
1474 1381 1596 1415 debent
1635 1385 1668 1415 et
1701 1392 1762 1415 sua
1798 1383 2015 1415 mercimonia

157 1442 277 1477 ibidem
307 1442 476 1489 deponere
505 1443 559 1476 vel
588 1445 659 1488 ipsa
689 1441 868 1476 deducere.
899 1445 925 1475 si
955 1445 1003 1475 eis
1032 1442 1155 1488 placet3
1193 1446 1225 1475 et
1252 1445 1279 1476 si
1309 1445 1452 1488 quinque
1481 1442 1598 1476 diebus
1627 1444 1658 1476 in
1689 1442 1785 1476 dictis
1821 1441 2013 1475 civitatibus

158 1507 349 1546 manserinh
379 1508 457 1538 tunc
487 1503 609 1537 debent
637 1514 696 1536 sua
731 1505 946 1536 mercimonia
983 1502 1140 1547 disligare
1172 1514 1285 1537 coram
1313 1503 1441 1537 duobus
1474 1503 1586 1550 probis
1615 1505 1698 1537 viris
1727 1507 1759 1536 et
1787 1505 1929 1536 notario.
1960 1504 2014 1548 qui

158 1576 220 1612 per
248 1568 342 1599 cives
372 1564 412 1598 ad
441 1564 505 1598 hoc
533 1564 629 1598 electi
658 1563 790 1598 fuerint.
823 1568 855 1597 et
883 1568 961 1597 tunc
990 1563 1074 1597 dicta
1104 1566 1319 1598 mercimonia
1347 1564 1536 1598 nullatenus
1565 1563 1606 1598 de
1626 1563 1817 1597 civitatibus
1847 1562 2014 1596 deducere

158 1630 350 1667 teneantur3
382 1625 468 1670 quod
505 1627 531 1659 si
571 1635 637 1658 non
672 1624 841 1665 facerent,
885 1629 1012 1658 extunc
1050 1624 1090 1657 ad
1125 1625 1322 1658 solutionem
1356 1627 1452 1658 trium
1490 1635 1676 1658 marcarum
1711 1626 1842 1668 argenti
1880 1626 2015 1657 nomine

157 1697 290 1733 poenae
317 1689 390 1720 sine
419 1685 610 1720 difficultate
639 1684 785 1730 qualibet
813 1689 1002 1727 teneantur,
1033 1689 1065 1718 et
1093 1684 1325 1719 nichilominus
1354 1684 1512 1730 disligare
1541 1685 1628 1719 dicta
1663 1686 1879 1718 mercimonia
1909 1688 2014 1717 tene-

157 1746 280 1782 buntur
299 1746 359 1781 sub
379 1746 624 1781 conditionibus
645 1748 798 1792 superius
818 1748 1035 1792 praenotatis.
1060 1744 1142 1779 Item
1170 1750 1367 1789 statuerunt,
1392 1750 1426 1780 ut
1446 1745 1523 1780 dicti
1550 1743 1699 1792 hospites
1720 1756 1778 1779 sua
1800 1746 2014 1778 mercimonia

157 1819 225 1843 non
246 1808 390 1842 debeant
409 1811 441 1842 in
457 1811 528 1854 ipsa
549 1810 684 1842 civitate
707 1807 870 1851 Pragensi
889 1807 960 1840 aliis
979 1806 1163 1852 hospitibus
1182 1806 1344 1849 vendere,
1361 1806 1419 1840 sed
1441 1811 1564 1841 tantum
1586 1805 1813 1851 pragensibus
1828 1809 1859 1839 et
1875 1805 2012 1838 aliarum

159 1872 330 1904 civitatum
342 1873 532 1903 nostrarum
547 1868 587 1902 de
603 1868 739 1902 Boemia
752 1872 785 1902 et
798 1866 950 1901 Moravia
967 1866 1107 1910 civibus‚
1121 1869 1173 1912 qui
1183 1866 1340 1901 collectas
1357 1878 1435 1902 suas
1451 1871 1483 1901 et
1497 1868 1560 1901 alia
1571 1867 1650 1901 Jura
1668 1869 1838 1900 civitatum
1853 1864 1967 1899 facere
1983 1868 2015 1898 et

158 1931 340 1965 exsolvere
376 1933 658 1971 consweveruntg
687 1928 771 1974 quod
803 1932 831 1963 si
868 1939 932 1962 non
970 1927 1139 1971 facerent,
1174 1932 1299 1961 extunc
1334 1932 1399 1962 tam
1428 1927 1551 1974 hospes
1590 1927 1741 1962 vendens
1771 1937 1867 1971 quam
1897 1936 2013 1959 emens

160 2001 289 2036 poenae
309 1990 483 2035 subjaceat
510 1994 739 2036 praenotatae,
760 1992 803 2023 ita
833 1989 918 2035 quod
947 1988 1084 2033 quilibet
1112 1999 1227 2023 eorum
1257 1987 1296 2022 ad
1323 1989 1519 2023 solutionem
1550 1992 1645 2023 trium
1675 1997 1861 2021 marcarum
1882 1987 2014 2031 argenti

161 2053 234 2086 sine
261 2050 453 2086 difficultate
482 2051 627 2096 qualibet
662 2055 829 2093 teneatur,
860 2054 891 2083 et
926 2053 989 2083 tam
1029 2048 1176 2083 venditio
1211 2059 1307 2094 quam
1343 2051 1442 2084 emtio
1479 2051 1782 2090 mercimoniorum3
1813 2057 1898 2093 quae
1926 2045 2014 2080 facta

161 2122 240 2146 esse
268 2111 460 2155 dinoscitur„
489 2112 609 2146 nullius
638 2111 768 2146 roboris
798 2110 916 2145 habeat
944 2110 1143 2152 firmitatem,
1173 2113 1205 2143 et
1233 2112 1261 2142 si
1290 2120 1374 2143 unus
1403 2119 1518 2144 eorum
1548 2110 1740 2151 recesserit,
1780 2112 1811 2140 et
1840 2107 1923 2140 alter
1951 2117 2013 2140 re-

162 2175 339 2214 manserit‚
373 2173 458 2206 idem
487 2176 541 2218 qui
569 2175 784 2207 remanserit.
814 2182 955 2217 poenam
992 2170 1128 2204 solvere
1156 2170 1322 2204 tenebitur
1351 2170 1582 2217 dupplicatam.
1639 2169 1719 2203 Item
1749 2172 1952 2210 statuerunt,
1980 2172 2015 2200 ut

161 2233 295 2280 quilibet
324 2232 460 2279 hospes,
480 2237 649 2280 recipiens
678 2234 827 2279 hospites
856 2237 1037 2266 extraneos
1067 2231 1106 2265 ad
1137 2231 1313 2277 hospitium
1343 2241 1448 2274 suum,
1470 2230 1555 2277 apud
1585 2229 1722 2263 eosdem
1744 2228 1899 2274 hospites
1928 2239 2014 2262 nus-

161 2304 260 2339 quam
289 2292 389 2326 debet
416 2304 528 2328 emere
557 2295 664 2341 aliqua
700 2296 934 2334 mercimoniam
964 2296 995 2325 et
1026 2294 1054 2325 si
1081 2291 1204 2337 hospes
1234 2295 1297 2324 tam
1334 2302 1449 2325 emens
1478 2302 1573 2337 quam
1603 2289 1756 2323 vendens
1785 2299 1885 2322 secus
1915 2288 2015 2322 fece-

163 2358 239 2397 rint,
269 2358 391 2387 extunc
420 2354 552 2399 quilibet
579 2366 695 2389 eorum
725 2354 764 2388 ad
794 2354 991 2387 solutionem
1021 2363 1084 2386 sex
1113 2362 1298 2385 marcarum
1328 2355 1457 2396 argenti
1492 2353 1625 2385 nomine
1655 2360 1786 2396 poenae
1815 2352 1889 2383 sine
1925 2348 2016 2382 dilli-

163 2415 285 2449 cultate
319 2413 464 2459 qualibet
496 2418 662 2457 teneatur,
701 2420 733 2449 et
762 2413 993 2448 nichilominus
1027 2415 1149 2458 emptio
1184 2416 1215 2445 et
1249 2411 1416 2454 venditio„
1454 2422 1538 2457 quae
1583 2410 1670 2443 facta
1707 2420 1784 2444 esse
1821 2409 2013 2451 dinoscitur,

162 2475 283 2510 nullius
312 2474 442 2508 roboris
477 2473 597 2508 habeat
625 2475 828 2509 firmitatem.
859 2474 937 2508 ltem
967 2477 1170 2517 statuerunt„
1200 2472 1285 2518 quod
1322 2475 1617 2518 quotienscumque
1647 2470 1766 2516 aliquis
1803 2481 1846 2504 ex
1882 2469 2014 2504 civibus

164 2539 336 2582 utriusque
365 2537 507 2568 civitatis
527 2545 587 2580 pei·
614 2536 696 2570 duos
716 2539 806 2570 viros
835 2534 985 2569 idoneos.
1014 2534 1131 2579 quibus
1162 2533 1242 2567 sides
1264 2532 1410 2566 adhiberi
1431 2535 1561 2579 poterit.
1583 2531 1768 2577 inculpatus
1799 2531 1907 2573 suerit,
1930 2529 2014 2575 quod

164 2599 359 2630 societatem
390 2600 421 2629 in
460 2595 652 2629 venditione
689 2601 721 2630 et
754 2599 920 2642 emptione
951 2597 1238 2628 mercimoniorum
1270 2592 1418 2627 babuerit
1447 2604 1520 2626 cum
1557 2591 1740 2637 hospitibus
1769 2602 1870 2637 saepe
1908 2591 2017 2633 dictis,
