2184 2828
1021 97 1094 133 933

129 212 298 247 desalcare
333 223 466 246 necnon
503 218 534 247 et
567 216 594 248 si
632 225 712 248 casu
748 214 857 261 aliquo
890 215 1030 249 alterum
1064 214 1268 261 prefatorum
1304 217 1497 252 iudiciorum
1533 219 1586 253 vel
1620 220 1715 255 ambo
1743 221 1882 257 forsitan
1910 234 1976 258 non

127 273 276 307 obtinent
303 283 364 319 per
391 273 510 319 prefati
539 277 698 321 temporis
726 278 874 321 spacium
903 275 1118 322 possidenda,
1144 274 1198 309 De
1227 276 1356 311 cambio
1385 289 1469 312 vero
1497 282 1529 313 in
1558 278 1661 315 broda
1691 281 1845 317 Smilonis
1869 284 1978 318 taliter

124 332 336 379 presentibus
365 333 542 368 diffinimus
571 335 658 381 quod
686 338 713 369 si
741 335 907 369 cambium
935 339 1041 381 ipsum
1069 336 1110 370 ad
1142 341 1309 370 monetam
1338 342 1490 373 moravie
1517 344 1681 386 spectavit
1709 347 1742 376 et
1774 343 1978 379 debet.tunc

123 393 279 428 volumus
307 394 393 440 quod
422 394 499 429 dicti
529 399 677 441 magistri
705 399 811 442 ipsum
841 400 977 430 teneant
1005 401 1103 441 atque
1130 401 1252 441 regant
1280 396 1315 431 Si
1349 404 1521 434 non.tunc
1558 401 1597 435 ad
1634 405 1811 447 magistros
1843 411 1977 440 monete

121 452 283 488 Bohemie
310 455 463 489 volumus
482 459 663 501 pertinere,
684 455 839 501 Quitquid
866 459 973 491 eciam
1002 457 1044 490 de
1071 459 1167 503 penis
1186 468 1246 503 pro
1265 458 1372 504 culpis
1397 464 1429 493 et
1449 460 1648 496 excessibus
1673 467 1859 509 pretaxatis
1879 465 1975 500 dictis

123 518 292 560 magistris
319 520 450 550 monete
478 516 562 550 infra
590 520 811 563 prescriptum
844 521 973 563 tempus
1006 520 1146 551 evenire
1181 520 1542 563 contigerit.volu1nus
1569 522 1655 567 quod
1684 523 1779 558 nobis
1813 526 1977 561 medietas

122 578 194 609 eius
221 580 254 609 et
287 578 349 622 ipis
382 577 508 622 reliqna
541 577 639 611 cedat
673 577 831 612 medietas
860 577 1011 612 absolute
1045 582 1078 611 et
1113 577 1155 611 de
1183 577 1246 612 hoc
1275 584 1451 614 teneantur
1477 581 1572 616 nobis
1604 583 1745 618 reddere
1778 589 1967 622 racionem.

119 635 310 671 Inhibemns
337 639 444 671 eciam
473 638 558 683 quod
586 638 664 672 nulli
693 639 791 672 liceat
818 638 942 672 habere
970 638 1098 684 pondus
1126 642 1181 672 aut
1208 638 1323 673 libram
1356 640 1396 674 ad
1424 642 1673 686 ponderandum
1703 650 1876 691 argentum
1900 650 1974 682 sine

122 697 264 731 licencia
301 702 333 731 et
369 697 488 732 favore
523 702 757 743 magistrorum
777 703 910 733 monete
945 702 1029 733 sicut
1062 701 1178 744 viginti
1216 701 1410 735 talentorum
1450 713 1569 748 penam
1605 709 1792 751 cupiverint
1820 711 1966 743 evitare.

121 756 203 791 ltem
223 758 377 792 volumus
399 762 431 792 et
450 762 580 804 penitus
601 759 775 793 observari
794 759 945 794 iubemus
973 765 1007 794 ut
1035 771 1100 793 una
1128 771 1284 795 mensura
1314 761 1471 797 videlicet
1498 764 1573 798 ulna
1592 767 1723 812 pondus
1752 774 1783 802 et
1803 769 1865 803 alia
1886 780 1973 816 que—

120 817 199 852 libet
217 829 372 853 mensura
391 821 423 853 in
444 820 584 864 siugulis
600 819 700 854 rebus
716 831 780 866 que
801 819 900 854 vendi
916 819 1037 854 debent
1056 824 1088 854 et
1106 827 1355 856 consueverunt
1370 823 1410 857 ad
1424 835 1613 860 mensuram
1632 838 1691 872 per
1711 832 1813 863 totuin
1833 841 1974 875 regnum

119 883 268 913 nostrum
288 878 402 913 haberi
423 879 541 914 debeat
566 885 596 914 et
626 883 756 914 servari
776 885 806 914 et
827 881 913 927 quod
938 881 992 915 illa
1020 892 1174 916 mensura
1203 882 1364 917 habeatur
1391 888 1489 931 atque
1517 892 1670 921 servetur
1697 900 1793 934 quam
1823 895 1971 937 magistri

118 945 254 974 monete
280 951 353 974 cum
381 943 495 974 iuratis
525 941 674 975 Civitatis
702 942 847 975 dixerint
879 942 1088 976 statuendum
1119 942 1154 977 Si
1182 953 1265 978 vero
1286 944 1402 990 aliquis
1428 948 1583 981 inventus
1613 948 1709 983 fuerit
1734 951 1796 985 alia
1816 963 1973 987 mensura

119 1003 163 1034 uti
196 1012 294 1047 quam
322 1000 374 1034 illa
404 1012 467 1046 que
493 1012 552 1047 per
585 1005 765 1047 magistros
802 1007 936 1036 monete
964 1007 1081 1037 statuta
1110 1003 1332 1051 fuerit.quam
1352 1004 1470 1040 salsam
1490 1008 1644 1043 volumus
1663 1015 1808 1057 reputari
1827 1013 1922 1048 nobis
1940 1016 1974 1048 in

116 1063 235 1105 viginti
272 1061 401 1095 talentis
436 1062 647 1096 denariorum
685 1064 838 1097 volumus
872 1063 1120 1109 condempnari.
1159 1063 1240 1098 Item
1269 1065 1354 1110 quod
1385 1065 1468 1100 absit
1496 1078 1618 1112 guerra
1653 1072 1685 1104 in
1714 1082 1821 1117 regno
1856 1079 1972 1110 nostro

117 1126 234 1155 exorta
267 1121 365 1156 suerit
392 1122 479 1156 unde
513 1127 645 1156 monete
672 1127 787 1157 nostre
815 1124 940 1157 lucrum
968 1123 1140 1158 tolleretur
1168 1135 1265 1171 supra
1291 1131 1606 1173 compensacionem
1627 1130 1758 1177 dampni
1784 1132 1972 1170 huiusmodi

115 1185 331 1228 permittimus
351 1182 438 1229 quod
466 1187 621 1228 quantum
648 1183 767 1217 hiidem
788 1187 937 1229 magistri
965 1189 1098 1218 monete
1117 1185 1259 1231 probare
1278 1191 1431 1232 poterunt
1450 1188 1625 1236 dampnum
1650 1197 1830 1229 occasione
1848 1206 1973 1240 guerre

114 1254 152 1277 se
176 1246 346 1289 recepisse
372 1246 455 1290 ipsis
484 1244 644 1278 faciemus
673 1248 820 1289 graciam
854 1245 1207 1290 competentem.ltem
1236 1247 1388 1282 volumus
1416 1250 1502 1294 quod
1532 1254 1560 1284 si
1588 1255 1659 1297 quis
1689 1265 1733 1288 ex
1761 1254 1823 1289 biis
1853 1256 1970 1302 quibus

112 1305 221 1338 locata
249 1308 325 1338 sunt
350 1303 550 1338 ferramenta
579 1316 638 1350 per
666 1308 844 1350 magistros
874 1311 1006 1340 monete
1041 1305 1269 1352 deprehensus
1287 1307 1385 1343 suerit
1404 1321 1478 1343 cum
1506 1310 1600 1346 salsis
1631 1313 1775 1349 denariis
1803 1316 1857 1350 vel
1885 1316 1971 1353 falso

114 1368 254 1410 argento
281 1367 355 1411 ipse
383 1368 437 1410 qui
465 1365 693 1411 deprehensus
722 1366 819 1400 fuerit
845 1366 941 1400 debet
962 1378 1021 1413 pro
1047 1367 1162 1400 eadem
1188 1367 1329 1403 salsitate
1349 1372 1512 1416 pecuniali
1531 1383 1619 1418 pena
1637 1377 1745 1420 puniri
1765 1380 1797 1410 et
1815 1380 1967 1422 magistri

112 1429 247 1460 monete
273 1424 373 1459 nichil
409 1425 485 1459 inde
514 1426 646 1471 dampni
674 1426 729 1460 vel
757 1429 912 1473 vituperii
941 1427 995 1461 vel
1023 1427 1186 1473 dispendii
1206 1430 1473 1474 pacientur.ltem
1502 1433 1715 1478 prohibemus
1743 1437 1828 1482 quod
1858 1439 1967 1473 nullus

112 1485 254 1520 iudicum
282 1485 343 1520 sibi
371 1488 452 1520 iuris
480 1490 617 1532 usurpet
644 1486 764 1532 aliquid
784 1489 816 1520 in
837 1488 1055 1522 moneta.sed
1077 1490 1105 1522 si
1125 1488 1242 1533 aliquis
1262 1495 1376 1525 eontra
1396 1496 1574 1537 magistros
1592 1501 1725 1530 monete
1744 1498 1799 1531 vel
1819 1498 1970 1534 subditos

111 1557 226 1580 eorum
254 1546 374 1592 aliquid
402 1545 553 1580 habuerit
576 1550 759 1592 questionis
779 1547 842 1581 hoc
862 1559 974 1582 corani
995 1548 1186 1584 Camerario
1214 1555 1310 1596 regni
1340 1552 1394 1586 vel
1415 1564 1527 1588 coram
1548 1558 1629 1601 ipsis
1648 1560 1815 1603 magistris
1836 1564 1968 1594 monete

111 1610 138 1641 si
167 1607 351 1652 querelanti
370 1608 531 1653 placuerit
551 1607 732 1642 secundum
752 1611 834 1642 iuris
863 1609 1012 1643 ordinem
1033 1616 1265 1656 prosequatur.
1295 1611 1376 1646 Item
1405 1614 1491 1659 quod
1520 1615 1563 1649 illi
1592 1620 1644 1663 qui
1674 1617 1795 1653 liabent
1824 1619 1967 1656 fabricas

110 1672 244 1702 monete
271 1670 304 1702 in
324 1678 520 1714 quacunque
540 1671 675 1702 civitate
695 1673 726 1702 et
745 1673 917 1703 monetarii
939 1681 1052 1704 eorum
1080 1682 1147 1705 non
1178 1677 1353 1707 teneantur
1382 1672 1520 1710 fundere
1552 1682 1724 1722 argentum
1753 1680 1839 1724 quod
1859 1680 1967 1715 sabri-

108 1739 187 1762 care
225 1727 437 1763 debent.nisi
466 1740 578 1762 coram
606 1729 835 1775 provisoribus
864 1735 998 1764 monete
1027 1737 1058 1765 et
1087 1742 1153 1765 non
1183 1733 1265 1766 alias
1294 1734 1380 1779 quod
1409 1738 1436 1769 si
1464 1736 1580 1771 forsan
1609 1738 1689 1772 alias
1717 1751 1814 1785 quam
1851 1752 1965 1776 coram

112 1793 246 1823 monete
279 1789 509 1835 provisoribus
543 1794 716 1834 argentum
753 1790 895 1824 fuderint
925 1791 1172 1834 (fabricandum
1201 1794 1356 1828 denarios
1385 1799 1438 1841 qui
1467 1808 1511 1831 ex
1540 1798 1594 1832 illo
1624 1805 1763 1844 argento
1791 1801 1869 1835 lient
1901 1813 1964 1848 pro

112 1847 205 1884 falsis
238 1850 393 1884 volumus
427 1853 573 1896 reputari
603 1855 633 1883 et
662 1850 803 1884 detineri
832 1851 968 1885 eosdem
997 1855 1050 1898 qui
1081 1853 1241 1898 fuderint)
1271 1866 1310 1889 ac
1337 1859 1370 1890 in
1400 1860 1517 1901 viginti
1548 1860 1679 1894 talentis
1707 1863 1842 1907 insuper
1870 1873 1962 1897 con-

108 1908 290 1956 dempnari.
319 1910 443 1945 Harum
473 1922 554 1945 vero
592 1922 751 1957 penarum
776 1911 857 1946 duas
886 1917 997 1958 partes
1026 1917 1193 1959 magistris
1222 1920 1355 1950 monete
1382 1918 1504 1952 cedere
1532 1920 1686 1955 volumus
1715 1925 1850 1956 terciam
1879 1934 1963 1958 vero

104 1968 212 2005 nobis.
241 1970 361 2006 Datum
387 1971 495 2017 Prage
524 1976 681 2006 etcetera.

977 2087 1084 2122 393.

110 2141 360 2190 Ueberlassunq
387 2146 448 2179 der
476 2146 599 2180 Mala-e
629 2146 695 2179 und
721 2146 781 2180 der
811 2146 1128 2193 Steuerez'uleebmzy
1158 2151 1188 2183 ῖη
1219 2151 1279 2184 der
1308 2150 1466 2186 Brimner
1502 2154 1650 2188 Procz‘nz-
1687 2167 1748 2190 au.
1767 2183 1774 2191 .
1793 2183 1800 2190 .
1819 2157 1878 2191 .0.
1908 2157 1954 2192 D.

904 2208 941 2241 O.
974 2209 1039 2242 mul
1066 2209 1166 2244 Jalcr.

255 2251 421 2318 Dignum
450 2280 483 2310 et
512 2279 631 2310 iustum
660 2280 711 2310 est
740 2281 771 2310 et
801 2281 1065 2312 consentaneum
1095 2282 1220 2313 racioni
1249 2285 1283 2314 ut
1312 2281 1373 2316 hiis
1394 2294 1475 2329 quos
1496 2283 1577 2318 lides
1597 2285 1758 2331 approbat
1777 2291 1808 2321 et
1828 2299 1955 2334 appro-

102 2331 231 2366 bandos
252 2331 402 2377 legalitas
425 2338 557 2370 sincera
578 2337 821 2371 demonstratur
845 2348 965 2372 secure
981 2339 1091 2373 officia
1111 2343 1308 2376 comitantur
1328 2342 1407 2377 Inde
1428 2348 1476 2378 est
1496 2344 1583 2389 quod
1602 2355 1676 2379 cum
1693 2347 1764 2381 talis
1783 2347 1841 2382 de.
1861 2349 1953 2382 ‚loco

104 2393 145 2426 de
180 2392 244 2426 side
279 2397 311 2427 et
340 2394 506 2439 legalitate
534 2400 574 2431 sit
606 2397 702 2431 nobis
735 2398 857 2443 pluries
887 2402 919 2432 et
955 2410 972 2432 a
1009 2399 1155 2445 pluribus
1185 2404 1443 2438 commendatus.
1475 2404 1582 2438 eidem
1611 2405 1721 2441 officia
1749 2411 1952 2454 provisionis

103 2458 236 2487 monete
255 2458 287 2487 et
307 2457 435 2488 notarie
454 2460 564 2492 steure
584 2470 644 2504 per
663 2458 870 2492 Brunensem
891 2462 1096 2504 provinciam
1117 2461 1271 2496 duximus
1291 2465 1567 2509 committendam,
1589 2471 1622 2500 ut
1641 2470 1712 2513 ipse
1731 2468 1804 2503 loco
1825 2473 1855 2502 et
1876 2472 1952 2503 vice

101 2516 205 2547 nostri
235 2519 368 2548 monete
397 2517 571 2561 provideat
599 2524 631 2553 et
660 2518 803 2553 cilicium
831 2522 959 2553 notarie
991 2519 1172 2556 Brunensis
1201 2530 1340 2569 peragat
1367 2530 1400 2559 ut
1429 2525 1525 2559 decet
1545 2530 1579 2560 et
1602 2528 1739 2574 expedit
1758 2533 1789 2562 et
1813 2528 1950 2562 obven-

100 2577 216 2608 ciones
245 2586 308 2620 que
337 2586 381 2609 ex
409 2578 490 2621 ipsis
518 2583 735 2624 provenerint
765 2579 859 2614 nobis
889 2585 1051 2627 tamquam
1081 2582 1185 2618 fidelis
1214 2589 1246 2618 et
1274 2586 1390 2630 legalis
1417 2590 1529 2621 noster
1556 2590 1700 2623 vicarius
1728 2593 1951 2635 representet.

1749 2650 1807 2677 118
