2184 2828
109 234 299 266 monasterii
319 234 351 265 in
370 228 639 276 possessionibus
660 233 691 262 et
710 231 806 263 metis
830 230 927 273 juxta
963 227 1142 263 eorundem
1171 232 1321 261 tenorem
1350 228 1503 262 studeant
1527 233 1594 262 toto
1614 239 1713 273 posse
1733 233 1765 263 et
1785 228 1959 272 diligencia

108 302 326 326 conservare.
355 290 475 324 Actum
504 291 537 324 in
565 292 742 335 presencia
771 289 911 323 fidelmm
941 293 1125 323 nostrorum
1156 287 1348 322 dilectorum
1379 288 1543 323 Russonis
1572 288 1612 323 de
1640 288 1753 322 Luticz
1782 288 1962 322 subcame-

108 355 202 395 rarii,
231 351 332 385 Ulrici
353 349 521 395 Pssugonis
549 354 582 384 et
601 349 764 383 Herbordi
793 352 910 383 notarii
939 354 1051 384 nostre
1078 360 1222 382 camere.
1252 348 1371 382 Datum
1392 348 1500 394 Prage
1529 360 1615 383 anno
1643 349 1764 383 domini
1786 349 1961 383 Millesimo

108 414 341 446 trecentesimo
368 410 624 457 quadragesimo
644 413 761 456 primo,
792 409 886 444 VIIIO
914 410 1081 444 Kalendas
1111 409 1327 455 Septembris.

415 490 499 521 (Nacb
525 490 600 515 einer
623 488 760 515 Abscbrist
784 490 817 515 im
842 489 868 515 k.
894 489 983 515 bolnn.
1007 489 1123 515 Museum
1148 496 1196 514 aus
1221 488 1279 514 dem
1305 488 1379 522 Orig.
1405 488 1453 514 des
1478 488 1713 514 Klosterarcliives
1738 497 1768 514 zu
1793 489 1882 523 Tepl.)

982 609 1088 644 350.

251 660 392 724 Konig
427 678 560 713 Johann
598 689 665 713 von
694 678 843 712 Bobmen
881 678 1056 724 iibergiebt
1087 678 1161 712 dem
1198 678 1333 712 Kloster
1361 678 1444 724 Tepl
1475 678 1535 711 das
1565 689 1630 711 von
1660 678 1800 724 Hoyger
1827 677 1962 723 [Opi-2²⁷)

106 751 173 774 von
202 740 381 785 Kornberg
416 739 577 785 gekaufte
612 739 750 773 Schloss
785 739 964 784 Kornberg
1000 742 1057 773 mit
1091 739 1185 773 allem
1214 738 1372 783 Zugelior
1402 738 1464 772 und
1496 738 1623 772 foi-(lert
1651 739 1712 772 (len
1743 738 1961 783 illarkgrasen

106 801 185 835 Karl
212 801 278 836 und
306 801 369 835 alle
397 804 490 835 seine
509 799 714 845 Nachfolger
741 799 815 842 auf,
844 800 952 834 indem
983 811 1019 833 er
1047 799 1197 844 zugleicb
1227 799 1310 832 allen
1345 798 1469 843 konigl.
1500 798 1788 833 Landesbeamten
1818 800 1963 833 belieblt.

106 862 184 897 dass
212 865 261 897 sie
289 862 353 896 den
382 861 450 896 Abt
478 861 543 895 und
572 861 637 895 den
665 860 821 895 Konvent
851 861 908 894 des
937 865 1128 905 genannten
1156 859 1308 894 Klosters
1338 862 1368 893 in
1399 860 1471 893 dem
1502 859 1634 893 Besitze
1664 859 1840 893 desselben
1872 861 1961 893 1111-111

105 928 229 957 storen.
285 922 338 957 Dt.
369 922 490 967 Frage,
521 921 616 956 VlIlO
644 921 812 956 Kalendas
842 921 1048 967 Septembris
1077 920 1154 965 (26.
1186 920 1335 965 August)
1367 920 1476 954 1341.

414 1002 499 1031 (ΝΜ-11
523 1002 598 1027 einer
623 1001 760 1027 Absebrist
785 1001 832 1026 des
858 1001 883 1026 k.
909 1001 998 1026 lmlnn.
1024 1000 1156 1026 Musemns
1181 1008 1228 1025 aus
1252 999 1311 1025 dem
1337 998 1411 1031 Orien
1438 999 1582 1024 desselben
1608 999 1756 1030 mosten-s)

981 1120 1085 1155 351.

250 1172 377 1238 Karl,
407 1190 583 1236 Markgraf
608 1202 673 1225 von
702 1189 865 1227 Mahren,
895 1189 1011 1223 befreit
1040 1189 1098 1223 auf
1123 1189 1208 1223 Bitte
1236 1188 1294 1223 des
1323 1189 1452 1234 Konigs
1482 1188 1627 1222 Kasimir
1655 1200 1721 1222 von
1755 1189 1855 1222 Polen
1888 1189 1962 1222 (lem

107 1252 238 1286 Kloster
266 1252 467 1297 Konigssaal
496 1255 589 1286 seine
619 1252 861 1296 Besitzungem
892 1250 1031 1284 namlicb
1062 1250 1113 1283 die
1142 1250 1233 1294 Burg
1261 1249 1479 1296 Landesperg
1507 1250 1571 1283 und
1601 1249 1653 1283 die
1683 1249 1779 1283 Stadt
1807 1249 1963 1283 Laudes-

106 1324 187 1347 cron
222 1313 285 1347 und
320 1312 493 1347 widerruf‘t
527 1313 580 1346 die
608 1324 674 1346 von
712 1315 838 1346 seinem
874 1311 977 1345 Vater
1011 1310 1174 1345 bewirkte
1208 1310 1469 1356 Verausserung
1504 1311 1562 1344 der
1590 1310 1711 1345 Dorfer
1746 1310 1855 1344 Banes
1895 1311 1957 1343 und

106 1373 196 1408 Bela.
252 1373 305 1408 Dt.
336 1373 454 1417 Frage,
484 1373 536 1407 die
565 1373 618 1408 bb.
649 1372 771 1407 Felicis
801 1377 833 1406 et
862 1372 1005 1406 Atlaucli
1035 1376 1128 1405 mart.
1158 1371 1235 1417 [30.
1265 1372 1417 1417 August)
1451 1371 1558 1405 1341.

417 1453 544 1485 ‹i‘alaclq-
570 1453 636 1478 uber
661 1452 879 1478 Formelbneben
907 1450 975 1478 243.
1001 1451 1116 1477 Bolimer
1140 1451 1209 1477 Add.
1234 1451 1266 1477 ll.
1293 1452 1320 1478 S.
1347 1450 1407 1476 344
1433 1460 1457 1476 n.
1486 1450 1551 1481 4¹.)

983 1579 1090 1615 35⁶2.

108 1654 246 1698 Herzog]
266 1652 434 1686 Nikolaus
452 1663 516 1685 ron
541 1651 700 1696 Troplmu
720 1650 860 1684 schenkl
880 1650 950 1683 (lem
972 1649 1108 1693 Spitale
1127 1649 1186 1682 des
1214 1649 1244 1683 Ιι.
1267 1649 1436 1683 Nih-olaus
1457 1650 1519 1682 das
1546 1651 1589 1682 *im
1619 1649 1730 1693 Dorfe
1756 1650 1964 1683 Ise'lezowicz-

298 1713 462 1757 ⁴qeleyene
490 1712 672 1746 Allozle'etm.
729 1711 788 1745 Dt.
823 1711 994 1755 Omna-im.¹
1024 1711 1078 1758 (Ιίἐ
1106 1709 1136 1743 b.
1170 1709 1287 1754 Eqidz'z?
1316 1710 1371 1751 (1.
1403 1710 1624 1754 Sestlembety
1658 1710 1769 1744 1341.

262 1789 351 1842 'Ros
384 1807 540 1842 Nicolaus
578 1807 641 1841 Dei
676 1806 798 1840 Gracia
835 1805 1072 1852 Oppawiensis
1107 1809 1140 1838 et
1179 1805 1373 1839 Rathiborie
1409 1805 1474 1839 dux
1512 1804 1673 1839 Omnibus
1711 1809 1740 1838 111
1770 1809 1963 1851 perpetuum

108 1872 378 1915 perueniencium
407 1868 492 1913 (sic)
521 1879 597 1902 esse
625 1879 802 1901 censemus
831 1871 863 1901 et
892 1876 1074 1900 consonum
1104 1869 1229 1900 racioni
1258 1866 1296 1899 ad
1327 1867 1440 1900 salutis
1469 1877 1601 1911 quoque
1631 1870 1843 1910 augmentum
1866 1864 1960 1898 nobis

109 1935 141 1963 et
169 1930 207 1964 ad
237 1935 353 1963 eterne
382 1932 449 1963 vite
478 1929 599 1973 gaudia
637 1931 815 1974 pervenire
850 1933 884 1961 111
913 1938 950 1960 ea
981 1938 1052 1972 quae
1086 1926 1126 1960 ad
1156 1929 1322 1960 memoriae
1351 1938 1452 1972 opera
1482 1930 1706 1960 instauramus
1736 1931 1767 1959 et
1797 1926 1960 1971 multipli-

108 1993 255 2024 cacionis
275 1992 557 2024 sustentacionem
579 1990 773 2023 devotarum
803 1998 1017 2034 personarum
1047 1998 1087 2020 ac
1117 1998 1298 2033 pauperum
1320 1987 1439 2021 Christi
1470 1991 1500 2021 in
1531 1999 1668 2032 quorum
1691 1987 1760 2033 Spe
1781 1987 1832 2029 (2²)
1856 1989 1961 2031 ipsum

110 2050 271 2084 Christum
299 2055 474 2084 sustenere
503 2054 535 2084 et
562 2050 681 2083 fovere
710 2050 860 2083 videmus
888 2053 1084 2093 a=ternzeque
1118 2048 1232 2091 gloriae
1268 2049 1423 2082 annulum
1453 2048 1671 2094 multiplicare
1700 2051 1731 2081 in
1760 2051 1961 2091 augmenta-

109 2110 260 2144 cionibus
282 2138 288 2143 .
311 2137 317 2144 .
339 2111 588 2144 evidentissime
608 2111 774 2144 credimus
801 2114 832 2143 et
857 2120 1040 2155 speramus.
1097 2108 1284 2153 Eapropter
1312 2109 1350 2142 ad
1381 2111 1613 2142 vniuersorum
1635 2110 1789 2141 noticiam
1810 2107 1963 2140 volumus

112 2174 290 2217 pervenire
317 2167 508 2216 cupientes.
539 2171 690 2216 hospitali
722 2173 829 2204 sancti
850 2169 976 2203 Nic-olai
1006 2179 1063 2214 pre
1089 2168 1215 2202 foribus
1237 2168 1386 2203 Civitatis
1416 2174 1537 2203 nosti-:e
1559 2169 1730 2214 Oppawiae
1750 2179 1822 2212 quw
1842 2172 1963 2201 nosti-:1¹

112 2232 319 2265 fundacionis
348 2234 539 2277 principium
569 2242 646 2265 esse
674 2231 805 2282 uidetur
833 2235 864 2264 et
892 2230 1068 2273 benignum
1091 2233 1238 2262 nostrum
1268 2229 1417 2263 allectum
1439 2233 1611 2275 respicere
1632 2228 1963 2272 augmentacionibus

111 2297 142 2326 et
171 2294 384 2325 incrementis
412 2296 445 2325 ut
473 2302 513 2325 eo
543 2292 659 2325 melius
697 2296 730 2325 et
763 2293 951 2337 protensius
989 2290 1099 2322 diuino
1128 2292 1273 2323 seruicio
1301 2294 1333 2323 et
1362 2294 1626 2324 sustentamento
1656 2299 1836 2334 pauperum
1867 2288 1963 2322 intir-

112 2363 237 2387 morum
272 2351 349 2385 inibi
383 2352 580 2396 degencium
616 2352 815 2398 provideant
858 2355 1070 2396 imposterum
1112 2350 1325 2383 effectuosius
1364 2350 1551 2396 prouidere.
1608 2349 1774 2383 Allodium
1815 2354 1961 2383 nosti-nm

113 2413 231 2446 dudum
261 2422 453 2458 possessum
483 2417 515 2445 et
543 2413 648 2446 adbuc
677 2412 716 2446 ad
746 2417 893 2458 tempora
915 2414 990 2444 vita*
1011 2422 1071 2456 per
1090 2410 1283 2453 Magistrum
1307 2410 1516 2444 Waltlicrmn
1546 2414 1696 2442 nostrum
1725 2409 1887 2442 medicum
1907 2437 1912 2442 .
1932 2437 1960 2443 ..

113 2473 240 2507 fidelem
279 2477 309 2506 et
346 2475 477 2505 sincere
514 2472 666 2506 dilectum
704 2472 936 2518 possidendum
974 2474 1004 2504 in
1041 2471 1115 2504 villa
1146 2470 1343 2515 Kylezowiz
1373 2476 1448 2504 ante
1479 2469 1667 2515 pretirbium
1697 2469 1782 2503 dicte
1812 2470 1962 2503 Civitatis

114 2533 286 2579 Oppawiae
315 2536 464 2566 situatam
494 2543 567 2566 cum
595 2533 746 2567 omnibus
775 2534 988 2579 pertinenciis
1018 2535 1049 2564 et
1077 2531 1249 2576 appendijs
1269 2534 1337 2564 suis
1367 2534 1396 2564 in
1427 2530 1686 2576 quibuscumque
1714 2530 1814 2564 rebus
1843 2534 1961 2564 eonsi-

114 2598 217 2627 stant.
247 2598 300 2627 aut
321 2604 529 2638 quocumque
549 2596 680 2627 nomine
701 2594 911 2627 Censeantm·
932 2597 1025 2638 prout
1055 2592 1158 2625 dictus
1180 2590 1340 2635 Magister
1359 2591 1555 2624 Waltberus
1576 2591 1773 2625 antedictum
1795 2591 1959 2625 Allodimn

1800 2650 1859 2678 32ss
