2184 2828
1082 136 1185 191 518Π
1207 190 1213 191 7
1252 190 1255 191 ⁷

201 254 347 289 secunde
375 254 481 288 littere
510 259 603 287 tenor
633 256 662 286 in
692 253 753 287 bec
782 253 885 287 verba
917 281 922 286 .
955 281 961 286 .
993 252 1060 286 Nos
1088 252 1314 286 VVeneezlans
1343 252 1395 285 dei
1423 256 1535 297 gracia
1564 253 1701 287 Boemie
1729 258 1759 287 et
1790 253 1922 286 Polonie
1943 253 2030 295 Rex,

202 314 321 348 Notum
356 314 493 347 facimus
527 317 693 347 xiiiucrsis
730 318 902 359 presentes
933 313 1056 345 litteras
1086 315 1299 357 inspecturi&
1330 312 1423 353 Quod
1458 313 1561 347 felicis
1595 314 1841 347 recordacionis
1871 313 2031 346 Dominus

201 374 446 413 lVencezlans,
479 374 612 406 Bocmic
642 379 673 406 ct
704 373 837 407 l‘olonie
867 374 957 408 Rex.
992 377 1084 417 pater
1118 377 1232 405 noster
1264 372 1472 415 karissimus,
1507 373 1589 407 Olim
1627 374 1789 406 Judicium
1829 377 1858 406 in
1893 374 2032 406 Ciuitate

200 434 387 467 Brunnensi
426 438 458 466 ct
490 433 607 466 Villam
638 434 874 467 Twarossnicz
903 444 974 466 cum
1004 432 1136 465 dni-ibus
1169 437 1200 465 ct
1229 436 1454 477 pcrtincnciis,
1488 434 1527 466 ad
1556 434 1640 467 idem
1669 434 1832 467 Judicinm
1862 438 1893 466 ct
1921 433 2031 468 villam

200 497 302 539 ipsam
341 493 566 539 spectantibus
602 493 812 526 Wernbardo
848 494 988 526 Institori
1023 493 1092 525 sini
1135 492 1317 526 l3rnnnensi
1360 493 1519 533 vendidit,
1563 505 1621 538 pro
1660 497 1873 537 noningentis
1914 495 2032 527 marcis

200 565 393 598 grossorum
414 553 622 587 denariorum
646 554 858 597 l'ragcnsimn
880 553 918 585 ad
942 553 1067 597 pondus
1088 552 1289 586 Min·aiiiciiiii
1312 553 1492 598 Sexaginta
1514 559 1652 599 quatuor
1677 564 1815 597 grossos
1843 565 1900 598 pro
1922 564 2031 586 marea

200 613 341 659 qualibet
376 614 595 658 computando
628 625 687 658 per
725 618 827 659 ipsum
866 612 1109 646 Wcrnliardnm
1146 640 1152 646 .
1188 617 1218 645 et
1259 613 1398 647 heredes
1432 624 1509 647 suos
1549 613 1628 646 Jure
1664 613 1861 646 hereditario
1905 617 2032 658 imper-

198 679 328 719 pctunm
363 673 571 719 possidenda.
628 674 698 707 Tali
734 674 929 706 condicione
964 673 1109 709 adiecta„
1145 673 1230 717 qnod
1265 676 1325 718 ipsi
1362 676 1444 719 patri
1481 678 1595 707 nostro
1632 673 1671 707 ab
1714 677 1783 718 ipso
1819 673 2033 706 Wernhardo

199 734 250 766 uel
280 733 455 766 heredibus
484 737 551 767 suis
582 735 747 779 predictis.
779 735 892 766 liccrct
921 744 1070 765 rccmcre
1100 744 1157 777 pro
1188 733 1406 776 Noningentis
1436 737 1554 767 marcis
1582 733 1791 766 denariorum
1821 738 1852 766 et
1874 733 2033 766 l'onderis

199 793 417 838 predictorum
451 794 613 826 Judiciuni
651 799 682 827 et
718 794 824 826 villam
861 793 1053 838 predictam.
1111 794 1202 833 Quas
1237 794 1364 838 quidem
1400 793 1630 837 Noningentas
1660 805 1806 835 marcas,
1842 796 1913 838 ipse
1942 798 2034 838 pater

199 858 312 886 noster
341 865 357 886 a
388 853 600 887 Wernliardo
631 854 778 899 predicto
809 854 918 886 babuit
947 858 978 886 ct
1008 856 1143 898 recepit„
1176 854 1268 886 Sicut
1298 853 1357 886 lice
1387 856 1495 886 onmia
1527 857 1555 886 in
1587 853 1773 897 Priuilcgijs
1803 857 1904 898 ipsius
1934 856 2033 898 patris

198 917 299 947 nostri
336 914 475 947 vidimus
511 917 690 951 contineri,
729 914 903 946 Acccdcns
941 918 1049 946 antem
1085 913 1124 946 ad
1154 925 1212 946 nos
1242 913 1446 958 postmodum
1482 913 1585 947 tidelis
1621 918 1734 947 noster
1762 913 1898 946 dilectus
1928 912 2032 946 [linco

197 973 237 1006 de
267 973 371 1017 Duba,
401 974 580 1017 Pragensis
604 974 822 1007 Pul-clirauius
847 974 1008 1006 humiliter
1036 977 1148 1019 petiuit
1180 985 1196 1006 a
1227 973 1330 1006 nobis.
1361 979 1395 1007 vt
1423 973 1495 1007 sibi.
1525 974 1608 1019 qnod
1639 974 1756 1007 dictam
1787 974 1896 1007 villam
1926 973 2031 1006 Twa-

196 1037 345 1067 rossnicz
374 1045 486 1067 emere
515 1046 531 1066 a
563 1034 650 1067 dieto
680 1034 892 1067 U'ernliardo
923 1035 1035 1066 l'aucrc
1065 1034 1148 1074 (sic)
1178 1033 1217 1067 de
1247 1039 1357 1067 nostra
1388 1034 1608 1078 dignaremur.
1651 1034 1784 1079 Nosque
1814 1036 1916 1079 ipsius
1947 1033 2033 1066 Hin-

197 1097 290 1127 eonis
318 1098 453 1139 propter
482 1094 578 1126 multa
608 1081 718 1138 grata..
744 1099 773 1127 et
803 1095 904 1138 vtilian
935 1105 972 1127 ac
1002 1099 1139 1139 accepta
1169 1097 1240 1127 eius
1270 1097 1424 1128 seruicia.
1455 1105 1513 1139 per
1541 1105 1613 1127 eum
1644 1094 1729 1126 dicto
1759 1097 1839 1139 patri
1868 1098 1980 1127 nostro
2001 1098 2034 1127 et

197 1154 291 1187 nobis
327 1154 487 1190 exhibita*
526 1154 828 1199 supplicacionilms
863 1157 891 1187 in
929 1154 989 1187 liae
1028 1159 1120 1199 pai-te
1156 1154 1380 1187 fauorabiliter-
1414 1155 1575 1195 inclinati,
1610 1157 1672 1199 ipsi
1710 1154 1851 1187 llinconi
1886 1157 2033 1198 gratiose

197 1213 335 1248 sauimus
368 1218 400 1247 et
435 1217 658 1259 permisimus„
693 1215 778 1258 quod
817 1226 833 1247 a
867 1214 1078 1247 Wcrnliardo
1108 1215 1254 1259 predicto
1284 1215 1393 1248 villam
1426 1217 1502 1247 emit
1536 1214 1674 1247 eandem
1708 1214 1748 1247 de
1782 1218 1896 1247 nostro
1924 1213 2033 1248 bene-

194 1274 314 1320 placito
349 1279 380 1308 et
414 1286 597 1316 consensu„
634 1274 819 1319 dictumque
847 1275 1010 1308 Judicium
1045 1278 1075 1308 in
1106 1275 1246 1308 Cixitate
1277 1274 1459 1308 Brunuensi
1496 1286 1567 1307 cum
1597 1274 1729 1308 Jnribus
1759 1279 1789 1307 et
1818 1276 2032 1319 pertinencijs

195 1337 283 1377 suis,
313 1334 460 1380 predicto
496 1334 726 1369 wei-nimam.
761 1335 798 1368 ad
836 1346 952 1380 preces
983 1335 1142 1368 llinconis
1171 1335 1307 1380 predicti
1341 1335 1380 1368 de
1409 1334 1601 1368 liberalitate
1638 1334 1742 1379 Regia
1772 1334 1972 1368 ernusti-imus
2001 1339 2033 1368 et

194 1395 371 1437 donamus,
407 1406 467 1440 per
502 1398 607 1440 ipsum
640 1395 886 1428 NVernhardum
925 1400 957 1429 et
992 1395 1132 1428 heredes
1162 1406 1239 1429 suos
1267 1395 1346 1428 Jure
1379 1395 1575 1428 hereditario
1613 1400 1644 1428 et
1673 1398 1901 1441 inperpetuum
1930 1394 2033 1428 libere

194 1455 384 1497 tenendum,
414 1455 599 1489 babendum
628 1460 660 1489 et
689 1459 794 1489 eciam
823 1456 1070 1501 possidendum.
1101 1456 1228 1489 Dantes
1258 1459 1317 1501 ipsi
1346 1455 1556 1489 XVernliardo
1584 1460 1616 1488 et
1647 1455 1822 1489 heredibus
1851 1459 1919 1489 suis
1948 1467 2031 1502 pre-

195 1515 302 1554 dictisq
333 1515 452 1549 dictum
480 1515 643 1549 Judicium
673 1516 831 1552 donandi,
868 1516 1091 1562 permutandi,
1126 1516 1290 1560 obligandi
1326 1521 1358 1549 et
1387 1515 1569 1555 vendendiq
1607 1527 1673 1548 non
1709 1514 1801 1549 alteri
1832 1520 1941 1549 tamen
1970 1519 2032 1550 nisi

195 1575 290 1609 alicui
321 1579 489 1620 terrigcne
517 1581 549 1610 et
577 1576 689 1609 Incole
718 1581 877 1610 terrarum
908 1581 1105 1619 nostrai-uin,
1135 1579 1189 1621 qui
1219 1579 1324 1621 ipsum
1353 1576 1513 1609 Judicium
1543 1575 1694 1609 babendo
1724 1579 1755 1608 in
1784 1576 1869 1609 dicta
1892 1575 2032 1610 Ciuitate

196 1635 383 1669 ssrunnensi
412 1636 566 1674 resideat„
597 1636 730 1670 liberam
760 1641 970 1682 potestatem,
1001 1638 1149 1670 faucmus
1178 1640 1282 1670 eciam
1312 1637 1366 1671 illi.
1396 1639 1448 1681 qui
1477 1647 1492 1669 a
1523 1636 1607 1669 dicto
1627 1635 1840 1669 tt'ernhardo
1869 1636 2032 1670 Judicium

196 1694 376 1742 predictum
402 1700 528 1733 einerih
559 1697 644 1741 quod
671 1700 773 1742 ipsum
794 1697 957 1730 Judicium
979 1709 1018 1731 eo
1039 1697 1131 1739 Jure,
1161 1708 1224 1742 quo
1249 1700 1319 1742 ipse
1339 1696 1579 1737 Wernhardus,
1610 1700 1640 1729 et
1662 1695 1802 1729 heredes
1830 1699 1878 1730 sui
1900 1695 2031 1729 habue-

196 1760 269 1789 runt
298 1761 329 1789 et
359 1756 490 1791 liabent.
521 1757 641 1790 debeat
661 1762 692 1790 et
712 1761 826 1802 possit,
857 1762 972 1791 tenere
992 1762 1023 1791 et
1042 1757 1176 1791 habere.
1208 1757 1243 1790 In
1265 1757 1363 1790 Cuius
1392 1759 1439 1790 rei
1469 1759 1688 1790 testimonium
1709 1761 1885 1802 presentes
1906 1756 2031 1790 litteras

195 1816 277 1855 lieri„
307 1821 338 1849 et
367 1816 483 1861 Sigillo
511 1817 692 1851 Maiestatis
722 1823 833 1851 nostre
862 1821 1017 1852 iussimus
1046 1821 1239 1851 communiri
1271 1845 1277 1850 .
1301 1844 1307 1850 .
1337 1817 1456 1850 Datum
1486 1819 1517 1849 in
1547 1816 1694 1850 Sithauia
1722 1828 1782 1862 per
1810 1827 1927 1850 manus
1956 1816 2031 1849 Ho-

195 1876 352 1910 norabilis
390 1879 450 1910 viri
486 1876 635 1921 Magistri
672 1877 758 1911 Petri
794 1878 1087 1922 wissegradensis
1122 1883 1152 1912 et
1181 1878 1357 1921 Pragensis
1386 1877 1611 1910 Ecclesiarum
1639 1879 1817 1922 prepositi,
1855 1877 2032 1921 Regnique

195 1936 330 1970 Boemie
365 1936 562 1970 Cancellarii
596 1940 753 1983 principis
789 1942 892 1972 nostri
928 1939 1055 1978 dilecti,
1097 1939 1196 1972 Anno
1230 1939 1350 1971 domini
1389 1937 1562 1971 Millesimo
1596 1936 1847 1971 Trecentesimo
1887 1941 1984 1971 sexto
2022 1964 2029 1970 .

195 1996 259 2030 VIO
281 2024 286 2030 .
309 1996 475 2030 Kalendas
495 1997 571 2030 Maii
600 1997 783 2031 Indictione
804 1998 937 2039 Quarta„
969 1999 1159 2043 Regnorum
1189 2003 1374 2032 nostrorum
1394 1998 1492 2031 Anno
1521 2000 1636 2042 primo.
1667 1996 1735 2030 Nos
1756 2000 1864 2041 itaque
1884 1997 2031 2031 eiusdem

193 2056 309 2090 Jacobi
347 2057 657 2102 Supplicacionibus
692 2058 865 2099 benignius
894 2060 1039 2092 inclinati
1068 2059 1231 2104 predictas
1260 2059 1383 2092 litteras
1417 2069 1455 2091 ac
1483 2060 1592 2090 onmia
1628 2062 1659 2090 et
1687 2057 1814 2102 singula
1843 2060 1875 2090 in
1905 2056 2030 2091 eisdem

194 2121 347 2150 contenta
385 2122 418 2151 vt
454 2120 648 2163 premittitur
681 2120 903 2164 approbamus
941 2119 1154 2153 Ratilicamus
1187 2124 1218 2152 et
1253 2119 1292 2152 de
1324 2122 1413 2152 certa
1446 2122 1555 2150 nostra
1601 2120 1747 2151 sciencia
1783 2118 2028 2151 confirmamus.

195 2176 316 2210 Harum
350 2182 536 2211 nostrarum
571 2181 756 2213 testimonio
797 2180 996 2223 litterarum,
1040 2179 1157 2225 quibus
1194 2183 1340 2213 nostrum
1378 2177 1526 2221 Sigillum
1566 2180 1722 2211 iussimus
1764 2177 2028 2223 appendendum.

195 2237 312 2270 Datum
346 2237 509 2277 Tridenti,
539 2238 640 2272 Anno
669 2238 789 2273 dmuini
817 2239 992 2273 Millesimo
1022 2240 1289 2279 Trecentesimo„
1321 2238 1601 2281 Quadragesimo.
1632 2241 1790 2284 septimo,
1819 2237 1949 2272 ΧΥΙΙΙΟ
1978 2237 2030 2270 die

195 2296 318 2331 Mensis
345 2297 459 2342 Marcij
490 2298 679 2332 Indiccione
709 2299 963 2340 Quartadecima
995 2300 1185 2344 Regnorum
1214 2304 1401 2333 nostrornm
1430 2298 1530 2331 Anno
1560 2298 1676 2331 Primo.

500 2377 583 2407 (Nacti
608 2377 666 2402 dem
693 2378 765 2411 orig.
793 2379 836 2404 mit
859 2380 944 2404 einein
970 2387 1083 2412 grosseu
1110 2379 1301 2412 bcsclilidigten
1323 2376 1424 2410 sigule,
1449 2377 1480 2401 im
1506 2376 1588 2401 mulir.
1614 2377 1699 2402 stand
1718 2377 1928 2403 Landesarcliive
1953 2379 2029 2401 anter

602 2430 652 2454 (len
678 2429 812 2455 Miscelleu
838 2439 862 2455 n.
893 2430 954 2461 14.)
