2184 2828
1064 142 1138 177 238

180 264 291 305 preter
324 259 480 305 dampna,
517 270 580 305 que
613 270 658 293 ex
691 262 940 306 conquisicione
976 261 1079 305 ipsius
1116 262 1258 305 pecunie
1292 263 1527 303 accreuerunt,
1561 263 1625 293 tam
1654 269 1713 305 pro
1741 257 1893 303 dampnis
1921 267 2018 302 quam

180 324 269 354 sorte
297 320 425 366 capitali
454 323 595 365 pignore
623 323 726 354 tenuit
753 320 913 354 haetenus
942 319 1119 364 obligatam
1147 319 1188 353 Et
1215 330 1277 366 que
1306 319 1402 353 michi
1429 330 1489 366 pro
1517 320 1667 354 ducentis
1697 318 1887 363 Sexagenis
1915 328 2019 362 gros-

179 391 290 414 sorum
311 380 527 425 Pragensium
548 379 618 413 Sibi
645 391 704 426 per
732 391 784 414 me
812 383 965 414 mutuatis
995 385 1026 414 et
1053 379 1283 414 nichilominus
1312 380 1463 425 seruicijs
1491 383 1523 414 in
1553 383 1601 415 eis
1630 382 1697 414 suis
1725 377 2020 424 predecessoribus

179 452 219 474 ac
249 440 310 475 sibi
339 441 479 474 fideliter
506 440 662 474 exhibitis
691 445 723 475 et
751 444 781 474 in
812 445 908 474 antea
937 440 1134 474 exhibendis
1166 451 1239 474 cum
1273 440 1425 474 omnibus
1452 440 1585 475 Juribus
1614 440 1675 475 sibi
1703 442 1735 473 in
1764 439 1865 473 Bonis
1894 438 2019 473 eisdem

179 500 442 546 competentibus
476 501 613 534 contulit
647 506 678 535 et
712 501 845 535 donauit
877 501 960 535 Jure
994 501 1171 545 homagiali
1199 504 1332 546 suscepi
1359 506 1393 535 et
1418 501 1626 547 presentibus
1654 502 1799 546 suscipio
1827 502 1859 533 iu
1887 498 2018 533 feodum

177 564 372 607 promittens
401 571 459 606 pro
487 572 540 595 me
569 565 600 595 et
629 564 710 595 meis
739 561 990 596 successoribus
1018 561 1152 595 firmiter
1180 566 1212 595 et
1239 564 1372 596 sincere
1399 561 1435 596 Si
1461 562 1609 608 predicta
1631 561 1723 595 Bona
1751 571 1812 606 per
1838 555 2019 605 predictum

178 622 354 655 Sezemam
391 622 446 655 vel
483 624 668 667 quempiam
705 622 802 655 alium
836 624 938 667 ipsius
974 625 1110 656 nomine
1141 632 1161 655 a
1194 633 1247 655 me
1280 622 1334 656 vel
1371 622 1623 656 successoribus
1652 623 1734 655 meis
1761 620 1837 654 vllis
1865 629 2020 665 vmquam

178 682 324 715 affuturis
354 681 554 727 temporibus
589 683 740 716 exsoluta
776 682 898 715 fuerint
932 687 964 716 et
997 682 1188 728 redempta,
1223 682 1308 728 quod
1337 693 1381 716 ex
1412 687 1504 726 tunc,
1534 694 1598 727 ego
1627 687 1683 716 aut
1711 685 1774 715 mei
1803 690 2020 715 successores

176 753 235 787 pro
263 745 334 787 ipsa
355 745 494 788 pecunia
515 753 576 788 qua
598 743 751 776 exsoluta
780 747 855 776 sunt
883 742 946 776 alia
966 742 1059 777 Bona
1088 746 1178 776 iuxta
1207 743 1379 777 consilium
1407 746 1509 789 ipsius
1537 743 1657 777 domini
1678 741 1824 775 Bertoldi
1852 745 1884 774 et
1910 740 2020 774 bene-

175 803 328 848 placitum
361 807 415 836 aut
451 814 684 837 successorum
719 813 913 848 comparare
949 807 981 837 et
1014 814 1126 837 emere
1162 803 1340 837 debeamus
1376 808 1408 838 et
1435 806 1495 850 ipsi
1524 804 1656 837 domino
1685 801 1839 836 Bertoldo
1867 802 1923 835 vel
1951 803 2019 836 suis

176 862 427 897 successoribus
465 874 652 908 supponere
686 865 718 896 in
756 862 889 897 feodum
923 863 963 897 Et
997 875 1057 910 pro
1094 863 1278 897 huiusmodi
1312 867 1462 910 promissi
1491 864 1732 898 obseruacione
1762 867 1794 896 et
1822 862 2020 908 explecione

175 923 352 957 inuiolabili
380 923 449 957 Nos
478 923 675 957 Prsibislaus
704 928 735 957 et
756 923 900 958 Prsibico
929 925 1012 958 lilius
1042 924 1189 958 eiusdem
1218 925 1293 958 dicti
1322 925 1362 959 de
1390 924 1630 959 Schellenberk
1659 929 1691 958 ct
1719 923 1831 957 Sudco
1859 923 1900 956 de
1928 922 2020 956 Dre-

178 983 286 1017 hoticz
315 995 380 1017 vna
409 995 483 1017 cum
511 984 658 1029 predicto
678 984 821 1030 Dyrslao
842 988 972 1019 sincere
993 988 1075 1019 etin
1103 985 1241 1020 solidum
1270 996 1330 1019 nos
1359 985 1496 1019 fideliter
1515 987 1727 1029 astringimus
1755 988 1789 1018 et
1816 987 2018 1018 constanter.

176 1044 301 1077 Harum
317 1055 399 1090 quas
415 1044 608 1088 Sigillorum
624 1049 813 1078 nostrorum
829 1049 1013 1090 apensione
1032 1045 1238 1080 roborandas
1267 1046 1418 1080 duximus
1438 1048 1624 1080 testimonio
1644 1046 1822 1079 literarum.
1851 1044 1974 1078 Actum
1989 1047 2021 1077 et

176 1104 295 1138 Datum
316 1104 519 1139 Clu-umnow
539 1104 591 1138 die
607 1105 700 1139 Beati
720 1105 893 1151 l'rocopij,
914 1106 1014 1140 Anno
1042 1106 1164 1140 domini
1182 1106 1355 1141 Millcsimo
1371 1106 1620 1141 Trecentesimo
1637 1105 2019 1150 Quadragesimoprimo.

484 1192 554 1224 (Ans
586 1192 645 1218 dem
677 1192 834 1225 Fragmente
859 1194 934 1219 eines
961 1193 1183 1228 Papier-Codex
1206 1202 1253 1220 aus
1277 1194 1325 1220 der
1347 1194 1378 1220 11.
1403 1194 1488 1220 llalste
1513 1195 1560 1220 (les
1584 1193 1654 1220 xlv,
1679 1193 1892 1219 Jahrhundertes
1916 1192 1941 1219 S.
1969 1191 2019 1219 23,

587 1245 705 1270 welches
729 1245 788 1271 ‹lem
812 1246 837 1271 in
861 1245 910 1271 der
933 1246 1129 1274 Cerronischen
1155 1246 1309 1281 Sammlung
1331 1246 1379 1273 sub
1404 1247 1446 1273 Nr.
1473 1246 1543 1277 264,
1569 1247 1601 1272 ini
1627 1255 1658 1272 m.
1684 1245 1944 1272 st.Landesarchive
1967 1244 2019 1271 be-

588 1297 730 1322 linillichen
755 1297 844 1323 ssuclie
869 1298 1059 1331 „Miscellanea
1084 1307 1137 1325 von
1162 1299 1290 1324 lilahren“
1314 1298 1503 1333 beigebunileu
1528 1299 1586 1328 ist.)

1047 1454 1154 1490 333.

179 1538 291 1582 Ii'o'm'y
328 1538 481 1571 li'aze‘mz'r
512 1550 577 1572 ron
614 1539 745 1573 I’olelen
780 1541 931 1584 erhlctrt,
968 1542 1048 1575 dass
1083 1553 1122 1575 er
1154 1542 1217 1575 den
1247 1542 1358 1586 Ko'm’q
1385 1541 1521 1575 Jolmnn
1549 1553 1612 1575 ron
1643 1541 1793 1575 Bolemen
1820 1541 1874 1575 als
1901 1542 2018 1575 seinen

186 1598 288 1632 Valet·
325 1599 391 1632 und
422 1599 485 1633 (len
517 1600 741 1644 Marlryrafen
777 1601 867 1635 Karl
901 1614 965 1636 ron
993 1603 1138 1637 Mit'lzren
1175 1603 1228 1636 als
1255 1604 1371 1636 semen
1399 1601 1534 1635 Brmler
1562 1602 1764 1636 beli-acmen
1792 1602 1903 1637 wolle.
1958 1601 2019 1636 Dt.

574 1661 700 1706 Ριγιῃι),
730 1663 762 1695 in
791 1662 844 1696 die
873 1662 903 1696 b.
933 1663 1136 1708 Mmyarele
1168 1665 1252 1708 rit-y.
1285 1663 1364 1707 (13.
1393 1663 1484 1706 Juli)
1521 1663 1627 1697 13-71.

333 1744 421 1797 Ros
442 1764 647 1807 llazimirvs‚
677 1765 729 1800 dei
756 1769 869 1811 gracia
890 1766 1024 1801 Polonie
1044 1767 1135 1810 Rex,
1165 1768 1203 1802 ad
1233 1771 1463 1802 universorum
1492 1771 1647 1802 noticiam
1677 1773 1792 1802 tenore
1812 1771 2020 1815 presencium

178 1823 330 1857 volumus
358 1828 553 1869 pervenire.
586 1826 679 1866 Quod
709 1838 782 1860 cum
811 1827 930 1861 (ludum
950 1828 1145 1872 magnificos
1167 1831 1331 1875 principes
1359 1828 1524 1862 dommum
1544 1828 1730 1863 ,iohannem
1751 1840 1865 1874 regem
1886 1828 2022 1863 Boemie

179 1888 209 1917 et
238 1884 403 1918 (lominum
434 1885 589 1919 Kar-olum
619 1888 690 1929 ejus
720 1887 976 1932 l'rimogenitum
1005 1889 1230 1923 marchionem
1258 1889 1408 1923 Moravie
1437 1889 1578 1923 illustres
1608 1892 1638 1923 in
1668 1890 1796 1924 Patrem
1825 1895 1858 1924 et
1886 1888 2018 1924 fratrem

177 1948 311 1978 nostros
344 1949 623 1991 assumpserimus
658 1959 697 1981 ac
733 1950 792 1993 ipsi
836 1948 931 1983 nobis
968 1950 1113 1984 inclitam
1148 1949 1369 1995 Margaretam
1407 1950 1569 1995 quondam
1604 1953 1806 1985 comitissam
1840 1950 2021 1984 Palatinam

180 2005 284 2048 Heni,
314 2005 488 2040 Ducissam
519 2006 661 2041 Bavarie
691 2008 787 2042 liliam
817 2013 849 2042 et
877 2021 1028 2044 sororem
1057 2022 1150 2045 suam
1178 2013 1230 2056 pie
1265 2013 1421 2044 memorie
1450 2010 1717 2056 spospondermt
1744 2011 1875 2046 tradere
1903 2014 2021 2045 matri-

180 2066 365 2100 monialiter
393 2069 422 2100 in
454 2078 602 2101 uxori-m.
658 2068 795 2114 Nosque
824 2073 1070 2115 promiserimus
1104 2074 1192 2117 ipsos
1226 2082 1359 2116 semper
1393 2075 1424 2104 et
1460 2073 1492 2104 in
1527 2071 1677 2106 omnibus
1714 2077 1866 2118 tanquam
1895 2076 2022 2118 patrem

180 2126 344 2160 carnalem
366 2132 397 2160 et
419 2127 553 2161 fratrem
576 2131 735 2162 uterinum
758 2135 872 2164 tenere
900 2136 932 2165 et
959 2137 1075 2166 contra
1104 2144 1233 2166 onmem
1255 2131 1416 2166 homiuem
1438 2134 1562 2165 iuvare.
1593 2133 1740 2179 Cumque
1768 2132 1862 2167 nobis
1891 2132 2020 2166 tandem

182 2189 270 2219 iuxta
301 2191 515 2221 vocat-ionem
552 2193 583 2222 et
617 2189 889 2225 informacionem
928 2195 1125 2226 matrimonii
1153 2196 1297 2239 ipsorum
1332 2191 1371 2225 ad
1399 2193 1693 2226 consummandum
1722 2196 1962 2227 matrimonium
1990 2197 2023 2227 et

181 2247 414 2281 celebrandum
444 2252 573 2294 nuptias
593 2249 776 2284 huiusmodi
799 2252 1028 2296 venientibus,
1057 2253 1143 2288 dicta
1172 2253 1301 2287 domina
1320 2251 1531 2296 Margaretha
1554 2254 1684 2298 Sponsa
1705 2258 1817 2288 nostra
1838 2256 2020 2293 carissima,

181 2310 263 2340 sicut
292 2308 422 2342 domino
453 2310 590 2354 placuit,
628 2314 713 2344 viam
749 2315 788 2345 sit
826 2316 983 2347 universe
1017 2317 1128 2348 carnis
1162 2317 1330 2358 ingressa,
1365 2317 1500 2358 propter
1536 2313 1597 2347 hoc
1627 2315 1725 2359 ligam
1754 2317 1827 2349 sive
1855 2314 2020 2349 vinculum

182 2366 381 2411 dilectionis,
413 2373 541 2404 unionis
571 2375 602 2403 et
630 2371 721 2413 fidei,
751 2373 975 2407 consideranti
1004 2377 1113 2407 animo
1139 2379 1172 2409 et
1196 2375 1319 2419 ingenti
1345 2372 1510 2407 desiderio
1539 2376 1623 2408 inter
1651 2386 1710 2409 nos
1730 2379 1883 2420 vtrinque
1910 2377 2021 2408 initum

184 2428 325 2461 totaliter
359 2434 389 2462 ot
424 2431 607 2476 lii-matum7
643 2432 778 2466 dissolui
817 2434 966 2468 nolentes
1000 2434 1244 2480 quomodolibet
1279 2439 1334 2467 aut
1369 2437 1554 2480 corrumpi„
1591 2435 1648 2469 sed
1678 2437 1828 2471 volentes
1856 2435 1886 2469 id
1917 2438 2020 2481 ipsum

184 2490 299 2532 por-ius
330 2493 421 2523 nouis
451 2492 725 2535 colligacionibus
755 2498 785 2526 et
812 2497 945 2528 sincero
973 2495 1087 2528 sedere
1118 2493 1385 2528 indissolubiliter
1413 2497 1562 2529 innonari
1592 2501 1624 2530 et
1653 2496 1832 2542 perfectius
1860 2494 2020 2531 roborari.

184 2551 321 2593 prestito
351 2554 444 2582 tactis
474 2563 532 2596 per
567 2564 626 2586 nos
661 2558 884 2588 sacrosanctis
923 2554 1114 2599 Euangelijs
1147 2554 1309 2600 corporali
1345 2557 1528 2589 iuramento
1566 2560 1775 2602 promisimus
1809 2561 1841 2590 et
1882 2558 2022 2602 promit-

186 2612 281 2642 timus
317 2611 348 2642 in
385 2609 446 2643 hiis
482 2616 623 2657 scriptis.
680 2613 731 2647 lix
766 2626 855 2648 nunc
890 2617 1036 2649 iurantes
1069 2627 1201 2660 semper
1237 2618 1268 2649 in
1304 2615 1455 2649 onmilms
1491 2621 1522 2650 et
1551 2617 1670 2663 ubique
1699 2617 1879 2664 predictum
1907 2628 2022 2662 regem
