<?xml version="1.0" encoding="UTF-8"?>
<!DOCTYPE html PUBLIC "-//W3C//DTD XHTML 1.0 Transitional//EN"
    "http://www.w3.org/TR/xhtml1/DTD/xhtml1-transitional.dtd">
<html xmlns="http://www.w3.org/1999/xhtml" xml:lang="en" lang="en">
 <head>
  <title>
</title>
<meta http-equiv="Content-Type" content="text/html;charset=utf-8" />
  <meta name='ocr-system' content='tesseract 3.04.00' />
  <meta name='ocr-capabilities' content='ocr_page ocr_carea ocr_par ocr_line ocrx_word'/>
</head>
<body>
  <div class='ocr_page' id='page_1' title='image "./codexdiplomaticu07morauoft_0016.png"; bbox 0 0 2184 2828; ppageno 0'>
   <div class='ocr_carea' id='block_1_1' title="bbox 1052 80 1072 114">
    <p class='ocr_par' dir='ltr' id='par_1_1' title="bbox 1052 80 1072 114">
     <span class='ocr_line' id='line_1_1' title="bbox 1052 80 1072 114; baseline 0 0"><span class='ocrx_word' id='word_1_1' title='bbox 1052 80 1072 114; x_wconf 87' lang='lat'>6</span> 
     </span>
    </p>
   </div>
   <div class='ocr_carea' id='block_1_2' title="bbox 135 196 1987 848">
    <p class='ocr_par' dir='ltr' id='par_1_2' title="bbox 135 196 1987 848">
     <span class='ocr_line' id='line_1_2' title="bbox 135 196 1982 244; baseline -0.002 -11"><span class='ocrx_word' id='word_1_2' title='bbox 135 204 249 233; x_wconf 87' lang='lat' dir='ltr'>renter</span> <span class='ocrx_word' id='word_1_3' title='bbox 276 204 309 232; x_wconf 79' lang='lat' dir='ltr'>et</span> <span class='ocrx_word' id='word_1_4' title='bbox 337 199 463 232; x_wconf 89' lang='lat' dir='ltr'>ilariter</span> <span class='ocrx_word' id='word_1_5' title='bbox 491 202 674 244; x_wconf 82' lang='lat' dir='ltr'>suscipere.</span> <span class='ocrx_word' id='word_1_6' title='bbox 705 210 743 231; x_wconf 89' lang='lat' dir='ltr'>ac</span> <span class='ocrx_word' id='word_1_7' title='bbox 773 201 844 232; x_wconf 89' lang='lat' dir='ltr'>eius</span> <span class='ocrx_word' id='word_1_8' title='bbox 874 201 995 232; x_wconf 87' lang='lat' dir='ltr'>monita</span> <span class='ocrx_word' id='word_1_9' title='bbox 1025 203 1057 232; x_wconf 87' lang='lat' dir='ltr'>et</span> <span class='ocrx_word' id='word_1_10' title='bbox 1086 197 1236 231; x_wconf 87' lang='lat' dir='ltr'>mandata</span> <span class='ocrx_word' id='word_1_11' title='bbox 1266 196 1448 230; x_wconf 85' lang='lat' dir='ltr'>efficaciter</span> <span class='ocrx_word' id='word_1_12' title='bbox 1473 196 1654 243; x_wconf 86' lang='lat' dir='ltr'>adimplere</span> <span class='ocrx_word' id='word_1_13' title='bbox 1673 200 1811 239; x_wconf 77' lang='lat' dir='ltr'>curetis;</span> <span class='ocrx_word' id='word_1_14' title='bbox 1840 197 1982 243; x_wconf 79' lang='lat' dir='ltr'>alioquin</span> 
     </span>
     <span class='ocr_line' id='line_1_3' title="bbox 137 256 1983 305; baseline -0.002 -12"><span class='ocrx_word' id='word_1_15' title='bbox 137 262 322 293; x_wconf 86' lang='lat' dir='ltr'>sententias</span> <span class='ocrx_word' id='word_1_16' title='bbox 352 271 433 304; x_wconf 88' lang='lat' dir='ltr'>quas</span> <span class='ocrx_word' id='word_1_17' title='bbox 462 262 532 305; x_wconf 90' lang='lat' dir='ltr'>ipse</span> <span class='ocrx_word' id='word_1_18' title='bbox 561 262 622 292; x_wconf 90' lang='lat' dir='ltr'>rite</span> <span class='ocrx_word' id='word_1_19' title='bbox 652 258 759 292; x_wconf 88' lang='lat' dir='ltr'>tulerit</span> <span class='ocrx_word' id='word_1_20' title='bbox 786 262 818 292; x_wconf 90' lang='lat' dir='ltr'>in</span> <span class='ocrx_word' id='word_1_21' title='bbox 854 258 1014 301; x_wconf 73' lang='lat' dir='ltr'><strong>rebelles,</strong></span> <span class='ocrx_word' id='word_1_22' title='bbox 1050 263 1138 292; x_wconf 87' lang='lat' dir='ltr'>ratas</span> <span class='ocrx_word' id='word_1_23' title='bbox 1176 256 1366 291; x_wconf 86' lang='lat' dir='ltr'>habebimus</span> <span class='ocrx_word' id='word_1_24' title='bbox 1405 261 1437 290; x_wconf 90' lang='lat' dir='ltr'>et</span> <span class='ocrx_word' id='word_1_25' title='bbox 1463 257 1623 291; x_wconf 86' lang='lat' dir='ltr'>faciemus</span> <span class='ocrx_word' id='word_1_26' title='bbox 1652 258 1692 291; x_wconf 83' lang='lat' dir='ltr'>ad</span> <span class='ocrx_word' id='word_1_27' title='bbox 1721 258 1983 292; x_wconf 74' lang='lat' dir='ltr'>satisfactionem</span> 
     </span>
     <span class='ocr_line' id='line_1_4' title="bbox 137 317 1983 364; baseline -0.002 -10"><span class='ocrx_word' id='word_1_28' title='bbox 137 320 336 364; x_wconf 87' lang='lat' dir='ltr'>condignam</span> <span class='ocrx_word' id='word_1_29' title='bbox 358 324 494 353; x_wconf 83' lang='lat' dir='ltr'>auctore</span> <span class='ocrx_word' id='word_1_30' title='bbox 513 319 655 353; x_wconf 87' lang='lat' dir='ltr'>Domino</span> <span class='ocrx_word' id='word_1_31' title='bbox 675 319 909 353; x_wconf 80' lang='lat' dir='ltr'>inviolabiliter</span> <span class='ocrx_word' id='word_1_32' title='bbox 924 319 1109 353; x_wconf 83' lang='lat' dir='ltr'>observari.</span> <span class='ocrx_word' id='word_1_33' title='bbox 1129 319 1246 352; x_wconf 88' lang='lat' dir='ltr'>Datum</span> <span class='ocrx_word' id='word_1_34' title='bbox 1262 318 1432 351; x_wconf 88' lang='lat' dir='ltr'>Avinione</span> <span class='ocrx_word' id='word_1_35' title='bbox 1448 317 1503 351; x_wconf 79' lang='lat' dir='ltr'>IV.</span> <span class='ocrx_word' id='word_1_36' title='bbox 1526 317 1600 352; x_wconf 90' lang='lat' dir='ltr'>Idus</span> <span class='ocrx_word' id='word_1_37' title='bbox 1617 318 1740 364; x_wconf 83' lang='lat' dir='ltr'>Aprilis</span> <span class='ocrx_word' id='word_1_38' title='bbox 1757 328 1843 352; x_wconf 90' lang='lat' dir='ltr'>anno</span> <span class='ocrx_word' id='word_1_39' title='bbox 1859 317 1983 351; x_wconf 80' lang='lat' dir='ltr'>XVIII.</span> 
     </span>
     <span class='ocr_line' id='line_1_5' title="bbox 137 377 1984 423; baseline -0.002 -9"><span class='ocrx_word' id='word_1_40' title='bbox 137 380 218 414; x_wconf 86' lang='lat' dir='ltr'>Item</span> <span class='ocrx_word' id='word_1_41' title='bbox 247 383 279 414; x_wconf 92' lang='lat' dir='ltr'>in</span> <span class='ocrx_word' id='word_1_42' title='bbox 309 380 450 414; x_wconf 87' lang='lat' dir='ltr'>eundem</span> <span class='ocrx_word' id='word_1_43' title='bbox 479 380 610 413; x_wconf 90' lang='lat' dir='ltr'>modum</span> <span class='ocrx_word' id='word_1_44' title='bbox 638 382 804 413; x_wconf 79' lang='lat' dir='ltr'>universis</span> <span class='ocrx_word' id='word_1_45' title='bbox 825 379 987 413; x_wconf 72' lang='lat' dir='ltr'>Vassallis</span> <span class='ocrx_word' id='word_1_46' title='bbox 1008 381 1151 414; x_wconf 82' lang='lat' dir='ltr'>ecclesie</span> <span class='ocrx_word' id='word_1_47' title='bbox 1173 377 1404 411; x_wconf 86' lang='lat' dir='ltr'>Olomucensis</span> <span class='ocrx_word' id='word_1_48' title='bbox 1432 389 1534 423; x_wconf 89' lang='lat' dir='ltr'>usque</span> <span class='ocrx_word' id='word_1_49' title='bbox 1563 382 1594 412; x_wconf 88' lang='lat' dir='ltr'>in</span> <span class='ocrx_word' id='word_1_50' title='bbox 1614 378 1689 412; x_wconf 89' lang='lat' dir='ltr'>line.</span> <span class='ocrx_word' id='word_1_51' title='bbox 1712 377 1876 418; x_wconf 76' lang='lat' dir='ltr'>Quocirca</span> <span class='ocrx_word' id='word_1_52' title='bbox 1902 380 1984 412; x_wconf 90' lang='lat' dir='ltr'>uni-</span> 
     </span>
     <span class='ocr_line' id='line_1_6' title="bbox 137 438 1984 484; baseline -0.001 -10"><span class='ocrx_word' id='word_1_53' title='bbox 137 443 333 474; x_wconf 81' lang='lat' dir='ltr'>versitatem</span> <span class='ocrx_word' id='word_1_54' title='bbox 368 445 517 474; x_wconf 88' lang='lat' dir='ltr'>vestram</span> <span class='ocrx_word' id='word_1_55' title='bbox 554 451 728 484; x_wconf 66' lang='lat' dir='ltr'>rogamus,</span> <span class='ocrx_word' id='word_1_56' title='bbox 766 451 938 474; x_wconf 88' lang='lat' dir='ltr'>monemus</span> <span class='ocrx_word' id='word_1_57' title='bbox 981 445 1012 473; x_wconf 86' lang='lat' dir='ltr'>et</span> <span class='ocrx_word' id='word_1_58' title='bbox 1047 440 1214 473; x_wconf 76' lang='lat' dir='ltr'>hortamur</span> <span class='ocrx_word' id='word_1_59' title='bbox 1249 442 1389 474; x_wconf 33' lang='lat' dir='ltr'>attente*</span> <span class='ocrx_word' id='word_1_60' title='bbox 1426 450 1484 484; x_wconf 85' lang='lat' dir='ltr'>per</span> <span class='ocrx_word' id='word_1_61' title='bbox 1517 439 1697 484; x_wconf 81' lang='lat' dir='ltr'>apostoliea</span> <span class='ocrx_word' id='word_1_62' title='bbox 1732 438 1827 471; x_wconf 82' lang='lat' dir='ltr'>vobis</span> <span class='ocrx_word' id='word_1_63' title='bbox 1863 441 1984 483; x_wconf 88' lang='lat' dir='ltr'>scripta</span> 
     </span>
     <span class='ocr_line' id='line_1_7' title="bbox 138 498 1984 545; baseline -0.002 -11"><span class='ocrx_word' id='word_1_64' title='bbox 138 500 345 543; x_wconf 68' lang='lat' dir='ltr'>mandantes,</span> <span class='ocrx_word' id='word_1_65' title='bbox 372 503 524 545; x_wconf 85' lang='lat' dir='ltr'>quatinus</span> <span class='ocrx_word' id='word_1_66' title='bbox 554 500 694 533; x_wconf 85' lang='lat' dir='ltr'>eundem</span> <span class='ocrx_word' id='word_1_67' title='bbox 724 500 884 534; x_wconf 83' lang='lat' dir='ltr'>Electum.</span> <span class='ocrx_word' id='word_1_68' title='bbox 914 511 1058 545; x_wconf 88' lang='lat' dir='ltr'>suosque</span> <span class='ocrx_word' id='word_1_69' title='bbox 1087 500 1250 533; x_wconf 63' lang='lat' dir='ltr'>vicarios.</span> <span class='ocrx_word' id='word_1_70' title='bbox 1281 499 1451 535; x_wconf 75' lang='lat' dir='ltr'>officiales.</span> <span class='ocrx_word' id='word_1_71' title='bbox 1481 504 1513 533; x_wconf 84' lang='lat' dir='ltr'>et</span> <span class='ocrx_word' id='word_1_72' title='bbox 1541 502 1706 533; x_wconf 87' lang='lat' dir='ltr'>ministros</span> <span class='ocrx_word' id='word_1_73' title='bbox 1735 498 1984 532; x_wconf 85' lang='lat' dir='ltr'>honoriticentia</span> 
     </span>
     <span class='ocr_line' id='line_1_8' title="bbox 138 558 1984 606; baseline -0.001 -12"><span class='ocrx_word' id='word_1_74' title='bbox 138 560 245 594; x_wconf 86' lang='lat' dir='ltr'>debita</span> <span class='ocrx_word' id='word_1_75' title='bbox 274 563 430 606; x_wconf 81' lang='lat' dir='ltr'>prosequi</span> <span class='ocrx_word' id='word_1_76' title='bbox 459 560 630 595; x_wconf 77' lang='lat' dir='ltr'>studeatis.</span> <span class='ocrx_word' id='word_1_77' title='bbox 660 572 774 594; x_wconf 84' lang='lat' dir='ltr'>eorum</span> <span class='ocrx_word' id='word_1_78' title='bbox 804 561 947 594; x_wconf 79' lang='lat' dir='ltr'>salubria</span> <span class='ocrx_word' id='word_1_79' title='bbox 978 563 1098 594; x_wconf 88' lang='lat' dir='ltr'>monita</span> <span class='ocrx_word' id='word_1_80' title='bbox 1128 565 1157 593; x_wconf 88' lang='lat' dir='ltr'>et</span> <span class='ocrx_word' id='word_1_81' title='bbox 1188 560 1338 593; x_wconf 82' lang='lat' dir='ltr'>mandata</span> <span class='ocrx_word' id='word_1_82' title='bbox 1370 560 1579 606; x_wconf 83' lang='lat' dir='ltr'>suscipiendo</span> <span class='ocrx_word' id='word_1_83' title='bbox 1608 560 1731 593; x_wconf 79' lang='lat' dir='ltr'>ilai-iter</span> <span class='ocrx_word' id='word_1_84' title='bbox 1750 564 1782 593; x_wconf 86' lang='lat' dir='ltr'>et</span> <span class='ocrx_word' id='word_1_85' title='bbox 1802 558 1984 593; x_wconf 86' lang='lat' dir='ltr'>efficaciter</span> 
     </span>
     <span class='ocr_line' id='line_1_9' title="bbox 137 619 1986 667; baseline -0.001 -12"><span class='ocrx_word' id='word_1_86' title='bbox 137 621 357 667; x_wconf 87' lang='lat' dir='ltr'>adimplendo.</span> <span class='ocrx_word' id='word_1_87' title='bbox 388 632 426 654; x_wconf 88' lang='lat' dir='ltr'>ac</span> <span class='ocrx_word' id='word_1_88' title='bbox 456 620 654 654; x_wconf 75' lang='lat' dir='ltr'>exhibentes</span> <span class='ocrx_word' id='word_1_89' title='bbox 683 621 789 654; x_wconf 82' lang='lat' dir='ltr'>eidem</span> <span class='ocrx_word' id='word_1_90' title='bbox 820 621 982 654; x_wconf 80' lang='lat' dir='ltr'>fidelitatis</span> <span class='ocrx_word' id='word_1_91' title='bbox 1012 622 1142 655; x_wconf 86' lang='lat' dir='ltr'>solitum</span> <span class='ocrx_word' id='word_1_92' title='bbox 1179 623 1407 663; x_wconf 74' lang='lat' dir='ltr'>iuramentum,</span> <span class='ocrx_word' id='word_1_93' title='bbox 1443 625 1604 654; x_wconf 88' lang='lat' dir='ltr'>consueta</span> <span class='ocrx_word' id='word_1_94' title='bbox 1640 619 1700 654; x_wconf 86' lang='lat' dir='ltr'>sibi</span> <span class='ocrx_word' id='word_1_95' title='bbox 1729 624 1878 665; x_wconf 78' lang='lat' dir='ltr'>prestare</span> <span class='ocrx_word' id='word_1_96' title='bbox 1907 630 1986 653; x_wconf 90' lang='lat' dir='ltr'>ser-</span> 
     </span>
     <span class='ocr_line' id='line_1_10' title="bbox 138 680 1987 727; baseline -0.001 -12"><span class='ocrx_word' id='word_1_97' title='bbox 138 684 237 718; x_wconf 79' lang='lat' dir='ltr'>vicia.</span> <span class='ocrx_word' id='word_1_98' title='bbox 268 686 301 715; x_wconf 88' lang='lat' dir='ltr'>et</span> <span class='ocrx_word' id='word_1_99' title='bbox 330 682 369 715; x_wconf 82' lang='lat' dir='ltr'>de</span> <span class='ocrx_word' id='word_1_100' title='bbox 403 681 527 715; x_wconf 86' lang='lat' dir='ltr'>iuribus</span> <span class='ocrx_word' id='word_1_101' title='bbox 563 686 595 715; x_wconf 84' lang='lat' dir='ltr'>et</span> <span class='ocrx_word' id='word_1_102' title='bbox 630 681 810 715; x_wconf 81' lang='lat' dir='ltr'>redditibus</span> <span class='ocrx_word' id='word_1_103' title='bbox 844 681 951 715; x_wconf 86' lang='lat' dir='ltr'>eidem</span> <span class='ocrx_word' id='word_1_104' title='bbox 986 681 1100 715; x_wconf 88' lang='lat' dir='ltr'>Electo</span> <span class='ocrx_word' id='word_1_105' title='bbox 1136 693 1153 714; x_wconf 90' lang='lat' dir='ltr'>a</span> <span class='ocrx_word' id='word_1_106' title='bbox 1189 680 1283 714; x_wconf 75' lang='lat' dir='ltr'>vobis</span> <span class='ocrx_word' id='word_1_107' title='bbox 1316 680 1432 715; x_wconf 85' lang='lat' dir='ltr'>debitis</span> <span class='ocrx_word' id='word_1_108' title='bbox 1466 682 1613 727; x_wconf 78' lang='lat' dir='ltr'>plenarie</span> <span class='ocrx_word' id='word_1_109' title='bbox 1649 680 1853 726; x_wconf 88' lang='lat' dir='ltr'>respondere</span> <span class='ocrx_word' id='word_1_110' title='bbox 1881 690 1987 725; x_wconf 89' lang='lat' dir='ltr'>usque</span> 
     </span>
     <span class='ocr_line' id='line_1_11' title="bbox 139 741 1986 788; baseline -0.001 -13"><span class='ocrx_word' id='word_1_111' title='bbox 139 742 178 775; x_wconf 87' lang='lat' dir='ltr'>ad</span> <span class='ocrx_word' id='word_1_112' title='bbox 215 742 334 776; x_wconf 76' lang='lat' dir='ltr'>(lictum</span> <span class='ocrx_word' id='word_1_113' title='bbox 371 744 562 785; x_wconf 42' lang='lat' dir='ltr'>terminumff</span> <span class='ocrx_word' id='word_1_114' title='bbox 599 746 631 775; x_wconf 93' lang='lat' dir='ltr'>et</span> <span class='ocrx_word' id='word_1_115' title='bbox 665 746 789 775; x_wconf 76' lang='lat' dir='ltr'>extunc</span> <span class='ocrx_word' id='word_1_116' title='bbox 825 745 921 775; x_wconf 88' lang='lat' dir='ltr'>etiam</span> <span class='ocrx_word' id='word_1_117' title='bbox 957 747 1130 788; x_wconf 87' lang='lat' dir='ltr'>postquam</span> <span class='ocrx_word' id='word_1_118' title='bbox 1173 741 1277 775; x_wconf 85' lang='lat' dir='ltr'>dictas</span> <span class='ocrx_word' id='word_1_119' title='bbox 1319 745 1518 787; x_wconf 74' lang='lat' dir='ltr'>provisionis</span> <span class='ocrx_word' id='word_1_120' title='bbox 1553 742 1694 782; x_wconf 74' lang='lat' dir='ltr'>litteras.v</span> <span class='ocrx_word' id='word_1_121' title='bbox 1730 746 1762 774; x_wconf 90' lang='lat' dir='ltr'>ut</span> <span class='ocrx_word' id='word_1_122' title='bbox 1800 745 1851 774; x_wconf 89' lang='lat' dir='ltr'>est</span> <span class='ocrx_word' id='word_1_123' title='bbox 1885 743 1986 774; x_wconf 87' lang='lat' dir='ltr'>moris</span> 
     </span>
     <span class='ocr_line' id='line_1_12' title="bbox 137 800 1983 848; baseline -0.001 -12"><span class='ocrx_word' id='word_1_124' title='bbox 137 802 319 836; x_wconf 84' lang='lat' dir='ltr'>ostenderit</span> <span class='ocrx_word' id='word_1_125' title='bbox 354 805 558 848; x_wconf 78' lang='lat' dir='ltr'>proeuretis;</span> <span class='ocrx_word' id='word_1_126' title='bbox 587 802 731 847; x_wconf 89' lang='lat' dir='ltr'>alioquin</span> <span class='ocrx_word' id='word_1_127' title='bbox 760 807 822 836; x_wconf 87' lang='lat' dir='ltr'>etc.</span> <span class='ocrx_word' id='word_1_128' title='bbox 854 807 886 836; x_wconf 88' lang='lat' dir='ltr'>ut</span> <span class='ocrx_word' id='word_1_129' title='bbox 914 813 1024 848; x_wconf 86' lang='lat' dir='ltr'>supra.</span> <span class='ocrx_word' id='word_1_130' title='bbox 1056 802 1174 835; x_wconf 86' lang='lat' dir='ltr'>Datum</span> <span class='ocrx_word' id='word_1_131' title='bbox 1203 802 1369 836; x_wconf 82' lang='lat' dir='ltr'>Avinione</span> <span class='ocrx_word' id='word_1_132' title='bbox 1398 802 1454 836; x_wconf 66' lang='lat' dir='ltr'>lv.</span> <span class='ocrx_word' id='word_1_133' title='bbox 1486 802 1560 835; x_wconf 88' lang='lat' dir='ltr'>Idus</span> <span class='ocrx_word' id='word_1_134' title='bbox 1590 801 1714 847; x_wconf 79' lang='lat' dir='ltr'>Aprilis</span> <span class='ocrx_word' id='word_1_135' title='bbox 1743 812 1830 835; x_wconf 88' lang='lat' dir='ltr'>anno</span> <span class='ocrx_word' id='word_1_136' title='bbox 1859 800 1983 834; x_wconf 79' lang='lat' dir='ltr'>XVIII.</span> 
     </span>
    </p>
   </div>
   <div class='ocr_carea' id='block_1_3' title="bbox 447 879 1986 967">
    <p class='ocr_par' dir='ltr' id='par_1_3' title="bbox 447 879 1986 967">
     <span class='ocr_line' id='line_1_13' title="bbox 447 879 1986 915; baseline -0.001 -9"><span class='ocrx_word' id='word_1_137' title='bbox 447 882 518 912; x_wconf 70' lang='lat' dir='ltr'>(Ans</span> <span class='ocrx_word' id='word_1_138' title='bbox 542 881 601 906; x_wconf 83' lang='lat' dir='ltr'>dem</span> <span class='ocrx_word' id='word_1_139' title='bbox 627 881 700 915; x_wconf 66' lang='lat' dir='ltr'>(ti-ig.</span> <span class='ocrx_word' id='word_1_140' title='bbox 727 881 841 913; x_wconf 70' lang='lat' dir='ltr'>Regeste</span> <span class='ocrx_word' id='word_1_141' title='bbox 865 881 966 915; x_wconf 76' lang='lat' dir='ltr'>Papst&#39;s</span> <span class='ocrx_word' id='word_1_142' title='bbox 991 881 1095 907; x_wconf 71' lang='lat' dir='ltr'>doliana</span> <span class='ocrx_word' id='word_1_143' title='bbox 1120 880 1199 906; x_wconf 74' lang='lat' dir='ltr'>xxii.</span> <span class='ocrx_word' id='word_1_144' title='bbox 1220 880 1292 906; x_wconf 75' lang='lat' dir='ltr'>Jatw.</span> <span class='ocrx_word' id='word_1_145' title='bbox 1310 881 1404 907; x_wconf 80' lang='lat' dir='ltr'>XVIII.</span> <span class='ocrx_word' id='word_1_146' title='bbox 1424 881 1450 906; x_wconf 85' lang='lat' dir='ltr'>S.</span> <span class='ocrx_word' id='word_1_147' title='bbox 1471 880 1540 906; x_wconf 75' lang='lat'>217.</span> <span class='ocrx_word' id='word_1_148' title='bbox 1557 881 1597 906; x_wconf 88' lang='lat' dir='ltr'>ssr.</span> <span class='ocrx_word' id='word_1_149' title='bbox 1616 880 1705 906; x_wconf 64' lang='lat'>1098.</span> <span class='ocrx_word' id='word_1_150' title='bbox 1732 880 1767 906; x_wconf 86' lang='lat' dir='ltr'>Im</span> <span class='ocrx_word' id='word_1_151' title='bbox 1781 879 1986 906; x_wconf 81' lang='lat' dir='ltr'>Vnticanisehen</span> 
     </span>
     <span class='ocr_line' id='line_1_14' title="bbox 552 933 1163 967; baseline -0.002 -8"><span class='ocrx_word' id='word_1_152' title='bbox 552 933 666 959; x_wconf 77' lang='lat' dir='ltr'>Arctiive</span> <span class='ocrx_word' id='word_1_153' title='bbox 690 933 903 967; x_wconf 76' lang='lat' dir='ltr'>abgesclirieben</span> <span class='ocrx_word' id='word_1_154' title='bbox 928 933 972 958; x_wconf 86' lang='lat' dir='ltr'>Dr.</span> <span class='ocrx_word' id='word_1_155' title='bbox 998 933 1026 959; x_wconf 86' lang='lat' dir='ltr'>B.</span> <span class='ocrx_word' id='word_1_156' title='bbox 1053 933 1163 965; x_wconf 82' lang='lat' dir='ltr'>Dudik.)</span> 
     </span>
    </p>
   </div>
   <div class='ocr_carea' id='block_1_4' title="bbox 1045 1061 1085 1096">
    <p class='ocr_par' dir='ltr' id='par_1_4' title="bbox 1045 1061 1085 1096">
     <span class='ocr_line' id='line_1_15' title="bbox 1045 1061 1085 1096; baseline 0 0"><span class='ocrx_word' id='word_1_157' title='bbox 1045 1061 1085 1096; x_wconf 78' lang='lat' dir='ltr'>S.</span> 
     </span>
    </p>
   </div>
   <div class='ocr_carea' id='block_1_5' title="bbox 90 1138 1987 1246">
    <p class='ocr_par' dir='ltr' id='par_1_5' title="bbox 90 1138 1987 1246">
     <span class='ocr_line' id='line_1_16' title="bbox 90 1138 1987 1186; baseline 0.002 -14"><span class='ocrx_word' id='word_1_158' title='bbox 90 1158 92 1160; x_wconf 97' lang='lat'>·</span> <span class='ocrx_word' id='word_1_159' title='bbox 138 1138 213 1172; x_wconf 83' lang='lat' dir='ltr'>Der</span> <span class='ocrx_word' id='word_1_160' title='bbox 242 1138 412 1172; x_wconf 73' lang='lat' dir='ltr'>Seelauer</span> <span class='ocrx_word' id='word_1_161' title='bbox 439 1138 508 1172; x_wconf 69' lang='lat' dir='ltr'>Ab!</span> <span class='ocrx_word' id='word_1_162' title='bbox 530 1139 648 1173; x_wconf 70' lang='lat' dir='ltr'>Ctilmr</span> <span class='ocrx_word' id='word_1_163' title='bbox 667 1139 805 1172; x_wconf 73' lang='lat' dir='ltr'>erlleez‘ll</span> <span class='ocrx_word' id='word_1_164' title='bbox 825 1140 896 1172; x_wconf 86' lang='lat' dir='ltr'>dem</span> <span class='ocrx_word' id='word_1_165' title='bbox 920 1140 1088 1172; x_wconf 70' lang='lat' dir='ltr'>lsam’tz-er</span> <span class='ocrx_word' id='word_1_166' title='bbox 1108 1138 1380 1173; x_wconf 66' lang='lat' dir='ltr'>Xmmenlslosler</span> <span class='ocrx_word' id='word_1_167' title='bbox 1399 1140 1452 1173; x_wconf 72' lang='lat' dir='ltr'>die</span> <span class='ocrx_word' id='word_1_168' title='bbox 1474 1139 1698 1185; x_wconf 67' lang='lat' dir='ltr'>Bewllliyemy</span> <span class='ocrx_word' id='word_1_169' title='bbox 1718 1152 1789 1173; x_wconf 69' lang='lat' dir='ltr'>zum</span> <span class='ocrx_word' id='word_1_170' title='bbox 1818 1140 1987 1186; x_wconf 75' lang='lat' dir='ltr'>Verlcaufe</span> 
     </span>
     <span class='ocr_line' id='line_1_17' title="bbox 139 1199 1985 1246; baseline 0.002 -14"><span class='ocrx_word' id='word_1_171' title='bbox 139 1200 197 1232; x_wconf 80' lang='lat' dir='ltr'>des</span> <span class='ocrx_word' id='word_1_172' title='bbox 226 1199 354 1243; x_wconf 76' lang='lat' dir='ltr'>Dorfes</span> <span class='ocrx_word' id='word_1_173' title='bbox 388 1199 596 1233; x_wconf 65' lang='lat' dir='ltr'>Treslsowilz</span> <span class='ocrx_word' id='word_1_174' title='bbox 625 1211 669 1233; x_wconf 80' lang='lat' dir='ltr'>(m</span> <span class='ocrx_word' id='word_1_175' title='bbox 697 1200 759 1233; x_wconf 79' lang='lat' dir='ltr'>das</span> <span class='ocrx_word' id='word_1_176' title='bbox 790 1199 945 1233; x_wconf 69' lang='lat' dir='ltr'>Brttelrct·</span> <span class='ocrx_word' id='word_1_177' title='bbox 973 1200 1125 1233; x_wconf 72' lang='lat' dir='ltr'>lslaster.</span> <span class='ocrx_word' id='word_1_178' title='bbox 1177 1199 1235 1234; x_wconf 81' lang='lat' dir='ltr'>Dl.</span> <span class='ocrx_word' id='word_1_179' title='bbox 1265 1199 1380 1245; x_wconf 70' lang='lat' dir='ltr'>Syloe.</span> <span class='ocrx_word' id='word_1_180' title='bbox 1411 1200 1583 1233; x_wconf 61' lang='lat' dir='ltr'>XXVIII.</span> <span class='ocrx_word' id='word_1_181' title='bbox 1615 1201 1668 1234; x_wconf 74' lang='lat' dir='ltr'>die</span> <span class='ocrx_word' id='word_1_182' title='bbox 1697 1201 1843 1246; x_wconf 71' lang='lat' dir='ltr'>Aprilis.</span> <span class='ocrx_word' id='word_1_183' title='bbox 1875 1201 1985 1236; x_wconf 73' lang='grc'><strong><em>1334.</em></strong></span> 
     </span>
    </p>
   </div>
   <div class='ocr_carea' id='block_1_6' title="bbox 139 1275 1989 2250">
    <p class='ocr_par' dir='ltr' id='par_1_6' title="bbox 139 1275 1989 2250">
     <span class='ocr_line' id='line_1_18' title="bbox 295 1275 1987 1341; baseline 0.002 -13"><span class='ocrx_word' id='word_1_184' title='bbox 295 1275 476 1328; x_wconf 54' lang='lat' dir='ltr'>lxouerint</span> <span class='ocrx_word' id='word_1_185' title='bbox 506 1298 652 1329; x_wconf 84' lang='lat' dir='ltr'>vniuersi</span> <span class='ocrx_word' id='word_1_186' title='bbox 680 1300 854 1341; x_wconf 86' lang='lat' dir='ltr'>presentes</span> <span class='ocrx_word' id='word_1_187' title='bbox 883 1296 995 1329; x_wconf 86' lang='lat' dir='ltr'>literas</span> <span class='ocrx_word' id='word_1_188' title='bbox 1026 1298 1216 1340; x_wconf 73' lang='lat' dir='ltr'>inspecturi,</span> <span class='ocrx_word' id='word_1_189' title='bbox 1239 1295 1330 1336; x_wconf 85' lang='lat' dir='ltr'>Quod</span> <span class='ocrx_word' id='word_1_190' title='bbox 1352 1294 1420 1329; x_wconf 67' lang='lat' dir='ltr'>Nos</span> <span class='ocrx_word' id='word_1_191' title='bbox 1442 1295 1604 1329; x_wconf 73' lang='lat' dir='ltr'>Stiborins</span> <span class='ocrx_word' id='word_1_192' title='bbox 1626 1299 1848 1331; x_wconf 85' lang='lat' dir='ltr'>miseracione</span> <span class='ocrx_word' id='word_1_193' title='bbox 1877 1297 1987 1332; x_wconf 86' lang='lat' dir='ltr'>diuina</span> 
     </span>
     <span class='ocr_line' id='line_1_19' title="bbox 140 1354 1986 1401; baseline 0.002 -13"><span class='ocrx_word' id='word_1_194' title='bbox 140 1354 254 1388; x_wconf 79' lang='lat' dir='ltr'>Abbas</span> <span class='ocrx_word' id='word_1_195' title='bbox 277 1354 464 1400; x_wconf 62' lang='lat' dir='ltr'>Syloensis„</span> <span class='ocrx_word' id='word_1_196' title='bbox 487 1355 665 1399; x_wconf 73' lang='lat' dir='ltr'>Pragensis</span> <span class='ocrx_word' id='word_1_197' title='bbox 694 1355 859 1401; x_wconf 73' lang='lat' dir='ltr'>dyocesis.</span> <span class='ocrx_word' id='word_1_198' title='bbox 883 1356 980 1389; x_wconf 86' lang='lat' dir='ltr'>Pater</span> <span class='ocrx_word' id='word_1_199' title='bbox 1008 1356 1109 1389; x_wconf 81' lang='lat' dir='ltr'>abbas</span> <span class='ocrx_word' id='word_1_200' title='bbox 1130 1355 1318 1400; x_wconf 78' lang='lat' dir='ltr'>Monasterij</span> <span class='ocrx_word' id='word_1_201' title='bbox 1341 1356 1559 1390; x_wconf 80' lang='lat' dir='ltr'>Cliunicensis</span> <span class='ocrx_word' id='word_1_202' title='bbox 1581 1356 1837 1392; x_wconf 87' lang='lat' dir='ltr'>Considerantes</span> <span class='ocrx_word' id='word_1_203' title='bbox 1866 1358 1986 1392; x_wconf 86' lang='lat' dir='ltr'>dietum</span> 
     </span>
     <span class='ocr_line' id='line_1_20' title="bbox 142 1414 1988 1463; baseline 0.003 -15"><span class='ocrx_word' id='word_1_204' title='bbox 142 1414 354 1449; x_wconf 76' lang='lat' dir='ltr'>Chunicense</span> <span class='ocrx_word' id='word_1_205' title='bbox 382 1415 621 1450; x_wconf 85' lang='lat' dir='ltr'>Monasterium</span> <span class='ocrx_word' id='word_1_206' title='bbox 651 1416 797 1461; x_wconf 87' lang='lat' dir='ltr'>pluribus</span> <span class='ocrx_word' id='word_1_207' title='bbox 832 1416 1015 1450; x_wconf 85' lang='lat' dir='ltr'>debitorum</span> <span class='ocrx_word' id='word_1_208' title='bbox 1050 1429 1089 1450; x_wconf 82' lang='lat' dir='ltr'>ac</span> <span class='ocrx_word' id='word_1_209' title='bbox 1125 1427 1297 1451; x_wconf 74' lang='lat' dir='ltr'>vsurarum</span> <span class='ocrx_word' id='word_1_210' title='bbox 1331 1417 1485 1463; x_wconf 85' lang='lat' dir='ltr'>periculis</span> <span class='ocrx_word' id='word_1_211' title='bbox 1522 1418 1713 1453; x_wconf 79' lang='lat' dir='ltr'>inuolutum.</span> <span class='ocrx_word' id='word_1_212' title='bbox 1750 1417 1865 1463; x_wconf 91' lang='lat' dir='ltr'>quibus</span> <span class='ocrx_word' id='word_1_213' title='bbox 1900 1418 1988 1453; x_wconf 89' lang='lat' dir='ltr'>nullo</span> 
     </span>
     <span class='ocr_line' id='line_1_21' title="bbox 139 1476 1989 1522; baseline 0.002 -13"><span class='ocrx_word' id='word_1_214' title='bbox 139 1476 286 1509; x_wconf 86' lang='lat' dir='ltr'>remedio</span> <span class='ocrx_word' id='word_1_215' title='bbox 315 1476 441 1510; x_wconf 85' lang='lat' dir='ltr'>obuiari</span> <span class='ocrx_word' id='word_1_216' title='bbox 470 1480 583 1522; x_wconf 54' lang='lat' dir='ltr'>potuih</span> <span class='ocrx_word' id='word_1_217' title='bbox 614 1480 675 1510; x_wconf 89' lang='lat' dir='ltr'>nisi</span> <span class='ocrx_word' id='word_1_218' title='bbox 705 1488 763 1522; x_wconf 88' lang='lat' dir='ltr'>per</span> <span class='ocrx_word' id='word_1_219' title='bbox 792 1477 1023 1510; x_wconf 78' lang='lat' dir='ltr'>vendicionem</span> <span class='ocrx_word' id='word_1_220' title='bbox 1057 1478 1195 1511; x_wconf 86' lang='lat' dir='ltr'>alicuius</span> <span class='ocrx_word' id='word_1_221' title='bbox 1230 1477 1418 1511; x_wconf 81' lang='lat' dir='ltr'>hereditatis</span> <span class='ocrx_word' id='word_1_222' title='bbox 1452 1482 1505 1511; x_wconf 85' lang='lat' dir='ltr'>aut</span> <span class='ocrx_word' id='word_1_223' title='bbox 1535 1478 1621 1513; x_wconf 79' lang='lat' dir='ltr'>ville.</span> <span class='ocrx_word' id='word_1_224' title='bbox 1652 1490 1725 1512; x_wconf 87' lang='lat' dir='ltr'>cum</span> <span class='ocrx_word' id='word_1_225' title='bbox 1761 1490 1815 1512; x_wconf 87' lang='lat' dir='ltr'>res</span> <span class='ocrx_word' id='word_1_226' title='bbox 1850 1478 1989 1513; x_wconf 89' lang='lat' dir='ltr'>mobiles</span> 
     </span>
     <span class='ocr_line' id='line_1_22' title="bbox 139 1537 1987 1584; baseline 0.002 -14"><span class='ocrx_word' id='word_1_227' title='bbox 139 1548 205 1570; x_wconf 92' lang='lat' dir='ltr'>non</span> <span class='ocrx_word' id='word_1_228' title='bbox 235 1539 430 1579; x_wconf 64' lang='lat' dir='ltr'>existerent,</span> <span class='ocrx_word' id='word_1_229' title='bbox 462 1537 501 1571; x_wconf 86' lang='lat' dir='ltr'>ad</span> <span class='ocrx_word' id='word_1_230' title='bbox 532 1542 618 1571; x_wconf 82' lang='lat' dir='ltr'>tanta</span> <span class='ocrx_word' id='word_1_231' title='bbox 649 1542 678 1571; x_wconf 86' lang='lat' dir='ltr'>ct</span> <span class='ocrx_word' id='word_1_232' title='bbox 709 1538 782 1571; x_wconf 85' lang='lat' dir='ltr'>talia</span> <span class='ocrx_word' id='word_1_233' title='bbox 813 1538 1044 1584; x_wconf 82' lang='lat' dir='ltr'>persoluenda.</span> <span class='ocrx_word' id='word_1_234' title='bbox 1084 1537 1273 1572; x_wconf 85' lang='lat' dir='ltr'>Venerabili</span> <span class='ocrx_word' id='word_1_235' title='bbox 1306 1540 1337 1571; x_wconf 90' lang='lat' dir='ltr'>in</span> <span class='ocrx_word' id='word_1_236' title='bbox 1374 1537 1502 1571; x_wconf 79' lang='lat' dir='ltr'>Christo</span> <span class='ocrx_word' id='word_1_237' title='bbox 1538 1538 1639 1572; x_wconf 83' lang='lat' dir='ltr'>fratri.</span> <span class='ocrx_word' id='word_1_238' title='bbox 1677 1538 1809 1572; x_wconf 91' lang='lat' dir='ltr'>domino</span> <span class='ocrx_word' id='word_1_239' title='bbox 1837 1538 1987 1583; x_wconf 77' lang='lat' dir='ltr'>Nicolao‚</span> 
     </span>
     <span class='ocr_line' id='line_1_23' title="bbox 140 1597 1988 1644; baseline 0.003 -15"><span class='ocrx_word' id='word_1_240' title='bbox 140 1600 308 1643; x_wconf 83' lang='lat' dir='ltr'>preposito</span> <span class='ocrx_word' id='word_1_241' title='bbox 344 1602 374 1631; x_wconf 91' lang='lat' dir='ltr'>et</span> <span class='ocrx_word' id='word_1_242' title='bbox 409 1609 469 1631; x_wconf 90' lang='lat' dir='ltr'>suo</span> <span class='ocrx_word' id='word_1_243' title='bbox 511 1597 698 1632; x_wconf 85' lang='lat' dir='ltr'>Connentui</span> <span class='ocrx_word' id='word_1_244' title='bbox 735 1598 935 1632; x_wconf 85' lang='lat' dir='ltr'>Chuniecnsi</span> <span class='ocrx_word' id='word_1_245' title='bbox 972 1598 1126 1644; x_wconf 83' lang='lat' dir='ltr'>predictis</span> <span class='ocrx_word' id='word_1_246' title='bbox 1162 1598 1331 1632; x_wconf 84' lang='lat' dir='ltr'>licenciam</span> <span class='ocrx_word' id='word_1_247' title='bbox 1368 1598 1561 1632; x_wconf 79' lang='lat' dir='ltr'>tlonauimus</span> <span class='ocrx_word' id='word_1_248' title='bbox 1597 1599 1762 1633; x_wconf 76' lang='lat' dir='ltr'>vendendi</span> <span class='ocrx_word' id='word_1_249' title='bbox 1804 1600 1915 1634; x_wconf 85' lang='lat' dir='ltr'>villam</span> <span class='ocrx_word' id='word_1_250' title='bbox 1956 1603 1988 1634; x_wconf 90' lang='lat' dir='ltr'>in</span> 
     </span>
     <span class='ocr_line' id='line_1_24' title="bbox 144 1657 1987 1705; baseline 0.002 -14"><span class='ocrx_word' id='word_1_251' title='bbox 144 1657 338 1700; x_wconf 59' lang='lat' dir='ltr'>Stetindorf,</span> <span class='ocrx_word' id='word_1_252' title='bbox 367 1669 430 1703; x_wconf 91' lang='lat' dir='ltr'>que</span> <span class='ocrx_word' id='word_1_253' title='bbox 460 1663 489 1691; x_wconf 91' lang='lat' dir='ltr'>et</span> <span class='ocrx_word' id='word_1_254' title='bbox 521 1658 725 1692; x_wconf 83' lang='lat' dir='ltr'>Dirskowitz</span> <span class='ocrx_word' id='word_1_255' title='bbox 754 1659 881 1693; x_wconf 75' lang='lat' dir='ltr'>dicitnr.</span> <span class='ocrx_word' id='word_1_256' title='bbox 913 1659 1019 1692; x_wconf 89' lang='lat' dir='ltr'>taliter</span> <span class='ocrx_word' id='word_1_257' title='bbox 1052 1659 1135 1704; x_wconf 82' lang='lat' dir='ltr'>quod</span> <span class='ocrx_word' id='word_1_258' title='bbox 1174 1661 1317 1705; x_wconf 85' lang='lat' dir='ltr'>precium</span> <span class='ocrx_word' id='word_1_259' title='bbox 1356 1662 1457 1704; x_wconf 84' lang='lat' dir='ltr'>ipsius</span> <span class='ocrx_word' id='word_1_260' title='bbox 1493 1662 1524 1692; x_wconf 90' lang='lat' dir='ltr'>iu</span> <span class='ocrx_word' id='word_1_261' title='bbox 1563 1660 1766 1694; x_wconf 81' lang='lat' dir='ltr'>solucionem</span> <span class='ocrx_word' id='word_1_262' title='bbox 1806 1660 1987 1694; x_wconf 87' lang='lat' dir='ltr'>debitorum</span> 
     </span>
     <span class='ocr_line' id='line_1_25' title="bbox 140 1719 1988 1763; baseline 0.002 -12"><span class='ocrx_word' id='word_1_263' title='bbox 140 1729 199 1751; x_wconf 87' lang='lat' dir='ltr'>sue</span> <span class='ocrx_word' id='word_1_264' title='bbox 237 1719 380 1752; x_wconf 84' lang='lat' dir='ltr'>ecclesie</span> <span class='ocrx_word' id='word_1_265' title='bbox 414 1724 666 1753; x_wconf 84' lang='lat' dir='ltr'>conuerteretur</span> <span class='ocrx_word' id='word_1_266' title='bbox 701 1719 904 1763; x_wconf 79' lang='lat' dir='ltr'>integraliter</span> <span class='ocrx_word' id='word_1_267' title='bbox 938 1724 969 1752; x_wconf 83' lang='lat' dir='ltr'>ct</span> <span class='ocrx_word' id='word_1_268' title='bbox 1012 1723 1040 1753; x_wconf 87' lang='lat' dir='ltr'>in</span> <span class='ocrx_word' id='word_1_269' title='bbox 1077 1724 1189 1756; x_wconf 66' lang='lat' dir='ltr'>totum„</span> <span class='ocrx_word' id='word_1_270' title='bbox 1221 1719 1323 1761; x_wconf 84' lang='lat' dir='ltr'>Quam</span> <span class='ocrx_word' id='word_1_271' title='bbox 1360 1720 1467 1753; x_wconf 85' lang='lat' dir='ltr'>villain</span> <span class='ocrx_word' id='word_1_272' title='bbox 1504 1719 1690 1753; x_wconf 82' lang='lat' dir='ltr'>Stetindorf</span> <span class='ocrx_word' id='word_1_273' title='bbox 1718 1720 1920 1754; x_wconf 88' lang='lat' dir='ltr'>venerabilis</span> <span class='ocrx_word' id='word_1_274' title='bbox 1957 1723 1988 1754; x_wconf 92' lang='lat' dir='ltr'>in</span> 
     </span>
     <span class='ocr_line' id='line_1_26' title="bbox 141 1779 1986 1826; baseline 0.002 -14"><span class='ocrx_word' id='word_1_275' title='bbox 141 1779 272 1812; x_wconf 73' lang='lat' dir='ltr'>Christo</span> <span class='ocrx_word' id='word_1_276' title='bbox 303 1779 412 1816; x_wconf 68' lang='lat' dir='ltr'>frater.</span> <span class='ocrx_word' id='word_1_277' title='bbox 443 1780 592 1813; x_wconf 73' lang='lat' dir='ltr'>dommus</span> <span class='ocrx_word' id='word_1_278' title='bbox 613 1780 784 1813; x_wconf 72' lang='lat' dir='ltr'>Jotmnnes</span> <span class='ocrx_word' id='word_1_279' title='bbox 807 1779 919 1813; x_wconf 69' lang='lat' dir='ltr'>Ahtms</span> <span class='ocrx_word' id='word_1_280' title='bbox 941 1779 1111 1817; x_wconf 66' lang='lat' dir='ltr'>Luci-usis„</span> <span class='ocrx_word' id='word_1_281' title='bbox 1134 1781 1363 1814; x_wconf 73' lang='lat' dir='ltr'>olomucensis</span> <span class='ocrx_word' id='word_1_282' title='bbox 1384 1780 1539 1814; x_wconf 81' lang='lat' dir='ltr'>diocesis.</span> <span class='ocrx_word' id='word_1_283' title='bbox 1564 1792 1621 1826; x_wconf 89' lang='lat' dir='ltr'>pro</span> <span class='ocrx_word' id='word_1_284' title='bbox 1642 1793 1678 1815; x_wconf 87' lang='lat' dir='ltr'>se</span> <span class='ocrx_word' id='word_1_285' title='bbox 1699 1786 1731 1815; x_wconf 86' lang='lat' dir='ltr'>et</span> <span class='ocrx_word' id='word_1_286' title='bbox 1751 1793 1809 1815; x_wconf 82' lang='lat' dir='ltr'>sua</span> <span class='ocrx_word' id='word_1_287' title='bbox 1830 1781 1986 1824; x_wconf 80' lang='lat' dir='ltr'>ecclesia,</span> 
     </span>
     <span class='ocr_line' id='line_1_27' title="bbox 141 1839 1989 1888; baseline 0.002 -16"><span class='ocrx_word' id='word_1_288' title='bbox 141 1839 180 1872; x_wconf 78' lang='lat' dir='ltr'>ile</span> <span class='ocrx_word' id='word_1_289' title='bbox 213 1844 325 1873; x_wconf 74' lang='lat' dir='ltr'>nostra</span> <span class='ocrx_word' id='word_1_290' title='bbox 355 1840 491 1885; x_wconf 70' lang='lat' dir='ltr'>speciali</span> <span class='ocrx_word' id='word_1_291' title='bbox 522 1840 658 1874; x_wconf 76' lang='lat' dir='ltr'>licencia</span> <span class='ocrx_word' id='word_1_292' title='bbox 689 1843 871 1886; x_wconf 80' lang='lat' dir='ltr'>cinpcionis</span> <span class='ocrx_word' id='word_1_293' title='bbox 902 1842 991 1874; x_wconf 86' lang='lat' dir='ltr'>titulo</span> <span class='ocrx_word' id='word_1_294' title='bbox 1021 1844 1232 1886; x_wconf 82' lang='lat' dir='ltr'>comparauit.</span> <span class='ocrx_word' id='word_1_295' title='bbox 1263 1852 1300 1874; x_wconf 88' lang='lat' dir='ltr'>ac</span> <span class='ocrx_word' id='word_1_296' title='bbox 1322 1843 1521 1886; x_wconf 74' lang='lat' dir='ltr'>prepositum</span> <span class='ocrx_word' id='word_1_297' title='bbox 1543 1846 1573 1874; x_wconf 92' lang='lat' dir='ltr'>et</span> <span class='ocrx_word' id='word_1_298' title='bbox 1596 1842 1801 1876; x_wconf 77' lang='lat' dir='ltr'>Conuentum</span> <span class='ocrx_word' id='word_1_299' title='bbox 1823 1841 1989 1888; x_wconf 86' lang='lat' dir='ltr'>predictos</span> 
     </span>
     <span class='ocr_line' id='line_1_28' title="bbox 144 1899 1989 1948; baseline 0.002 -16"><span class='ocrx_word' id='word_1_300' title='bbox 144 1913 161 1933; x_wconf 86' lang='lat' dir='ltr'>a</span> <span class='ocrx_word' id='word_1_301' title='bbox 194 1899 354 1934; x_wconf 79' lang='lat' dir='ltr'>Bcnessio</span> <span class='ocrx_word' id='word_1_302' title='bbox 383 1900 490 1934; x_wconf 79' lang='lat' dir='ltr'>Judeo</span> <span class='ocrx_word' id='word_1_303' title='bbox 520 1904 551 1934; x_wconf 87' lang='lat' dir='ltr'>in</span> <span class='ocrx_word' id='word_1_304' title='bbox 580 1900 715 1934; x_wconf 86' lang='lat' dir='ltr'>Znoima</span> <span class='ocrx_word' id='word_1_305' title='bbox 746 1904 777 1934; x_wconf 87' lang='lat' dir='ltr'>in</span> <span class='ocrx_word' id='word_1_306' title='bbox 806 1901 924 1934; x_wconf 84' lang='lat' dir='ltr'>debitis</span> <span class='ocrx_word' id='word_1_307' title='bbox 955 1901 1192 1935; x_wconf 81' lang='lat' dir='ltr'>Trecentaruni</span> <span class='ocrx_word' id='word_1_308' title='bbox 1222 1901 1407 1935; x_wconf 83' lang='lat' dir='ltr'>Marcarum</span> <span class='ocrx_word' id='word_1_309' title='bbox 1437 1905 1564 1945; x_wconf 66' lang='lat' dir='ltr'>arg-cuti</span> <span class='ocrx_word' id='word_1_310' title='bbox 1594 1901 1805 1936; x_wconf 74' lang='lat' dir='ltr'>Mol-aniculis</span> <span class='ocrx_word' id='word_1_311' title='bbox 1834 1902 1989 1948; x_wconf 85' lang='lat' dir='ltr'>ponderis</span> 
     </span>
     <span class='ocr_line' id='line_1_29' title="bbox 145 1961 1984 2008; baseline 0.001 -15"><span class='ocrx_word' id='word_1_312' title='bbox 145 1972 337 2001; x_wconf 57' lang='lat' dir='ltr'>¹*grossorum</span> <span class='ocrx_word' id='word_1_313' title='bbox 367 1961 582 2006; x_wconf 82' lang='lat' dir='ltr'>I&#39;ragensiuin</span> <span class='ocrx_word' id='word_1_314' title='bbox 613 1961 774 2000; x_wconf 61' lang='lat' dir='ltr'>liberaum</span> <span class='ocrx_word' id='word_1_315' title='bbox 805 1961 845 1995; x_wconf 77' lang='lat' dir='ltr'>Et</span> <span class='ocrx_word' id='word_1_316' title='bbox 875 1965 953 2008; x_wconf 75' lang='lat' dir='ltr'>ipsis</span> <span class='ocrx_word' id='word_1_317' title='bbox 983 1962 1022 1995; x_wconf 86' lang='lat' dir='ltr'>ab</span> <span class='ocrx_word' id='word_1_318' title='bbox 1059 1962 1174 1996; x_wconf 85' lang='lat' dir='ltr'>eodeni</span> <span class='ocrx_word' id='word_1_319' title='bbox 1213 1962 1317 1995; x_wconf 57' lang='lat' dir='ltr'>„ludeo</span> <span class='ocrx_word' id='word_1_320' title='bbox 1353 1962 1477 1995; x_wconf 72' lang='lat' dir='ltr'>litteras</span> <span class='ocrx_word' id='word_1_321' title='bbox 1514 1965 1656 2007; x_wconf 74' lang='lat' dir='ltr'>ipsorum</span> <span class='ocrx_word' id='word_1_322' title='bbox 1694 1963 1812 1996; x_wconf 79' lang='lat' dir='ltr'>(lictum</span> <span class='ocrx_word' id='word_1_323' title='bbox 1843 1962 1984 1996; x_wconf 84' lang='lat' dir='ltr'>debitum</span> 
     </span>
     <span class='ocr_line' id='line_1_30' title="bbox 142 2022 1988 2069; baseline 0.001 -15"><span class='ocrx_word' id='word_1_324' title='bbox 142 2024 363 2056; x_wconf 75' lang='lat' dir='ltr'>continentes.</span> <span class='ocrx_word' id='word_1_325' title='bbox 394 2022 537 2056; x_wconf 89' lang='lat' dir='ltr'>totaliter</span> <span class='ocrx_word' id='word_1_326' title='bbox 565 2022 765 2067; x_wconf 57' lang='lat' dir='ltr'>exbrigauih</span> <span class='ocrx_word' id='word_1_327' title='bbox 798 2022 883 2055; x_wconf 69' lang='lat' dir='ltr'>vnde</span> <span class='ocrx_word' id='word_1_328' title='bbox 912 2022 998 2056; x_wconf 81' lang='lat' dir='ltr'>‹liete</span> <span class='ocrx_word' id='word_1_329' title='bbox 1026 2023 1103 2057; x_wconf 76' lang='lat' dir='ltr'>ville</span> <span class='ocrx_word' id='word_1_330' title='bbox 1134 2023 1361 2057; x_wconf 75' lang='lat' dir='ltr'>vendicionem</span> <span class='ocrx_word' id='word_1_331' title='bbox 1390 2025 1552 2056; x_wconf 79' lang='lat' dir='ltr'>cuiusuis</span> <span class='ocrx_word' id='word_1_332' title='bbox 1575 2025 1788 2069; x_wconf 72' lang='lat' dir='ltr'>pertinenciis</span> <span class='ocrx_word' id='word_1_333' title='bbox 1809 2023 1988 2056; x_wconf 85' lang='lat' dir='ltr'>secundum</span> 
     </span>
     <span class='ocr_line' id='line_1_31' title="bbox 144 2082 1985 2130; baseline 0.001 -15"><span class='ocrx_word' id='word_1_334' title='bbox 144 2082 227 2128; x_wconf 81' lang='lat' dir='ltr'>quod</span> <span class='ocrx_word' id='word_1_335' title='bbox 260 2082 471 2127; x_wconf 75' lang='lat' dir='ltr'>l&#39;rivilcgium</span> <span class='ocrx_word' id='word_1_336' title='bbox 501 2083 541 2116; x_wconf 85' lang='lat' dir='ltr'>(le</span> <span class='ocrx_word' id='word_1_337' title='bbox 570 2083 631 2116; x_wconf 83' lang='lat' dir='ltr'>lioc</span> <span class='ocrx_word' id='word_1_338' title='bbox 662 2082 849 2116; x_wconf 82' lang='lat' dir='ltr'>consectum</span> <span class='ocrx_word' id='word_1_339' title='bbox 879 2087 1035 2126; x_wconf 75' lang='lat' dir='ltr'>continet,</span> <span class='ocrx_word' id='word_1_340' title='bbox 1065 2087 1257 2118; x_wconf 86' lang='lat' dir='ltr'>auctoritate</span> <span class='ocrx_word' id='word_1_341' title='bbox 1287 2088 1423 2129; x_wconf 85' lang='lat' dir='ltr'>paterna</span> <span class='ocrx_word' id='word_1_342' title='bbox 1459 2094 1521 2128; x_wconf 81' lang='lat' dir='ltr'>qua</span> <span class='ocrx_word' id='word_1_343' title='bbox 1559 2084 1727 2128; x_wconf 82' lang='lat' dir='ltr'>fungimur</span> <span class='ocrx_word' id='word_1_344' title='bbox 1755 2084 1985 2130; x_wconf 81' lang='lat' dir='ltr'>approbannis.</span> 
     </span>
     <span class='ocr_line' id='line_1_32' title="bbox 144 2142 1988 2189; baseline 0.001 -13"><span class='ocrx_word' id='word_1_345' title='bbox 144 2142 264 2176; x_wconf 83' lang='lat' dir='ltr'>llaruni</span> <span class='ocrx_word' id='word_1_346' title='bbox 295 2154 374 2187; x_wconf 80' lang='lat' dir='ltr'>quas</span> <span class='ocrx_word' id='word_1_347' title='bbox 405 2148 518 2177; x_wconf 87' lang='lat' dir='ltr'>nostro</span> <span class='ocrx_word' id='word_1_348' title='bbox 548 2143 664 2188; x_wconf 84' lang='lat' dir='ltr'>Sigillo</span> <span class='ocrx_word' id='word_1_349' title='bbox 693 2146 897 2188; x_wconf 75' lang='lat' dir='ltr'>signauimus</span> <span class='ocrx_word' id='word_1_350' title='bbox 927 2147 1113 2178; x_wconf 81' lang='lat' dir='ltr'>testimonio</span> <span class='ocrx_word' id='word_1_351' title='bbox 1141 2145 1329 2179; x_wconf 88' lang='lat' dir='ltr'>litterarum.</span> <span class='ocrx_word' id='word_1_352' title='bbox 1386 2143 1503 2176; x_wconf 88' lang='lat' dir='ltr'>Datum</span> <span class='ocrx_word' id='word_1_353' title='bbox 1534 2144 1649 2189; x_wconf 53' lang='lat' dir='ltr'>Sylot:</span> <span class='ocrx_word' id='word_1_354' title='bbox 1680 2144 1778 2177; x_wconf 72' lang='lat' dir='ltr'>Anno</span> <span class='ocrx_word' id='word_1_355' title='bbox 1813 2144 1988 2178; x_wconf 82' lang='lat' dir='ltr'>Millcsimo</span> 
     </span>
     <span class='ocr_line' id='line_1_33' title="bbox 143 2203 1036 2250; baseline 0.002 -14"><span class='ocrx_word' id='word_1_356' title='bbox 143 2203 434 2238; x_wconf 63' lang='lat' dir='ltr'>ct&#39;wxxxntF’.</span> <span class='ocrx_word' id='word_1_357' title='bbox 465 2204 637 2238; x_wconf 61' lang='lat' dir='ltr'>XXVHW.</span> <span class='ocrx_word' id='word_1_358' title='bbox 670 2204 721 2238; x_wconf 81' lang='lat' dir='ltr'>(lie</span> <span class='ocrx_word' id='word_1_359' title='bbox 751 2207 872 2237; x_wconf 77' lang='lat' dir='ltr'>mensis</span> <span class='ocrx_word' id='word_1_360' title='bbox 901 2205 1036 2250; x_wconf 76' lang='lat' dir='ltr'>Aprilis.</span> 
     </span>
    </p>
   </div>
   <div class='ocr_carea' id='block_1_7' title="bbox 450 2283 1986 2365">
    <p class='ocr_par' dir='ltr' id='par_1_7' title="bbox 450 2283 1986 2365">
     <span class='ocr_line' id='line_1_34' title="bbox 450 2283 1986 2317; baseline -0.001 -7"><span class='ocrx_word' id='word_1_361' title='bbox 450 2283 516 2310; x_wconf 68' lang='lat' dir='ltr'>(llas</span> <span class='ocrx_word' id='word_1_362' title='bbox 541 2284 614 2311; x_wconf 59' lang='lat' dir='ltr'>(trie.</span> <span class='ocrx_word' id='word_1_363' title='bbox 641 2284 686 2309; x_wconf 76' lang='lat' dir='ltr'>auf</span> <span class='ocrx_word' id='word_1_364' title='bbox 708 2283 862 2312; x_wconf 47' lang='lat' dir='ltr'>Peri-tament</span> <span class='ocrx_word' id='word_1_365' title='bbox 887 2285 930 2309; x_wconf 80' lang='lat' dir='ltr'>tuit</span> <span class='ocrx_word' id='word_1_366' title='bbox 954 2285 1039 2309; x_wconf 87' lang='lat' dir='ltr'>ciucm</span> <span class='ocrx_word' id='word_1_367' title='bbox 1064 2284 1158 2309; x_wconf 66' lang='lat' dir='ltr'>ovanti-n</span> <span class='ocrx_word' id='word_1_368' title='bbox 1184 2283 1276 2317; x_wconf 65' lang='lat' dir='ltr'>Sigitte</span> <span class='ocrx_word' id='word_1_369' title='bbox 1300 2285 1323 2309; x_wconf 82' lang='lat' dir='ltr'>in</span> <span class='ocrx_word' id='word_1_370' title='bbox 1348 2283 1395 2308; x_wconf 80' lang='lat' dir='ltr'>‹lcr</span> <span class='ocrx_word' id='word_1_371' title='bbox 1419 2283 1572 2311; x_wconf 61' lang='lat' dir='ltr'>Sammluua</span> <span class='ocrx_word' id='word_1_372' title='bbox 1596 2283 1644 2308; x_wconf 72' lang='lat' dir='ltr'>‹lcs</span> <span class='ocrx_word' id='word_1_373' title='bbox 1669 2283 1853 2310; x_wconf 71' lang='lat' dir='ltr'>llossccrctiirs</span> <span class='ocrx_word' id='word_1_374' title='bbox 1873 2283 1896 2309; x_wconf 88' lang='grc' dir='ltr'>.Ι.</span> <span class='ocrx_word' id='word_1_375' title='bbox 1917 2283 1941 2309; x_wconf 84' lang='grc' dir='ltr'>.Ι.</span> <span class='ocrx_word' id='word_1_376' title='bbox 1957 2283 1986 2309; x_wconf 89' lang='grc' dir='ltr'>ΙΙ.</span> 
     </span>
     <span class='ocr_line' id='line_1_35' title="bbox 554 2336 676 2365; baseline 0 -4"><span class='ocrx_word' id='word_1_377' title='bbox 554 2336 676 2365; x_wconf 71' lang='lat' dir='ltr'>t&#39;zikun.)</span> 
     </span>
    </p>
   </div>
  </div>
 </body>
</html>
