2184 2828
1082 121 1153 154 364

196 237 356 271 Illustrem
379 237 563 283 Principem
585 237 760 270 Dominum
782 236 968 271 Boleslaum
991 237 1115 270 Ducem
1137 237 1247 270 Slezie
1267 237 1442 271 Dominum
1462 237 1667 283 Bregensem
1698 241 1860 272 sororium
1890 242 2037 271 nostrum

197 301 404 331 carissimum
441 309 518 331 suas
557 302 662 330 terras
699 302 808 331 castra
838 300 991 331 civitates
1020 296 1220 330 Munitiones
1249 302 1282 330 et
1311 297 1438 342 Oppida
1475 310 1556 344 quas
1586 304 1617 332 et
1646 310 1709 344 que
1738 298 1838 332 habet
1866 302 1897 331 et
1927 297 2038 331 habuit

196 369 269 391 cum
298 360 366 391 suis
396 356 598 391 districtibus
628 360 801 391 territoriis
831 358 915 390 villis
945 357 1130 390 luminibus
1159 356 1322 390 nobilibus
1351 357 1507 391 Militibus
1535 358 1719 392 feudalibus
1749 363 1779 392 et
1802 358 1944 392 Vasallis
1975 369 2037 391 nec

195 429 261 451 nou
290 418 362 451 aliis
392 420 599 463 pertinentiis
629 422 659 450 et
687 417 859 462 appendiis
890 420 1055 450 universis
1085 416 1125 449 ab
1146 417 1436 451 Excellentissimo
1466 423 1497 452 et
1524 418 1702 463 Magnifico
1724 418 1875 464 Principe
1895 418 2038 451 Domino

195 477 348 512 ,Iohanne
370 478 506 511 Boemic
529 477 624 521 Rege
646 477 805 511 Genitore
835 482 946 510 nostro
976 480 1148 510 carissimo
1178 482 1210 510 et
1230 490 1248 511 a
1267 478 1387 521 Regno
1408 477 1542 512 Boemie
1571 482 1620 512 sui
1650 491 1688 512 ac
1718 478 1873 512 heredum
1904 489 2038 512 suorum

196 541 328 572 nomine
350 538 467 571 dudum
498 541 689 583 suscepisse
719 538 846 582 sibique
868 538 907 570 de
937 538 1103 571 sci-vando
1132 542 1291 583 perpetue
1321 538 1481 572 lidelitatis
1510 539 1664 576 homagio
1694 542 1878 584 prestitisse
1908 539 2037 572 solitum

193 600 415 641 juramentum
455 602 549 643 prout
579 600 609 631 in
648 599 760 631 litteris
790 608 890 643 super
920 597 980 631 boc
1010 609 1069 642 per
1096 601 1201 643 ipsum
1239 598 1414 631 Dominum
1443 602 1626 642 genitorem
1657 599 1739 632 datis
1770 599 1897 644 plenius
1926 601 2038 635 conti-

197 664 308 692 netur:
340 658 485 702 Ideoque
514 662 729 703 promittimus
760 658 844 691 bona
876 658 938 691 lide
966 662 1041 692 vice
1072 663 1103 691 et
1133 661 1264 691 nomine
1288 660 1464 701 juramenti
1494 659 1674 704 predictum
1706 658 1829 692 Ducem
1850 658 2038 692 Boleslaum

195 731 258 752 nec
294 730 358 752 non
393 718 539 752 11111511·οέ-
574 719 745 764 Principes
790 718 951 751 Dominos
986 718 1225 751 U'enceslaum
1268 723 1299 752 et
1343 718 1544 753 Ludovicum
1588 719 1697 753 Duces
1732 719 1843 752 Slezie
1878 718 2039 752 Dominos

194 779 425 823 Lignicenses.
456 782 601 824 ipsorum
632 780 715 812 lilios
745 783 776 812 et
806 778 948 812 liei-edes
978 779 1154 823 legitimos.
1186 779 1382 813 Avunculus
1403 783 1533 813 nostros
1553 783 1742 813 carissimos
1763 790 1825 813 nec
1846 790 1912 812 non
1932 783 2040 813 terras

194 840 280 873 bona
309 842 546 884 possessiones
576 844 605 872 et
635 839 785 872 homines
815 839 996 872 ‹wirundem
1027 851 1108 884 quas
1138 839 1259 872 liabent
1288 844 1320 872 et
1349 838 1494 872 obtinent
1523 844 1575 873 aut
1604 839 1795 873 obtinebunt
1825 842 2039 884 imposterum

194 905 225 934 et
254 899 419 934 habebunt
449 903 537 933 circa
568 898 730 944 quaslibet
761 899 937 940 dignitates
966 899 1112 933 honores
1141 903 1266 943 gratias
1295 899 1460 933 libertates
1489 905 1521 933 et
1546 900 1626 933 Jura
1655 899 1771 945 quibus
1803 902 2038 944 progenitores

193 964 339 1006 ipsorum
369 972 407 994 ac
438 963 500 1005 ipsi
529 964 603 993 sunt
632 962 682 993 usi
712 960 836 1005 pridem
867 960 1111 1005 quomodolibet
1141 965 1172 993 et
1201 962 1310 1003 gavisi
1340 964 1370 993 et
1400 960 1586 1005 specialiter
1606 963 1693 993 cirea
1723 964 1843 1005 puncta
1873 960 2038 993 clausulas

193 1026 225 1054 et
255 1021 412 1054 articulos
443 1025 475 1054 ut
504 1023 535 1053 in
566 1020 641 1053 dicti
670 1019 801 1053 Domini
830 1023 991 1064 genitoris
1022 1023 1123 1053 nostri
1154 1020 1269 1053 litteris
1298 1023 1484 1054 continetur
1512 1025 1665 1066 quantum
1695 1023 1797 1053 nostri
1827 1019 1868 1053 ad
1897 1030 2038 1065 presens

195 1085 329 1115 interest
360 1086 411 1114 :tut
443 1083 590 1114 intererit
620 1083 651 1113 in
682 1080 822 1113 futurum
853 1080 987 1114 ubilibet
1016 1092 1221 1114 conservare
1255 1085 1285 1114 et
1315 1092 1400 1114 nunc
1435 1085 1466 1114 ut
1503 1085 1599 1114 antea
1636 1085 1851 1114 manutenere
1881 1091 1944 1114 nec
1972 1091 2039 1113 non

194 1145 348 1187 prosequi
379 1140 617 1175 insolabilibus
647 1145 678 1173 et
716 1144 798 1174 tueri
828 1144 908 1187 ipsis
938 1146 968 1174 et
998 1141 1132 1175 cuilibet
1169 1144 1201 1174 in
1239 1152 1352 1175 eorum
1383 1140 1688 1186 Opportunitatibus
1718 1145 1749 1174 et
1778 1140 2038 1174 necessitatibus

193 1206 314 1236 nostris
349 1203 505 1235 Consiliis
543 1206 574 1234 et
609 1202 754 1234 Auxiliis
791 1206 887 1247 prout
921 1201 1015 1235 decet
1050 1206 1081 1235 et
1116 1201 1253 1247 expedit
1288 1201 1493 1235 assistendo:
1528 1201 1565 1234 In
1600 1205 1693 1235 cuius
1729 1204 1776 1235 rei
1813 1203 2039 1235 testimonium

194 1267 369 1309 presentes
398 1263 469 1295 lieri
499 1266 529 1295 et
558 1260 740 1305 sigillorum
770 1266 958 1295 nostrorum
987 1263 1151 1296 voluimus
1181 1265 1387 1308 appensione
1416 1264 1547 1295 muniri:
1577 1262 1699 1295 Actum
1729 1266 1759 1295 et
1789 1261 1897 1295 datum
1926 1261 2038 1306 Prage

195 1325 294 1357 Anno
324 1323 456 1356 Domini
483 1321 720 1356 MCCCXLIII.
751 1322 806 1355 111.
838 1322 910 1356 Kal.
940 1323 1099 1366 Augusti.

502 1400 694 1434 (Aligedruckt
724 1400 765 1425 bei
795 1401 1002 1434 Soininersbeig
1032 1402 1056 1426 in
1089 1401 1241 1426 Silesiacar.
1275 1409 1326 1427 rer.
1353 1401 1482 1435 Scriptor.
1515 1400 1533 1426 I.
1560 1400 1586 1425 S.
1613 1400 1673 1425 904
1699 1409 1723 1426 n.
1750 1400 1902 1427 CXXXVII.
1929 1400 2040 1427 Goldast

607 1452 721 1487 append.
748 1453 935 1479 documentor.
962 1455 988 1478 S.
1009 1452 1046 1478 53
1073 1462 1097 1478 11.
1122 1453 1215 1479 xxxi.
1243 1453 1334 1487 Vergl.
1352 1452 1696 1478 DuhnerMonument.1v.
1724 1454 1749 1479 S.
1766 1452 1825 1478 312
1850 1461 1876 1479 n.
1894 1452 2041 1484 CLXXIX.)

1068 1572 1174 1608 497.

339 1632 460 1693 harh
490 1650 666 1696 Markgraf
682 1662 748 1684 von
769 1650 923 1684 Mithren.
954 1650 1143 1696 verspriclit
1163 1650 1235 1684 dem
1257 1650 1415 1695 Herzoge
1435 1649 1607 1683 Boleslaus
1628 1661 1694 1684 von
1716 1649 1902 1693 Schlesieu„
1932 1649 2039 1684 Herrn

195 1722 261 1745 von
290 1711 408 1755 Brieg.
444 1714 571 1745 seinem
602 1711 806 1755 Scliwager.
843 1711 1007 1744 naclidem
1043 1711 1198 1745 derselbe
1231 1715 1358 1745 seinem
1391 1710 1495 1744 Vater
1529 1721 1653 1754 wegen
1688 1710 1778 1744 Laud
1815 1710 1880 1744 und
1914 1710 2039 1744 Leuten

195 1772 387 1817 Huldigung
414 1772 549 1817 gethan.
579 1772 634 1805 11111
663 1772 750 1806 nach
779 1771 919 1805 Krasten
949 1783 989 1805 zu
1018 1772 1169 1806 erhalten
1196 1771 1261 1805 und
1291 1783 1330 1805 zu
1358 1770 1527 1805 schutzen.
1557 1770 1611 1804 Dt.
1633 1770 1732 1815 Prag,
1763 1770 1821 1805 30.
1843 1770 1907 1804 Juli
1929 1770 2038 1805 1343.

501 1851 606 1883 (Balbin
629 1851 702 1877 Misc.
729 1851 757 1877 S.
785 1850 833 1877 36.
879 1850 995 1877 Bohmer
1020 1851 1070 1877 Ad.
1096 1850 1128 1877 11.
1155 1851 1181 1876 S.
1209 1850 1269 1876 347
1295 1859 1319 1876 n.
1346 1850 1408 1882 65.)

1055 1970 1161 2007 498.
1610 1979 1617 1994 ¹

350 2029 558 2094 l'larligraf
574 2049 651 2083 liarl
673 2060 740 2083 von
760 2049 897 2083 Mabren
918 2048 1075 2094 bestatigt
1103 2049 1155 2083 die
1174 2048 1434 2092 Entscheidung„
1463 2046 1595 2081 welche
1623 2047 1681 2080 der
1700 2046 1826 2092 konigl.
1846 2047 2040 2082 bohmische

195 2110 391 2144 Kammerer
421 2110 549 2148 Uirich,
580 2114 727 2154 genannt
757 2109 867 2154 Pllug.
904 2109 986 2143 iiber
1014 2109 1131 2143 Befebl
1165 2109 1224 2143 des
1253 2109 1378 2153 Konigs
1410 2107 1540 2141 ι10113111]
1571 2119 1622 2140 am
1659 2107 1692 2141 3.
1722 2107 1910 2142 December
1939 2107 2036 2142 1332

196 2174 226 2204 in
263 2170 337 2204 dem
372 2171 546 2204 zwischen
581 2170 654 2203 dem
690 2170 823 2204 Kloster
856 2170 1013 2215 Ileiligen
1048 2170 1137 2204 Kron
1174 2170 1238 2203 und
1274 2169 1336 2203 den
1363 2167 1593 2202 Einwohnern
1631 2179 1697 2201 von
1730 2167 1880 2202 Netolicz
1915 2179 2040 2213 wegen

196 2234 288 2265 einer
316 2231 544 2275 Zinszablung
578 2230 805 2264 bestandenen
842 2231 956 2265 Stritte
985 2233 1016 2264 111
1047 2231 1106 2264 der
1134 2230 1275 2264 Altstadt
1303 2229 1389 2273 Prag
1416 2227 1592 2273 gescliopft
1621 2227 1719 2262 hatte.
1775 2228 1828 2262 [)1.
1859 2229 1976 2273 Pragae
2006 2232 2039 2262 in

196 2290 281 2325 sesto
308 2291 340 2325 b.
370 2291 456 2325 Petri
487 2295 591 2336 apost.
622 2291 661 2324 ad
691 2292 823 2325 vincula
854 2291 907 2335 (1.
939 2291 1089 2336 August)
1124 2291 1229 2324 1343.

504 2370 589 2402 (ΝΜ-11
610 2370 684 2396 einer
699 2370 835 2396 Abs-christ
860 2372 891 2395 im
910 2370 934 2395 k.
954 2370 1043 2395 bolmi.
1064 2370 1180 2395 Muscam
1198 2377 1244 2394 aus
1262 2368 1318 2394 dem
1338 2366 1410 2400 Orig.
1430 2367 1477 2392 des
1503 2366 1527 2391 k.
1555 2367 1579 2392 k.
1607 2367 1667 2400 geli.
1688 2367 1862 2393 llosarcliives
1887 2376 1916 2393 zu
1935 2347 2039 2398 Wien.)
