2184 2828
1011 106 1083 140 127

127 230 320 270 canonicus⁷
349 230 506 272 paternus
542 229 574 258 et
608 229 724 258 noster
758 227 904 258 notarius
939 224 1087 265 dilectus,
1122 222 1265 256 ostendit
1306 222 1401 256 nobis
1437 222 1594 268 quasdam
1630 222 1742 255 literas
1777 222 1972 256 excellentis

127 291 296 335 principis,
326 286 447 320 domini
475 284 647 319 Johannis.
678 285 812 318 Boeniie
841 285 946 329 Regis
974 283 1273 327 Lucemburgensis
1294 282 1439 316 Comitis.
1470 283 1590 316 domini
1621 287 1653 316 et
1680 285 1840 327 genitoris
1869 285 1972 316 nostri

128 348 299 383 Karissimi
336 351 452 392 petens
489 356 562 379 cum
600 348 773 387 instancia,
812 350 846 379 vt
883 345 1016 379 easdem
1054 343 1239 390 approbare
1275 347 1306 377 et
1341 344 1507 377 ratificare
1550 343 1589 377 de
1632 343 1836 387 benignitate
1878 343 1972 376 solita

127 409 350 453 dignaremur.
382 406 526 447 Quarum
555 405 686 450 quidem
715 406 881 439 literarum
911 410 1006 439 tenor
1033 405 1105 438 talis
1134 409 1184 438 est
1203 404 1374 438 Johannes
1403 404 1454 438 dei
1484 407 1597 449 gracia
1624 403 1784 438 Bohemie
1804 403 1879 437 Rex
1909 407 1972 436 etc.

126 480 230 515 usque
259 468 377 502 Datum
407 467 553 500 Wienne
581 469 613 500 in
642 465 695 499 die
722 466 809 500 beati
838 466 925 500 Luce
954 465 1181 510 Ewangeliste
1209 464 1262 510 (S.
1294 464 1330 499 B.
1362 464 1418 499 Vl.
1449 464 1483 498 S.
1515 464 1600 498 299.
1631 476 1663 499 n.
1695 463 1867 507 CCCXC.)
1905 462 1973 497 Nos

127 529 333 564 attendentes
371 527 456 573 quod
494 527 590 561 decet
626 529 810 573 principum
845 526 1103 572 prouidenciam,
1137 537 1177 559 ea
1212 525 1252 560 ad
1281 528 1431 560 semitam
1469 527 1598 559 iusticie
1632 525 1806 567 reducere,
1843 535 1907 569 que
1942 526 1974 557 in

127 590 341 636 prejudicium
362 588 588 622 Ecclesiarum
617 589 724 621 minus
754 586 862 621 debite
890 592 963 621 sunt
991 597 1163 628 concessa,
1193 586 1359 632 predictas
1389 585 1509 620 domini
1531 585 1698 619 Genitoris
1726 587 1831 619 nostri
1851 584 1973 626 literaS,

127 654 223 697 prout
265 649 306 683 de
348 648 453 682 verbo
488 648 528 682 ad
564 647 702 682 verbum
744 647 954 693 presentibus
996 652 1068 682 sunt
1103 650 1238 689 inserte,
1283 646 1504 693 approbamus
1539 651 1571 680 et
1608 646 1818 688 ratificamus,
1861 647 1975 690 eisque

127 715 274 745 nostrum
313 720 513 744 consensum
549 708 725 754 prebemus
760 711 882 754 pariter
916 713 946 742 et
984 719 1155 742 assensum
1191 707 1314 741 Harum
1350 712 1536 741 nostrarum
1573 709 1760 740 testimonio
1795 706 1974 740 literarum.

127 771 245 806 Datum
267 771 400 805 Brunne
429 771 530 804 Anno
559 769 680 803 domini
710 768 883 803 Millesimo
912 769 1162 803 Trecentesimo
1192 768 1377 802 Tricesimo
1408 771 1558 813 septimQ
1589 767 1671 800 feria
1700 771 1795 801 sexta
1824 769 1976 812 proxima

128 837 200 879 post
233 832 354 866 festum
383 830 486 865 Beate
514 830 694 864 Katherine
724 832 876 874 virginis.

437 910 521 942 (Nacb
551 909 599 934 der
629 903 703 942 Ori'g.
736 908 1048 941 Bustalignacum-kunde
1079 908 1109 934 K.
1140 908 1275 934 Ladislavs
1301 916 1359 933 vom
1386 907 1409 933 ,1.
1443 907 1531 933 1153.
1566 908 1597 932 im
1629 907 1753 940 dortigen
1791 906 1975 932 Stadtarcbive

542 961 755 995 abgescbrieben
781 962 813 986 A.
840 961 969 992 notzek.)

1005 1081 1106 1116 18⁰.

130 1162 204 1196 Der
238 1161 467 1206 ttfiqselzrader
495 1159 621 1194 Probsl
642 1159 809 1193 Bertleold
838 1171 898 1193 ron
928 1159 1024 1203 Lipa,
1057 1150 1169 1192 (fenals
1197 1159 1315 1192 {Iessea
1336 1158 1483 1200 Brader„
1504 1157 1640 1191 ,lohmm
1663 1169 1723 1191 ron
1745 1156 1976 1201 li'le'ngenbety

131 1223 196 1256 med
222 1210 387 1256 Heinrich
416 1233 479 1255 ron
510 1221 594 1265 Lista
622 1220 728 1265 Heben
758 1221 829 1253 (lem
864 1220 1006 1253 Ii'loster
1043 1219 1157 1252 Maria
1193 1219 1283 1253 Saul
1316 1220 1347 1252 in
1378 1218 1547 1252 Altbrmm
1582 1219 1643 1252 das
1678 1218 1774 1261 Dorf
1810 1217 1977 1252 tt'azann·

127 1286 184 1328 fiir
212 1284 272 1316 das
307 1282 406 1316 lmlbe
440 1282 537 1326 Dorf
565 1282 714 1315 Gen-<lam
770 1281 830 1314 Dt.
880 1280 1006 1314 Breme.
1037 1279 1098 1314 IV.
1127 1280 1272 1313 Kalend.
1303 1279 1484 1313 Decembr.
1517 1278 1597 1321 (28.
1628 1278 1831 1320 Norembr.)
1865 1277 1976 1311 1337.

285 1359 374 1412 ¹Nos
412 1377 585 1411 Bertoldus
621 1377 672 1410 dei
708 1379 820 1422 gracia
856 1376 1163 1422 Nszsegradensis
1197 1375 1386 1421 Prepositus
1422 1375 1530 1420 Regni
1568 1374 1704 1408 Boemie
1741 1373 1976 1407 Cancellarius.

132 1444 164 1473 et
193 1438 324 1473 Czeneo
352 1438 470 1472 fratres
500 1438 540 1471 de
568 1438 673 1484 Lypeu
704 1437 841 1471 Necnon
871 1437 1041 1470 Jobannes
1068 1436 1108 1469 de
1138 1436 1393 1480 Clingenbercb.
1425 1440 1456 1469 et
1476 1435 1650 1478 Henricns‚
1672 1435 1835 1481 quondam
1856 1434 1979 1467 domini

132 1500 266 1533 Henrici
291 1501 425 1543 juuenis
463 1498 503 1532 de
540 1498 630 1544 Lypa
660 1499 743 1532 silius
773 1501 938 1532 vniuersis
972 1503 1035 1531 tam
1071 1497 1283 1531 Presentibus
1317 1508 1411 1543 quam
1446 1496 1575 1530 suturis.
1617 1501 1732 1530 tenore
1769 1497 1978 1541 presencium

132 1563 405 1604 recognoscimus
443 1564 474 1593 et
507 1559 659 1603 fatemur5
696 1559 790 1600 Quod
830 1559 977 1592 dominus
1013 1558 1176 1591 Henricus
1213 1558 1351 1591 Junenis
1389 1557 1428 1591 de
1457 1557 1560 1603 Lypa.
1596 1560 1648 1603 pie
1683 1559 1842 1590 memorie
1876 1555 1980 1589 frater

133 1625 164 1654 et
194 1620 350 1654 Sororius
370 1624 484 1653 noster
502 1620 714 1666 preditectus,
736 1620 810 1653 licet
831 1619 1048 1653 vebeincncia
1079 1618 1270 1663 egritudinis
1299 1619 1482 1664 corporalis
1512 1618 1703 1664 depressus,
1732 1622 1841 1651 mente
1869 1621 1977 1650 tamen

135 1692 236 1716 sanus
265 1685 297 1714 et
325 1692 474 1727 compos,
504 1691 563 1727 pro
593 1684 702 1714 anime
737 1692 795 1715 sue
835 1691 1033 1724 suorumque
1071 1679 1344 1724 predecessorum
1381 1691 1419 1713 ac
1448 1684 1668 1725 posterorum.
1698 1683 1730 1712 et
1757 1689 1830 1712 cum
1865 1688 1978 1711 eorum

134 1753 271 1787 quorum
301 1741 395 1775 bonis
424 1741 510 1775 bene
538 1742 592 1775 vel
621 1742 706 1775 male
735 1753 814 1775 vsus
843 1745 903 1781 est,
933 1744 1112 1774 animarum
1138 1740 1285 1774 remedio
1307 1744 1337 1774 et
1358 1740 1462 1773 salute.
1482 1740 1616 1784 legauit.
1644 1739 1788 1773 donauit.
1816 1738 1979 1772 ordinauit

134 1807 166 1837 et
193 1802 352 1848 disposuit
380 1802 531 1836 Claustra
561 1805 632 1836 siue
659 1802 863 1836 Monasterio
893 1802 978 1835 dicto
1008 1800 1093 1834 Aula
1115 1800 1237 1834 Sancte
1257 1800 1363 1834 Marie
1392 1804 1423 1834 in
1453 1800 1609 1834 suburbio
1632 1800 1818 1833 Brunnensi
1848 1802 1977 1841 situato‚

134 1863 190 1897 vbi
218 1863 325 1897 locum
353 1874 413 1897 sue
443 1864 543 1907 elegit
572 1864 751 1909 sepulture.
791 1863 999 1896 medietatem
1028 1861 1105 1894 ville
1135 1860 1270 1907 Gurdey
1298 1873 1370 1895 cum
1400 1861 1553 1895 omnibus
1583 1864 1651 1894 suis
1679 1860 1823 1894 ⁸Iuribus.
1854 1861 1980 1893 vulita-

136 1923 235 1967 tibus,
265 1923 532 1970 proprietatibus⁷
563 1926 731 1958 vniuersis
760 1935 820 1970 per
839 1923 1036 1957 abbatissam
1059 1926 1090 1955 et
1111 1922 1314 1956 Conuentum
1336 1922 1640 1956 Sanctimonialinm
1662 1924 1763 1967 ipsius
1786 1921 1979 1964 Monasterij

138 1989 298 2031 perpetuo
327 1985 573 2030 possidendam,r
610 1984 657 2019 Ita
692 1985 859 2018 videlicet.
896 1983 979 2028 quod
1019 1986 1048 2016 in
1082 1983 1168 2016 dicto
1203 1982 1406 2016 Monasterio
1441 1983 1592 2016 omnibus
1621 1982 1735 2015 diebus
1766 1984 1833 2015 suis
1863 1980 1981 2026 quibus

139 2045 317 2088 durauerst,
348 2045 419 2079 dies
448 2048 695 2080 anniuersarius
717 2045 824 2080 obitus
845 2048 893 2080 sui
914 2047 1007 2078 annis
1029 2044 1166 2087 singulis
1187 2054 1259 2076 cum
1280 2046 1431 2089 exequiis
1451 2044 1636 2087 vigiliarum
1658 2053 1776 2076 nouem
1798 2042 1980 2075 leecionum

139 2105 240 2139 Missa
270 2105 499 2140 defunctorum
528 2106 587 2140 sub
617 2110 705 2143 uota,
735 2117 802 2140 vno
832 2105 970 2152 prandio
999 2115 1071 2137 cum
1100 2107 1178 2137 vino
1208 2108 1240 2137 et
1263 2104 1384 2138 Similis
1413 2109 1445 2138 et
1464 2104 1611 2150 piscibus
1632 2104 1815 2137 Conuentui
1836 2102 1981 2136 eiusdem

140 2165 332 2210 Monasterij
362 2167 591 2210 ministrando,
623 2171 655 2200 et
683 2178 782 2200 vnum
813 2166 972 2200 fertonem
1002 2165 1224 2198 denariorum.
1255 2176 1313 2198 seu
1342 2176 1427 2211 pane
1448 2176 1507 2211 pro
1536 2175 1602 2198 vno
1623 2164 1752 2197 fertone
1772 2163 1982 2197 denariorum

141 2229 291 2261 estimato
320 2227 373 2260 vel
401 2231 592 2273 comparato
622 2228 780 2261 mendicis
809 2226 1043 2261 distribuendo.
1073 2225 1231 2258 deuocius
1260 2230 1447 2270 peragatur.
1503 2225 1572 2259 Nos
1611 2236 1692 2258 vero
1722 2224 1982 2267 considerantes⁷

141 2298 202 2321 nos
231 2287 316 2320 dicte
344 2287 530 2322 medietatis
559 2288 635 2322 ville
665 2288 802 2334 Gurdey
830 2292 964 2334 propter
992 2289 1068 2319 vina
1094 2285 1211 2319 ibidem
1242 2289 1433 2320 crescencia
1454 2297 1519 2320 non
1541 2296 1641 2331 posse
1661 2296 1789 2318 carere.
1810 2288 1984 2330 ipsumque

141 2347 379 2382 Monasterium
405 2349 435 2381 in
465 2351 543 2382 vino
563 2347 754 2382 habundare
775 2360 814 2382 ac
835 2349 906 2391 alijs
927 2346 1104 2381 redditibus
1125 2357 1184 2380 seu
1204 2346 1428 2380 solue-ionibus
1448 2345 1672 2392 pecunialibus
1694 2349 1800 2391 magis
1820 2346 1983 2391 indigere„

143 2413 268 2442 matura
298 2407 465 2453 prehabita
495 2408 741 2443 deliberacione
770 2409 810 2443 de
838 2411 1001 2443 communi
1030 2418 1198 2441 consensu
1227 2407 1430 2441 venerabilis
1450 2410 1481 2440 in
1503 2405 1633 2440 Cbristo
1654 2405 1785 2440 domine
1805 2406 1985 2441 Abbatisse

145 2474 174 2503 et
205 2469 407 2503 Conuentus.
438 2472 516 2514 ipsis
545 2469 675 2503 domine
704 2470 886 2503 Abbatisse
916 2473 947 2501 ct
975 2468 1158 2501 Conuentui
1198 2467 1512 2501 Sanctimonialium.
1549 2478 1612 2512 que
1641 2471 1716 2500 sunt
1743 2471 1775 2500 et
1803 2472 1898 2501 erunt
1926 2478 1985 2513 pro

145 2534 293 2575 tempore
327 2529 518 2572 Monasterij
555 2530 731 2575 supradicti
771 2533 800 2563 in
836 2531 1116 2575 permutacionem
1152 2528 1335 2561 medietatis
1372 2528 1446 2561 ville
1477 2527 1612 2573 Gurdey
1644 2528 1791 2573 predicte
1826 2528 1985 2571 dedimus,

146 2589 261 2623 damus
290 2589 499 2635 presentibus
529 2595 562 2623 ct
589 2590 759 2626 donannis,
790 2591 898 2624 vittam
929 2593 1072 2622 nostram
1101 2588 1284 2623 VVasanicz
1309 2600 1380 2621 cum
1403 2588 1520 2622 atiodio
1540 2588 1671 2630 ibidvm,
1693 2593 1814 2622 etcum
1836 2588 1986 2623 omnibus
