2184 2828
1003 112 1076 146 465

115 230 371 265 Communitates
399 231 566 263 ciuitatum
595 233 782 263 nostrarum
815 249 858 254 —
890 228 1073 263 Olomucen
1094 256 1101 263 .
1130 227 1386 263 Noueciuitatis.
1417 234 1447 263 et
1467 229 1628 264 Luthouie
1657 241 1717 264 suo
1746 235 1777 264 et
1806 231 1966 265 dictarum

113 295 280 325 ciuitatum
314 292 449 324 nomine
484 289 525 322 ad
559 290 782 324 resistendum
820 289 980 323 maleficis
1018 288 1221 336 predonibus
1264 294 1295 323 et
1331 289 1402 323 aliis
1432 290 1709 336 quibuscumque„
1753 302 1812 325 eos
1858 295 1967 326 minus

112 355 196 385 iuste
228 350 403 394 inuadere,
446 349 598 392 turbare,
642 355 674 384 et
716 351 897 384 molestare
946 349 1152 393 volentibus,
1200 350 1298 383 talem
1346 361 1407 396 pro
1451 350 1538 384 hono
1580 354 1691 397 pacis,
1729 354 1816 385 inter
1852 363 1889 386 se
1936 357 1966 386 et

113 414 262 446 ciuitates
305 410 462 454 easdem,
504 409 658 444 fecerunt
695 414 870 453 vnionem,
901 410 985 456 quod
1021 410 1163 455 quidque
1198 409 1408 444 aduersitatis
1447 421 1507 444 sev
1543 415 1661 446 injurie
1699 423 1800 446 vnam
1830 412 1969 458 predic-

112 477 215 506 tarum
244 473 411 505 ciuitatum
440 474 506 517 pati
525 473 713 515 contigerit„
743 471 802 504 has
822 474 958 505 iniurias
979 471 1042 505 alie
1063 471 1126 504 due
1145 473 1300 504 ciuitates
1321 473 1474 517 proprias
1493 477 1699 517 reputantes,
1729 484 1807 506 sese
1827 476 1968 507 inuicem

111 532 151 566 ad
185 531 386 566 obuiandum
423 536 456 565 et
489 531 711 565 resistendum
747 530 933 566 huiusmodi
970 534 1096 566 iuiuriis
1134 536 1167 565 et
1201 531 1361 565 molestiis
1396 536 1572 565 teneantur
1601 538 1709 567 mutua
1738 533 1969 567 vicissitudine

111 592 287 635 adiuuare,
322 596 419 638 prout
446 594 478 626 in
507 592 623 625 litteris
653 591 834 625 earundem
863 595 1031 626 ciuitatum
1060 592 1136 626 inde
1171 591 1355 635 confectis,
1394 592 1524 638 plenius
1561 596 1760 627 continetur.
1815 593 1886 628 Nos
1916 597 1969 639 qui

109 653 320 699 tranquillum
350 657 470 687 statum
499 657 660 686 terrarum
690 657 876 686 nostrarum
906 664 945 686 ac
973 653 1176 687 subditorum
1196 656 1384 686 nostrorum
1406 664 1450 686 ex
1477 656 1579 686 nostri
1601 653 1710 687 debito
1731 653 1832 688 officii
1852 657 1969 688 merito

109 713 348 760 amplectimur.
377 713 494 747 Eidem
514 716 630 747 vnioni
650 716 741 746 iuxta
771 714 938 747 literarum
968 713 1127 747 dictarum
1157 715 1325 746 ciuitatum
1356 712 1512 746 hincinde
1534 713 1683 747 datarum
1713 718 1967 748 continenciam.

109 778 259 809 nostrum
287 773 478 808 beniuolum
499 773 677 819 prebemus
697 784 911 815 consensum,
940 773 1117 819 Ipsamque
1136 778 1241 807 ratam
1265 778 1296 806 et
1317 777 1447 817 gratam
1469 772 1645 808 habentes.
1676 785 1750 808 eam
1772 775 1812 808 de
1833 775 1969 821 speciali

110 839 141 868 et
170 845 334 881 expresso
363 838 478 868 nostro
507 834 673 876 mandato,
703 836 980 878 recognoscimus
1009 837 1226 880 processisse.
1282 833 1405 867 Harum
1443 838 1631 868 nostrarum
1660 838 1848 870 testimonio
1877 836 1970 870 litte-

109 906 233 929 rarum.
262 895 383 929 Datum
405 894 515 939 Prage
544 894 685 929 sabbato
714 899 787 940 post
817 894 901 928 diem
931 897 1164 929 conuersionis
1193 906 1221 929 s.
1243 893 1336 928 Pauli
1365 894 1507 940 apostoli
1535 898 1689 941 proximo
1717 896 1818 930 Anno
1847 896 1970 930 domini

110 955 286 990 Millesimo
316 955 568 990 Trecentesimo
598 954 865 1000 Quadragesimo
895 959 1003 988 sexto.

417 1033 505 1067 (Nat-h
530 1033 589 1060 dem
615 1033 702 1067 Orig..
728 1035 771 1060 mit
796 1035 882 1060 einem
907 1034 1096 1068 Reitersigille.
1120 1035 1154 1060 im
1178 1034 1295 1060 Archive
1319 1033 1366 1059 der
1390 1033 1494 1068 konigl.
1514 1034 1589 1060 stadt
1614 1034 1726 1067 Olmutz7
1753 1035 1971 1069 abgeschrieben

522 1087 556 1112 A.
582 1086 713 1118 ssoczek.)

985 1206 1093 1242 637.

114 1279 230 1320 (I'enelc
257 1297 322 1320 'con
351 1285 437 1330 Lipa
466 1284 663 1319 certauscht
691 1286 750 1318 mit
779 1286 904 1318 sez'nem
935 1284 1070 1318 Brnder
1098 1284 1269 1319 Bertkold
1294 1296 1358 1318 ron
1388 1284 1474 1330 Lr'pa
1503 1286 1564 1319 das
1585 1285 1683 1329 Dorf
1703 1285 1885 1319 Joslou-itz
1911 1287 1969 1329 fiir

227 1347 282 1381 die
309 1346 406 1391 Bury
436 1346 668 1380 Goldenslein.
705 1345 764 1379 Dc.
795 1345 922 1390 Praqe.
953 1346 1006 1379 die
1035 1344 1065 1378 b.
1095 1345 1236 1390 Ayathe
1263 1347 1405 1391 'ciryz‘m's
1437 1347 1491 1389 (5.
1525 1345 1702 1389 Febrzmr)
1735 1345 1847 1380 1346.

266 1422 356 1475 Ros
375 1441 555 1476 Tschenko
582 1441 623 1475 de
643 1441 736 1487 Lypa
756 1440 809 1475 Ad
839 1444 1075 1475 vniuersorum
1104 1443 1259 1475 noticiam
1288 1445 1407 1475 tenore
1434 1445 1646 1487 presencium
1676 1442 1831 1475 volumus
1861 1441 1969 1475 deue-

111 1505 197 1546 nire,
226 1500 321 1543 Quod
351 1502 453 1536 frater
480 1507 595 1536 noster
623 1502 819 1536 karissimus
849 1501 999 1535 dominus
1027 1501 1201 1535 Bertoldus
1229 1501 1269 1535 de
1297 1502 1389 1548 Lypa
1418 1502 1551 1547 Rengni
1573 1502 1711 1536 Boemie
1739 1501 1969 1536 Marschalcus

111 1574 177 1609 pyo
205 1567 238 1597 et
265 1566 438 1598 caritatiuo
467 1574 549 1608 erga
578 1574 639 1597 nos
668 1567 774 1597 motus
803 1562 974 1596 feruenter
1001 1561 1118 1595 affectu
1148 1562 1360 1608 Specialique
1388 1562 1620 1597 beniuolencia
1659 1574 1722 1609 qua
1758 1574 1819 1597 nos
1848 1574 1969 1609 prose-

112 1626 221 1668 quitur
248 1623 288 1657 de
317 1628 410 1670 parte
432 1623 598 1658 Bonorum
628 1628 814 1657 nostrorum
845 1623 1121 1668 patrimonialium
1142 1623 1297 1657 videlicet
1316 1623 1533 1666 Chrumnoxv,
1563 1623 1725 1663 Lehnow,
1756 1623 1967 1659 Hoztradicz.

113 1683 352 1731 Schaykwicz‚
383 1684 560 1719 lleinrichs
589 1689 620 1718 et
639 1683 735 1718 Noua
765 1686 909 1726 ciuitate‚
940 1694 1013 1716 cum
1043 1683 1195 1717 omnibus
1223 1695 1338 1718 eorum
1358 1684 1554 1718 Vtilitatihus
1575 1689 1605 1718 et
1632 1686 1850 1730 pertineneijs
1879 1687 1968 1718 iuxta

112 1745 307 1780 diuisionem
338 1748 484 1792 Ipsorum
514 1745 682 1780 Bonorum
711 1749 899 1780 nostrorum
930 1755 989 1790 per
1015 1747 1140 1778 amicos
1162 1749 1293 1779 nostros
1322 1744 1474 1779 dominos
1494 1744 1716 1778 Bcneschium
1738 1744 1778 1778 de
1799 1743 1967 1777 Sobodka.

111 1805 291 1840 Jesconem
321 1806 361 1840 de
390 1806 605 1849 Bozeowtcz,
634 1805 848 1840 tvanconem
877 1809 908 1838 et
937 1804 1116 1838 Jesconem
1146 1804 1186 1838 de
1214 1804 1350 1839 Wessel
1379 1805 1483 1839 dictos
1512 1805 1553 1839 de
1583 1804 1823 1847 Wartenberk,
1853 1804 1967 1838 Bern-

113 1865 246 1900 hardum
276 1866 317 1900 de
338 1865 542 1913 Czynnburk
562 1871 594 1900 et
614 1866 793 1900 Henricum
822 1865 864 1899 de
891 1864 1134 1909 Clingenberch
1164 1864 1295 1908 factam,
1325 1870 1360 1900 vt
1388 1877 1503 1900 eorum
1533 1870 1565 1899 et
1593 1871 1708 1899 nostra
1746 1866 1839 1899 litera
1869 1876 1969 1910 super

114 1925 272 1961 diuisione
306 1930 453 1974 ipsorum
491 1927 658 1961 Bonorum
697 1926 849 1961 confecta
886 1930 916 1959 et
957 1925 1031 1959 data
1069 1926 1197 1971 plenius
1231 1930 1443 1971 protestatur.
1499 1926 1612 1972 Ipsum
1648 1926 1784 1960 fratrem
1821 1930 1966 1959 nostrum

115 1986 279 2021 dominum
313 1987 503 2022 Bertoldum
539 1991 775 2033 contingente,
819 1986 992 2032 Quamque
1036 1991 1164 2031 partem
1205 1985 1266 2019 sibi
1302 1987 1526 2032 principaliter
1568 1987 1608 2020 de
1644 1989 1766 2020 nostris
1802 1997 1966 2031 expressa

116 2046 282 2081 voluntate
310 2053 342 2082 et
369 2060 538 2083 consensu
567 2049 681 2094 elegit,
711 2053 742 2082 et
771 2048 810 2081 ad
839 2058 898 2080 sue
927 2046 1105 2080 voluntatis
1135 2046 1376 2092 heneplacitum
1412 2050 1619 2093 acceptauit.
1649 2046 1752 2081 Nobis
1781 2046 1967 2079 voluntarie

117 2111 147 2139 et
175 2106 400 2143 fauorabiliter
427 2095 678 2143 condescendit.
709 2108 781 2142 Tali
812 2113 919 2141 tamen
949 2107 1146 2140 condicione
1176 2107 1262 2151 quod
1292 2106 1470 2141 obseruato
1501 2107 1562 2141 sibi
1592 2107 1708 2141 Castro
1737 2106 1967 2140 Goldenstein.

116 2166 202 2213 quod
237 2167 362 2213 pridem
395 2181 456 2215 per
489 2169 686 2204 diuisionem
722 2169 889 2203 Bonorum
926 2167 1108 2213 predictam
1138 2167 1176 2201 ad
1207 2167 1410 2201 Ctirumnow
1446 2179 1520 2202 cum
1551 2168 1624 2212 alijs
1654 2170 1724 2201 suis
1753 2169 1967 2212 pertinencijs

116 2226 286 2274 spectabat
319 2227 421 2264 Nobis
455 2230 565 2264 villam
595 2230 803 2271 Yazlawicz‚
842 2240 906 2274 quc
934 2230 1025 2274 prius
1054 2231 1145 2261 iuxta
1177 2227 1315 2261 eandem
1351 2227 1547 2262 diuisionem
1577 2228 1745 2261 Bonorum
1775 2232 1965 2261 nostrorum

115 2288 156 2322 ad
185 2287 335 2322 Castrum
364 2288 509 2335 Lypnicz
538 2290 725 2337 pertinebat
752 2290 826 2324 loco
857 2288 991 2335 predicti
1021 2287 1126 2322 Castri
1158 2288 1373 2322 Goldenstein
1401 2292 1536 2322 nomine
1564 2290 1822 2334 permutacionis
1852 2293 1965 2322 nostra

116 2349 202 2383 bona
237 2359 401 2394 expressa
434 2352 605 2385 voluntate
642 2352 772 2397 plenius
814 2349 996 2384 accedente
1032 2351 1229 2392 assignauit.
1285 2348 1411 2388 Quibus
1450 2349 1553 2382 Bonis
1588 2360 1647 2394 pro
1683 2348 1738 2381 tali
1774 2353 1867 2394 parte
1904 2359 1965 2382 nos

116 2413 331 2455 contingente
367 2413 487 2455 optime
515 2416 756 2446 contentamur.
813 2410 884 2444 Hoc
920 2414 1027 2442 tamen
1058 2411 1221 2454 premisso
1251 2419 1384 2454 semper
1417 2413 1447 2443 et
1478 2408 1712 2442 inuiolabiliter
1740 2408 1964 2443 obseruando.

118 2470 204 2516 quod
238 2470 376 2516 predicti
409 2469 531 2504 domini
567 2475 663 2506 amici
698 2475 800 2506 nostri
837 2474 868 2504 in
907 2469 1070 2502 diuisione
1109 2471 1254 2514 ipsorum
1290 2468 1457 2502 Bonorum
1495 2473 1680 2502 nostrorum
1717 2468 1904 2503 faciendum
1935 2473 1965 2502 et

119 2531 253 2565 firmiter
281 2530 527 2564 obseruandum
556 2532 675 2566 clarius
704 2537 737 2566 et
764 2533 959 2577 expressius
989 2529 1195 2562 ordinarunt.
1228 2528 1361 2562 Scilicet
1390 2529 1475 2574 quod
1506 2528 1653 2574 predicte
1675 2528 1823 2570 Quatuor
1851 2535 1964 2576 partes

116 2591 254 2625 fratrem
284 2595 431 2625 nostrum
462 2590 659 2636 predictum,
690 2597 787 2638 atque
817 2592 953 2626 Patruos
983 2594 1113 2624 nostros
1143 2589 1294 2623 dominos
1323 2588 1500 2622 llenricum
1531 2588 1849 2624 Wisseliradensem
1879 2589 1965 2623 Pre-

1758 2650 1797 2679 59
