2184 2828
1059 116 1127 149 nol

1045 283 1153 318 3⁴8.

177 366 310 399 Btanlm
346 376 409 398 von
448 364 571 403 ts'alois,
602 363 814 407 Marquafin
852 373 914 395 ron
950 361 1106 397 Mithrem.
1142 362 1253 393 minim!
1288 363 1384 394 einen
1421 361 1630 395 Lombarden
1666 364 1697 395 in
1727 363 1823 396 ileren
1852 362 2017 406 Hoficlaal

780 424 848 466 (ms.
879 434 909 455 o.
941 421 983 455 D.
1015 433 1045 454 ιι.
1079 422 1116 454 O.
1148 421 1412 455 1334—13402

332 476 476 528 Blanca
506 493 546 526 di·
574 492 715 538 Valoyz,
751 491 995 526 itlarclnonissa
1023 490 1187 533 Moravie,
1224 490 1310 524 fideli
1339 495 1453 524 nostro
1483 490 1615 525 dilecto.
1653 491 1773 536 Digna,
1805 496 1944 525 venture
1974 491 2014 525 de

176 554 346 591 florencia.
376 555 514 588 salutem
545 564 617 587 cum
646 553 848 598 plenitudine
886 554 991 584 omnis
1020 550 1108 587 boni,
1140 550 1225 584 sama
1255 556 1309 584 tue
1338 550 1510 597 probitatis
1539 556 1570 585 et
1598 562 1722 585 morum
1753 551 1946 595 honestans,
1977 551 2018 585 de

174 615 290 660 quibus
317 614 410 648 nobis
437 617 586 656 innotuit,
613 618 643 647 et
663 613 838 648 desideriis
860 615 932 647 tuis.
954 611 1070 657 quihus
1090 611 1204 655 gliscis
1225 616 1415 645 nostrorum
1435 611 1642 645 familiarium
1663 614 1802 646 nn'mero
1827 615 2017 656 aggregari,

176 675 400 720 exigentibus„
436 680 468 708 te
503 676 535 708 in
572 679 720 708 nostrum
756 673 947 707 familiarem
986 674 1184 705 assumimus
1221 683 1282 718 per
1317 676 1503 718 presentes,
1538 672 1674 706 volente
1709 677 1751 706 te.
1782 675 1812 705 in
1842 671 1958 717 quibus
1987 676 2020 705 et

173 735 255 781 apud
287 746 368 780 quos
398 746 573 780 possumus
606 739 639 768 et
674 734 758 769 illos.
795 736 849 779 qui
882 735 983 767 nostri
1021 731 1290 766 consideratione
1325 743 1362 766 se
1398 732 1574 766 benivolos
1607 732 1662 766 tibi
1697 732 1848 775 reddunt,
1883 732 2019 778 speciali

175 798 280 840 gratia
319 798 472 841 prosequi
507 799 539 829 et
568 794 694 844 favore.
739 794 913 838 Rogantes
947 804 985 826 ac
1014 792 1185 827 hortantes
1215 793 1377 837 singulos.
1407 796 1632 839 praesentium
1661 796 1808 827 notitiam
1838 791 2020 835 habituros,

172 860 205 889 ut
234 867 251 889 a
281 859 342 889 tuis
371 867 408 890 se
437 855 653 889 incommodis
683 860 712 888 et
743 854 901 887 molestiis
931 856 1152 895 continentes,
1183 858 1214 886 te
1243 864 1309 887 uon
1339 853 1491 887 desinant
1522 857 1553 887 in
1583 854 1720 899 agendis
1750 852 1949 899 quibuslibet
1977 852 2018 885 ob

173 919 275 950 nostri
307 917 544 950 Reverentiam
580 927 622 948 ex
652 915 820 957 diligentia
857 924 1068 959 promovere.
1099 913 1163 947 Pro
1196 925 1259 958 quo
1292 916 1371 960 ipsis
1407 918 1536 958 gratam
1571 913 1845 957 vicissitudinem,
1875 913 1949 946 dum
1979 912 2019 945 ad

173 977 235 1010 hoc
265 979 492 1022 opportunitas
522 988 558 1010 se
588 976 749 1009 obtulerit.
781 974 1017 1020 impendemus.
1058 973 1292 1008 Conecdentes
1328 974 1383 1007 tibi
1420 974 1551 1009 absenti
1584 978 1745 1020 tamquam
1782 975 1931 1019 presenti
1960 972 2019 1006 lias

173 1037 296 1071 litteras
326 1041 357 1071 in
387 1040 607 1071 testimonium
638 1038 883 1082 premissorum.
914 1035 1033 1069 Datum
1063 1046 1092 1068 c.
1123 1046 1153 1068 c.

481 1116 591 1149 (Jarobi
618 1115 677 1142 rod.
703 1115 810 1149 epistol.
837 1114 967 1139 ,lobannis
994 1116 1066 1147 regis
1091 1113 1234 1139 Boliemiae
1259 1115 1286 1140 S.
1314 1113 1341 1138 S.
1368 1122 1391 1139 n.
1422 1113 1487 1145 14.)

1048 1259 1154 1294 344.

174 1340 318 1373 Isonrnd
345 1339 457 1372 I'elselz
487 1340 552 1372 mad
579 1339 697 1372 ‹less-(n
728 1339 821 1372 Solen
850 1338 998 1371 deletum.
1036 1337 1172 1381 Burgyer
1200 1348 1261 1370 ron
1293 1337 1397 1381 Praq.
1428 1337 1571 1370 malmen
1599 1337 1661 1370 den
1689 1337 1828 1382 Herzoq
1854 1337 2023 1371 leolaus

175 1412 236 1433 von
268 1400 404 1444 Tropaea
431 1400 496 1433 und
519 1399 666 1434 Ratibor
690 1411 739 1432 um
765 1398 1036 1443 ‹lz'e'Bez-ulelemy
1062 1398 1123 1431 der
1139 1397 1333 1430 [ηΙθι-εεεθη
1356 1409 1419 1431 rou
1441 1399 1511 1431 (lem
1530 1397 1694 1442 Ii'opz'lale
1709 1397 1790 1431 XX.
1809 1397 1945 1432 Scleoclt·
1963 1398 2021 1432 Gr.

830 1471 860 1493 ο.
892 1459 935 1492 D.
966 1471 996 1492 u.
1030 1458 1067 1491 O.
1100 1457 1367 1491 1337—1346.

316 1509 523 1574 Magnifice
561 1529 726 1575 Principi.
767 1530 899 1563 domino
935 1527 1110 1572 Nic(ola0]
1146 1527 1312 1573 Opaxtie)
1347 1532 1378 1561 et
1416 1527 1618 1573 Ratiborffis)
1653 1527 1745 1570 duci,
1789 1533 1819 1561 et
1857 1530 2024 1562 strennuis

173 1589 329 1623 militibus
365 1589 515 1624 domino.
535 1617 542 1623 .
561 1589 637 1623 .de.
657 1618 663 1623 .
683 1594 730 1623 .et
765 1590 915 1624 domino.
935 1617 941 1623 .
961 1617 967 1622 .
987 1589 1063 1622 .de.
1082 1615 1089 1622 .
1108 1588 1335 1633 Boni-(ndns)
1370 1588 1480 1622 Puseli
1509 1593 1541 1622 et
1569 1588 1767 1634 Joh(annis]
1796 1591 1898 1634 ipsius
1927 1588 2024 1631 filius,

175 1650 276 1685 Cives
313 1650 514 1695 Pragenses,
552 1650 591 1683 ad
627 1653 744 1695 quevis
779 1653 924 1684 servicia
959 1660 996 1684 se
1029 1653 1172 1695 paratos.
1213 1649 1347 1689 Adbuc,
1383 1652 1467 1682 sicut
1501 1659 1582 1694 sepe
1617 1659 1676 1695 per
1712 1648 1840 1683 litteras
1875 1648 2024 1682 Civitatis

174 1711 354 1755 pragensis
388 1715 421 1744 et
454 1715 588 1744 nostras
617 1710 768 1753 fecimus,
802 1710 1055 1744 Excellenciam
1088 1714 1236 1744 vestram
1270 1712 1468 1754 requirimus
1507 1713 1539 1743 et
1572 1720 1755 1752 monemus,
1792 1714 1827 1743 ut
1861 1709 1956 1743 nobis
1985 1707 2025 1742 de

173 1771 239 1805 XX
275 1774 459 1815 sexagenis
496 1771 644 1816 capitalis
682 1774 842 1816 pecunie,
882 1781 983 1816 super
1019 1781 1101 1815 quas
1138 1781 1239 1804 usure
1272 1770 1405 1804 totidem
1444 1774 1687 1812 excreverunt,
1722 1771 1816 1814 juxta
1854 1773 2019 1816 promissa

174 1836 286 1866 vestre
315 1831 390 1865 fidei
419 1831 615 1866 satisfacere
644 1831 814 1866 studeatis.
845 1831 940 1873 Quod
968 1833 995 1866 si
1023 1841 1090 1865 non
1118 1830 1275 1874 feceritis,
1305 1835 1430 1865 extunc
1450 1842 1561 1865 coram
1584 1829 1800 1876 Principibus,
1827 1829 2019 1876 Capitaneo,

174 1891 360 1926 Baronibus
389 1897 421 1926 et
449 1891 584 1926 Civibus
613 1896 735 1926 vestris
764 1893 892 1936 litteris,
922 1896 1019 1938 prout
1046 1896 1145 1936 urget
1168 1895 1366 1935 necessitas,
1391 1891 1524 1938 publice
1549 1892 1782 1925 demonstratis
1810 1891 2021 1925 violationem

174 1955 412 1999 promissorum
442 1957 628 1987 vestrorum
659 1957 691 1986 et
719 1957 832 1987 vestre
860 1952 937 1986 fidei
965 1952 1202 1998 compellimur.
1237 1964 1409 1999 quousque
1444 1952 1681 1993 satisfeceritis,
1717 1956 1841 1996 quanto
1871 1953 2021 1997 asperius

175 2016 366 2059 poterimus,
397 2016 593 2059 sepesepius
623 2012 806 2058 publicare.
1973 2016 1976 2021 '

484 2091 595 2125 (Jacobi
620 2092 680 2119 cod.
704 2092 810 2125 epistol.
836 2092 967 2118 Johannis
992 2100 1050 2126 reg.
1077 2092 1186 2118 Boliem.
1212 2093 1238 2118 S.
1266 2092 1293 2117 S.
1319 2101 1344 2120 n.
1374 2091 1433 2126 16.)

1052 2247 1159 2282 345.

179 2323 246 2357 Die
274 2324 486 2368 Murquafin
524 2335 588 2357 von
622 2323 764 2357 Ma'lzren
800 2324 959 2358 ersncleet
992 2325 1054 2358 den
1083 2324 1201 2357 Maseli
1223 2351 1229 2357 .
1249 2351 1255 2357 .
1278 2324 1413 2369 Biirqer
1440 2335 1503 2357 von
1534 2323 1822 2370 Glac..‹1qraus
1843 2334 1885 2356 zu
1911 2322 2026 2365 seben,

280 2384 360 2417 dass
388 2384 449 2418 der
476 2384 610 2429 dortiqe
638 2384 824 2418 Stadtratk
853 2385 907 2418 ihr
934 2385 997 2418 den
1030 2385 1211 2419 [futei-halt
1238 2385 1352 2418 sende.
1389 2396 1419 2418 0.
1449 2383 1492 2417 D.
1523 2395 1553 2416 n.
1586 2383 1624 2416 0.
1657 2382 1921 2417 1334—1346.

323 2450 592 2505 Marcbionissa
620 2470 782 2505 Moravie.
813 2471 862 2505 Te
890 2470 1019 2506 Museli.
1050 2470 1164 2505 Civem
1195 2471 1301 2515 Glac.,
1332 2483 1405 2505 cum
1429 2469 1546 2504 fiducia
1571 2473 1768 2516 requirimus
1789 2474 1820 2504 et
1842 2469 2023 2512 hortamur,

180 2535 341 2574 quatenus
370 2530 411 2564 de
440 2530 503 2565 boc
531 2534 634 2566 nostri
663 2532 938 2566 consideracione
975 2534 1020 2565 sis
1050 2532 1207 2566 sollicitus
1236 2537 1267 2566 et
1295 2535 1451 2573 intentus,
1486 2530 1571 2576 quod
1600 2530 1710 2564 Judex
1739 2535 1771 2564 et
1799 2530 1906 2564 Jurati
1935 2529 2029 2564 Glac.

180 2589 276 2624 nobis
305 2593 476 2637 propinam
506 2602 548 2625 ex
578 2596 670 2637 parte
699 2603 758 2626 sue
788 2591 938 2626 Civitatis
968 2591 1007 2625 ad
1037 2603 1179 2638 presens
1209 2591 1398 2638 impendant
1426 2601 1621 2635 congruam,
1651 2595 1747 2637 prout
1776 2593 1825 2625 eis
1854 2589 2030 2625 scribimus
