2184 2828
1060 115 1133 150 806

179 240 289 273 liberis
319 241 439 272 nostris
475 242 508 271 et
543 239 637 270 tutori
672 246 730 269 seu
766 233 937 275 tutoribus,
968 234 1111 266 curatori
1148 242 1207 264 seu
1244 231 1462 273 curatoribus,
1499 232 1691 267 mamburno
1727 234 1779 267 vol
1814 233 2014 268 mainburnis

179 310 304 341 00111111,
334 301 442 332 omnia
473 302 503 331 et
531 296 660 340 singula
690 306 748 341 per
775 295 953 328 llenricum
988 297 1019 325 et
1054 294 1178 325 amicos
1215 302 1292 326 suos
1327 303 1367 324 ac
1402 291 1553 336 arbitros,
1588 294 1802 328 arbitrator-es
1839 306 1896 327 seu
1927 297 2015 327 ami-

179 360 303 394 cabiles
332 361 571 405 compositores
600 355 831 401 explebuntur,
862 366 924 399 que
959 352 1053 387 nobis
1088 352 1216 397 expleri
1245 352 1405 386 deberent
1438 363 1498 398 per
1530 354 1677 388 eosdem.
1717 355 1751 388 Si
1781 359 1888 388 autem
1917 365 2015 388 unum

178 425 233 454 ant
261 420 372 466 plures
401 430 445 452 cx
473 418 566 451 dictis
595 416 740 459 arbitris⁷
770 413 1019 450 arbitratoribus
1057 424 1116 446 seu
1151 412 1378 446 amicabilibus
1407 414 1692 458 compositoribus,
1730 417 1824 457 niori,
1853 417 1927 461 capi
1955 425 2016 448 seu

178 481 298 515 abesse
326 482 525 522 contigeret,
555 476 677 519 arbitri,
707 476 921 510 arbitratorcs
955 478 987 507 et
1025 472 1214 506 amicabiles
1249 476 1491 519 compositores
1526 479 1718 520 superstites
1755 475 1886 520 plenum
1914 486 2016 521 posse

178 540 366 575 retinebunt
392 542 424 572 in
452 540 637 584 premissis.
668 536 809 570 Predicti
838 539 936 569 etiam
964 533 1088 575 arbitri,
1119 533 1333 567 arbitratores
1360 545 1419 568 sen
1447 534 1636 569 amicabiles
1663 538 1905 581 compositores
1930 535 2016 569 infra

178 600 255 636 hinc
283 605 315 634 et
342 604 469 634 instans
498 598 617 632 festum
645 597 891 644 penthecostes,
922 600 953 629 et
990 606 1055 628 11011
1084 594 1181 635 ultra⁷
1211 593 1335 628 habent
1362 599 1559 640 potestatem
1592 598 1697 641 ipsum
1733 595 1902 629 arbitrium
1929 606 2015 641 pro-

178 661 366 701 nunciandi„
396 662 647 706 pronunciatum
675 657 923 704 interpretandi.
960 660 991 689 et
1027 658 1054 688 si
1083 654 1213 699 aliquod
1248 654 1379 688 (labium
1408 654 1517 689 medio
1546 660 1691 701 tempore
1720 655 1870 689 inciderit
1897 655 2016 689 decla-

177 722 270 755 randi
300 721 405 755 semel
433 720 488 754 vel
516 720 651 765 pluries„
681 720 841 763 quociens
869 719 948 763 ipsis
977 715 1107 750 arbitris
1133 714 1381 749 arbitratoribus
1406 726 1467 749 seu
1492 715 1715 750 amicabilibus
1740 715 2017 762 compositoribus

178 782 343 817 videbitur
382 780 555 827 expedire,
592 780 666 813 dolo
699 784 732 812 et
767 778 885 811 fraude
920 780 951 811 111
986 778 1161 823 premissis
1197 775 1348 810 omnibus
1384 779 1519 809 remotis
1554 780 1682 822 penitus
1718 781 1749 809 et
1784 776 1942 810 exclusis.
1978 775 2017 810 In

177 854 315 889 quornm
350 844 494 876 omnium
526 831 694 874 robnr‘et
728 841 946 873 testimonium
984 841 1161 884 presentes
1198 837 1323 870 litteras
1358 836 1428 870 [ieri
1466 841 1498 870 et
1538 837 1652 881 sigillis
1687 840 1868 870 maiestatis
1902 840 2017 871 nostre

177 906 332 937 iussimus
370 904 575 936 communiri.
621 900 740 933 Datum
777 899 896 943 Frage,
932 901 964 932 ii.
1004 897 1076 932 111115
1106 897 1251 943 Aprilis,
1281 908 1367 930 anno
1402 897 1524 930 domini
1558 897 1741 939 millesimo.
1780 899 2016 931 trecentesimo

176 963 417 998 sextodecimo.

485 1023 570 1055 (Nach
595 1023 670 1047 einer
694 1021 833 1047 Abscbrii't
858 1022 889 1046 ini
915 1021 940 1047 k.
966 1020 1055 1046 bolnn.
1081 1020 1210 1051 ltluseuni,
1242 1019 1345 1045 11010110
1376 1019 1420 1045 Dr.
1450 1019 1492 1045 Fr.
1525 1019 1638 1052 Palacky
1669 1018 1852 1053 eigenliandig
1881 1027 1933 1045 von
1957 1019 2016 1045 dem

588 1075 662 1108 Orig.
688 1074 735 1099 aul*
755 1074 887 1107 Pergam„
912 1073 1010 1098 (1055011
1042 1072 1117 1106 §igin
1147 1072 1305 1105 abgerissen
1336 1072 1380 1103 ist,
1412 1072 1444 1097 im
1476 1071 1577 1105 koiiigl.
1603 1080 1709 1105 prenss.
1735 1071 1876 1105 gebennen
1900 1071 2017 1096 Δ41011110

587 1135 618 1151 zu
643 1125 728 1151 Berlin
754 1125 896 1150 1011115510.
923 1140 962 1143 -
987 1124 1052 1150 Eine
1086 1124 1221 1150 Abscliril't
1251 1124 1295 1149 mit
1325 1123 1388 1149 selir
1413 1123 1636 1149 unbedeutenden
1662 1123 1807 1148 Varianten
1832 1122 1925 1148 wurde
1949 1122 2017 1148 auch

588 1186 640 1204 1011
665 1178 709 1203 Dr.
735 1178 776 1205 Fr.
802 1177 826 1202 J.
853 1177 967 1202 Bolnner
991 1176 1192 1210 eingesendetst

1054 1305 1156 1340 194.

323 1367 463 1431 Konig
497 1385 628 1419 Joliann
664 1395 730 1418 von
772 1381 923 1418 Bolimen
961 1384 1025 1417 und
1067 1383 1192 1417 Polilen
1229 1387 1386 1427 gestattet
1423 1382 1497 1416 dem
1532 1382 1753 1428 Konigsaaler
1786 1382 1920 1417 Kloster
1956 1381 2020 1416 den

179 1447 330 1481 Vei-liant
355 1447 412 1480 der
441 1446 499 1479 anf
531 1446 594 1479 den
633 1448 777 1489 eigenen
807 1444 931 1478 Gutern
970 1444 1131 1478 erzielten
1160 1444 1284 1477 XVeine
1323 1455 1353 1477 u.
1394 1455 1420 1478 s.
1451 1455 1496 1477 w.
1526 1446 1558 1477 in
1587 1443 1707 1477 dessen
1735 1454 1775 1476 zu
1804 1443 1892 1487 Prag
1919 1443 2019 1487 gele-

179 1519 290 1553 genen
327 1507 440 1540 Hanse
475 1511 534 1551 „ut
567 1517 622 1540 res
660 1509 692 1539 in
727 1505 835 1541 blado.
874 1509 952 1539 vino
988 1510 1021 1539 et
1055 1505 1126 1538 aliis
1161 1507 1223 1550 ipsi
1257 1507 1459 1538 monasterio
1494 1507 1526 1538 in
1560 1503 1653 1538 bonis
1688 1506 1790 1550 ipsius
1829 1506 2021 1538 monasterii

180 1572 419 1614 provenientes
448 1570 479 1600 in
509 1567 605 1600 domo
635 1578 694 1600 sen
723 1570 813 1600 curia
843 1578 912 1609 sna,
943 1577 1040 1610 quam
1069 1565 1191 1599 liabent
1220 1569 1252 1598 et
1280 1564 1403 1599 habere
1430 1569 1613 1599 noscuntur
1638 1563 1810 1609 liberaffin)
1838 1568 1870 1598 in
1901 1566 2020 1609 mojori

179 1632 312 1663 civitate
340 1633 453 1662 nostra
482 1627 654 1671 pragensi.
684 1638 743 1673 pro
773 1630 972 1660 necessitate
1001 1629 1104 1672 ipsius
1134 1629 1326 1659 monasterii
1355 1630 1386 1659 et
1414 1636 1632 1672 personarum
1666 1628 1698 1658 in
1733 1636 1773 1658 eo
1801 1636 1860 1671 pro
1889 1624 2020 1659 Christo

180 1690 381 1734 (legentium.
412 1689 482 1722 aliis
511 1688 658 1721 vendere
696 1693 727 1721 et
761 1691 792 1721 in
829 1692 968 1732 utraque
1006 1689 1140 1720 civitate
1169 1685 1331 1731 Pragensi
1365 1697 1424 1732 pro
1460 1688 1660 1720 necessitate
1692 1688 1796 1730 ipsius
1831 1688 2021 1719 monasterii

181 1755 213 1783 et
239 1760 460 1795 personarum
495 1750 567 1792 ejus
596 1759 635 1781 ea
670 1748 786 1793 quibus
822 1748 970 1792 indigent
1005 1758 1117 1781 emere
1146 1747 1232 1780 licite
1268 1752 1299 1780 et
1335 1747 1375 1781 ad
1410 1750 1515 1793 ipsum
1548 1749 1783 1780 monasterium
1816 1757 1875 1791 per
1902 1756 2021 1790 aquam

181 1811 235 1844 vel
263 1815 383 1844 terram
419 1809 540 1843 ducere
577 1812 648 1842 sine
686 1808 859 1853 cujuslibet
897 1808 1060 1843 solutione
1098 1807 1220 1841 telonei
1254 1813 1416 1854 perpetuo
1444 1807 1592 1841 1010111(ί
1635 1804 1742 1841 1316.
1770 1806 1869 1851 Prag‚
1908 1805 2018 1840 XVII.

181 1871 319 1905 Kalend.
351 1870 518 1917 Septemb.

489 1931 614 1963 (Palacky
640 1931 703 1957 ulier
726 1931 936 1957 Fornielbnclier
960 1932 978 1957 1.
1004 1931 1157 1963 helei-ung.
1184 1930 1211 1955 S.
1238 1930 1308 1956 243.
1334 1939 1359 1956 n.
1390 1930 1433 1956 10.
1460 1932 1497 1961 c.)

1056 2076 1156 2110 195.

184 2156 361 2189 Benediet.
400 2156 525 2198 Propst
559 2165 622 2188 ron
656 2154 736 2187 Lede.
776 2154 961 2187 verz-iactet
996 2155 1061 2196 aas
1088 2154 1141 2186 die
1176 2153 1319 2187 Rea-lale.
1356 2152 1480 2185 welche
1509 2152 1561 2184 die
1589 2151 1751 2195 Propslei
1778 2150 2020 2184 raclfsicletliela

183 2218 274 2249 ee'nes
303 2216 389 2249 mli-le
419 2215 536 2248 Brmm
567 2214 648 2247 [lber
682 2215 734 2247 [lie
768 2215 881 2247 Miiltle
915 2216 973 2247 [les
1001 2214 1187 2256 ,Iohannem
1224 2214 1378 2258 Bai-ffers
1412 2224 1475 2246 ron
1509 2212 1637 2245 Brmm.
1672 2212 1859 2255 sederemlen
1900 2211 2021 2256 Weqes

184 2278 385 2310 zet-standon.
424 2286 580 2319 woyessen
615 2275 788 2307 Jolmnes
830 2276 889 2308 (101·
924 2276 1086 2318 Propslei
1122 2276 1196 2307 eine
1232 2274 1390 2318 Hofstalt
1424 2284 1464 2306 zu
1502 2272 1710 2305 Kanai-oerist-
1747 2272 1898 2306 schenkl.
1936 2271 2019 2305 Dto.

448 2336 586 2369 Brmme
609 2337 770 2379 moa-ima
800 2336 965 2369 (lominica
996 2337 1027 2368 ἱη
1059 2335 1190 2368 Octava
1221 2334 1353 2368 Pas-elce
1383 2332 1463 2375 (30.
1493 2332 1614 2376 April)
1647 2331 1756 2375 1318.

338 2394 406 2447 Ea
435 2425 498 2459 que
528 2413 606 2447 liunt
634 2416 664 2446 in
695 2417 842 2458 tempore
872 2413 966 2446 simul
996 2424 1068 2446 cum
1098 2417 1247 2458 tempore
1276 2413 1434 2445 memorie
1460 2421 1580 2443 1111111011
1606 2410 1756 2455 perdunt,
1782 2413 1843 2444 nisi
1868 2409 2021 2443 redivivo

184 2474 363 2507 litterarum
392 2476 578 2508 testimonio
606 2473 813 2507 roborentur.
842 2473 910 2507 Nos
935 2476 1032 2517 igitur
1057 2473 1256 2506 Benedictus
1282 2472 1468 2516 Prepesitus
1494 2469 1685 2504 Monasterii
1717 2474 1749 2504 in
1782 2469 1871 2504 tha
1897 2469 2020 2503 ordinis

187 2537 293 2568 saneti
322 2533 489 2567 Benedicti
519 2545 622 2580 prope
651 2545 761 2566 muros
791 2534 1009 2567 131111111011515,
1040 2533 1158 2567 Rodko
1195 2533 1298 2575 Prior„
1328 2532 1470 2576 eroto
1499 2530 1675 2571 Plebanns,
1705 2534 1874 2576 ceterique
1902 2529 2022 2564 fratres

186 2595 321 2641 predicti
350 2593 553 2636 Monasterii,
584 2594 646 2627 boc
674 2593 761 2627 ducti
791 2594 955 2640 exemplo,
986 2598 1102 2627 tenore
1131 2595 1330 2639 presentium
1359 2593 1565 2625 insinuamus
1594 2596 1658 2625 tam
1686 2590 1895 2637 presentibus
1925 2600 2021 2636 quam
