2184 2828
1012 100 1081 134 133

129 223 295 256 hominum
323 221 472 255 labuntur
498 224 530 254 et
554 220 748 266 liquescunt,
770 219 827 253 sed
856 230 894 253 ea
916 230 986 268 quae
1006 218 1120 251 litteris
1142 221 1174 250 et
1194 216 1309 261 sigillis
1329 215 1388 250 sub
1409 218 1596 249 testimonio
1616 214 1794 261 proborum
1814 215 1970 249 Virorum

94 292 96 294 ·
128 283 334 323 roborantur,
365 281 417 315 illa
446 285 515 314 rata
544 284 620 314 sunt
649 285 679 313 et
708 280 799 314 tirma
829 284 860 313 et
896 277 1125 313 inviolabiliter
1162 276 1412 323 permanebunt.
1468 276 1587 310 Notum
1616 286 1699 320 ergo
1728 278 1770 309 sit
1804 275 1969 316 omnibus,

128 344 212 377 hanc
240 343 379 376 litteram
409 343 617 387 inspecturis,
647 345 709 374 tam
738 340 950 386 presentibus
979 349 1075 385 quam
1102 337 1231 372 futuris.
1262 337 1347 383 quod
1382 348 1445 381 ego
1474 337 1634 370 Dominus
1662 336 1762 370 Jesco
1792 336 1896 369 dictus
1930 336 1970 370 de

127 403 274 446 Nach0d‚
305 403 390 437 bona
419 403 588 436 voluntate
617 413 675 436 seu
705 402 882 436 deuotione
912 406 1089 448 pertactus,
1119 398 1301 432 deliberato
1331 400 1451 432 animo.
1481 409 1543 431 nee
1578 408 1644 431 non
1673 401 1802 431 maturo
1832 397 1970 430 consilio

127 465 307 511 praelibato.
338 464 378 497 de
407 463 501 497 bonis
530 466 612 496 meis
642 465 673 496 in
702 462 877 498 Brzeznik.
906 474 977 508 quie.
1006 461 1081 495 mibi
1109 463 1284 493 cesserunt
1312 470 1330 492 a
1359 458 1551 504 parentibus
1576 461 1657 492 meis
1677 457 1783 491 felicis
1805 460 1970 490 memoriae

127 529 159 559 in
179 528 337 571 porcione
357 535 441 560 mea.
463 534 563 557 vnum
583 523 728 557 Laneum
749 523 938 556 censualem
960 522 1077 556 ibidem
1098 524 1128 554 in
1146 519 1321 554 Brzeznik.
1338 519 1441 552 libere
1458 530 1530 552 cuni
1548 518 1700 552 ominbus
1715 517 1971 564 pertinentibus„

127 589 188 620 rite
215 591 246 619 et
274 584 510 619 rationabiliter
538 584 669 618 Domini
689 583 820 617 Victoni
842 583 985 617 Plebano
1014 582 1132 616 ibidem
1162 584 1192 614 in
1222 579 1398 621 Brzeznik,
1428 590 1558 613 necnon
1588 584 1620 612 et
1648 578 1798 612 omnibus
1819 577 1972 612 Plebanis

128 645 381 680 successoribus
410 647 489 681 suis.
519 649 583 678 tam
612 643 832 690 spiritualibus
861 655 955 688 quam
985 641 1186 677 secularibus
1216 644 1247 675 in
1275 640 1457 674 remedium
1483 643 1599 673 animae
1620 650 1701 672 meae
1723 644 1755 673 et
1774 639 1972 685 praedeces-

127 718 236 742 sorum
271 717 419 740 meorum
453 710 613 752 perpetue
647 709 679 739 et
715 704 924 738 haereditarie
959 706 1137 749 resignani,
1174 714 1255 748 pure
1296 705 1430 747 propter
1466 700 1572 734 Deum
1607 704 1670 734 etc,
1725 700 1760 733 In
1797 703 1890 733 cuius
1924 702 1972 733 rei

126 770 347 802 testimonium
375 770 573 812 praesentem
602 765 686 799 hanc
720 765 859 798 litteram
894 777 957 810 ego
992 765 1151 799 Dominus
1179 763 1280 797 Jesco
1318 763 1422 796 dictus
1453 761 1493 795 de
1522 760 1658 794 Nacbod
1689 760 1762 794 dedi
1790 760 1973 805 sigillorum

127 830 306 862 munimine
334 829 540 869 communiri,
568 829 674 872 primo
703 836 776 859 meo
805 829 936 871 proprio
965 825 1083 870 sigillo,
1112 824 1153 858 de
1180 823 1256 858 hinc
1285 823 1392 867 sigillo
1422 822 1532 856 fratris
1561 824 1625 855 mei
1654 821 1785 855 Domini
1806 821 1973 855 Hrononis

128 889 205 922 dicti
234 888 274 922 de
302 887 450 929 Nachod,
487 892 518 921 et
555 886 663 931 sigillo
698 886 806 920 fratris
836 890 897 919 mei
933 886 1063 919 Domini
1091 884 1220 919 Mathiae
1250 887 1346 918 etiam
1383 883 1460 916 dicti
1495 882 1535 916 de
1571 881 1720 924 Nachod,
1756 893 1829 915 cum
1865 882 1973 926 sigillo

127 949 259 983 Domini
287 948 446 982 Znatonis
475 947 514 981 de
543 947 710 992 KrysanQ
740 951 773 980 et
800 958 873 980 cum
902 946 1008 991 sig-illo
1036 946 1166 980 Domini
1194 944 1373 990 Marquarti
1402 944 1442 977 de
1471 943 1670 983 Rudischau,
1705 948 1737 976 et
1765 954 1838 976 cum
1867 942 1973 987 sigillo

127 1010 260 1044 Domini
287 1009 442 1043 Jesconis
471 1008 511 1042 de
541 1008 691 1054 Tyuans,
721 1012 753 1041 et
781 1019 852 1041 cuin
883 1008 990 1052 sigillo
1017 1007 1160 1041 Jaroslai
1189 1006 1229 1039 de
1250 1005 1456 1039 Gniehenicz
1485 1009 1547 1038 etc.
1578 1008 1681 1038 testes
1710 1003 1804 1037 liuius
1833 1003 1973 1037 salubris

127 1070 326 1113 donationis,
356 1081 418 1103 nec
446 1080 511 1103 non
541 1080 646 1103 sacrae
674 1070 850 1113 legationis
879 1071 910 1101 in
938 1068 1116 1102 remedium
1144 1072 1176 1101 et
1203 1070 1235 1100 in
1264 1070 1495 1101 testamentum
1524 1068 1640 1099 animae
1669 1076 1751 1098 meae
1780 1064 1975 1110 praedeces-

129 1141 307 1176 serumque
335 1141 494 1165 meorum.
525 1134 599 1164 sunt
628 1129 671 1163 hii
699 1128 910 1162 honorabiles
932 1131 993 1162 viri
1014 1131 1186 1174 prenotati‚
1207 1138 1344 1174 quorum
1365 1127 1472 1171 sigilla
1493 1126 1568 1160 huic
1588 1126 1693 1159 littere
1721 1130 1795 1159 sunt
1824 1136 1973 1171 appensa

130 1203 189 1226 seu
222 1202 366 1225 annexa.
395 1191 513 1224 Datum
543 1193 573 1224 in
604 1190 769 1224 Brzeznik
799 1190 897 1223 Anno
926 1189 1056 1223 Domini
1075 1188 1247 1223 Millesimo
1277 1188 1529 1222 Trecentesimo
1558 1186 1584 1220 T
1590 1189 1741 1220 ricesimo
1771 1185 1911 1224 Octauo,
1943 1188 1973 1218 in

129 1253 182 1287 die
209 1252 450 1286 Purificationis
480 1252 582 1285 Beate
610 1251 722 1285 Mariae
752 1250 899 1295 Virginis
927 1251 1092 1295 gloriosae.

437 1322 590 1356 (Paprocky'
613 1323 646 1347 im
670 1322 781 1347 Zrcadlo
806 1321 998 1347 Markhrabstvi
1016 1320 1203 1347 Morawskeho
1220 1320 1257 1346 Bl.
1282 1319 1348 1346 129.
1376 1320 1400 1345 b.
1431 1335 1461 1338 —
1491 1318 1582 1353 Vergl.
1609 1318 1718 1344 Dobner
1742 1318 1901 1344 Monumeut.
1928 1317 1973 1343 IV.

541 1375 567 1400 S.
595 1373 664 1400 301.
692 1382 716 1399 n.
741 1373 853 1405 CXLll.)

1006 1467 1106 1502 isti.

132 1540 243 1583 Koniq
270 1538 408 1572 ,loleamz
435 1549 498 1571 ton
527 1538 679 1572 Bolemen
714 1541 881 1582 qeslatlel
914 1537 974 1570 dci·
1010 1537 1204 1570 [fallier-ina
1238 1547 1299 1570 τοη
1335 1536 1483 1571 Lomm'c.
1520 1536 1573 1569 die
1609 1535 1729 1579 Hcilsle
1758 1535 1819 1568 dei·
1846 1534 1976 1578 Dorfer

131 1600 237 1634 Siwic
264 1599 330 1633 und
348 1599 523 1633 BlaL-‚owic
551 1599 623 1632 dem
644 1598 785 1632 Isloster
805 1598 858 1632 St.
880 1599 982 1631 Antia
1013 1609 1053 1630 zu
1075 1597 1188 1631 [iriam
1218 1599 1359 1631 testiren
1388 1609 1429 1630 zu
1449 1597 1578 1640 deirfeu.
1609 1596 1669 1629 Dt.
1690 1596 1770 1629 Idus
1795 1595 1979 1628 Februarii

843 1659 922 1701 (13.
950 1657 1125 1700 Februar)
1158 1658 1268 1692 1338.

285 1718 375 1772 Nos
402 1737 575 1772 Johannes
604 1737 656 1771 dei
684 1741 799 1781 gracia
830 1737 963 1770 Boemie
998 1741 1031 1769 et
1065 1736 1199 1770 Polonie
1232 1737 1319 1774 Rexq
1355 1748 1394 1770 ac
1431 1735 1731 1780 Lucembnrgensis
1761 1734 1892 1777 CotiieS‚
1922 1733 1975 1767 Ad

131 1802 365 1833 vniuersorum
401 1802 552 1832 noticiam
588 1798 739 1832 volumus
774 1801 964 1844 pervenireq
1001 1797 1085 1842 quod
1118 1797 1194 1830 licet
1232 1797 1378 1831 Gerussa
1419 1797 1582 1842 quondam
1622 1797 1662 1830 de
1697 1795 1857 1830 Dobelins
1900 1795 1976 1827 dum

132 1863 264 1894 viveret
291 1859 398 1893 Nobili
427 1864 577 1893 matrone
605 1859 782 1893 Catliarine
811 1859 924 1893 relicte
958 1858 1120 1903 quondam
1149 1857 1253 1891 fidelis
1281 1860 1384 1892 nostri
1414 1858 1573 1891 Tassonis
1602 1857 1642 1890 de
1677 1856 1836 1897 Lomnitz,
1871 1857 1976 1889 sorori

132 1932 192 1954 sue
220 1920 440 1957 medietatenu
477 1931 540 1966 que
573 1925 623 1953 est
655 1923 687 1953 in
725 1920 809 1954 villis
844 1919 967 1953 Siebitz
1003 1923 1034 1951 ct
1069 1918 1226 1951 lilaswitz
1261 1923 1337 1952 ante
1372 1921 1537 1952 civitatem
1568 1923 1715 1951 nostram
1745 1917 1977 1950 Brunncnsem

133 1983 204 2015 sitis
232 1983 397 2026 pertinuit,
428 1981 585 2014 donasset
614 1984 766 2014 strenuus
795 1985 902 2014 taincn
930 1983 980 2013 vii·
999 1979 1163 2024 qnondam
1183 1978 1375 2013 iValtlierus
1395 1979 1435 2012 de
1457 1979 1613 2019 castello,
1634 1983 1709 2012 tnnc
1729 1977 1977 2011 lilarcliionatus

134 2045 234 2075 nostri
269 2040 419 2074 Moravie
456 2045 660 2087 capitaneus,
699 2045 865 2075 nescimus
901 2052 962 2085 qna
998 2040 1038 2072 ‹le
1074 2051 1175 2073 causa
1211 2040 1418 2073 medietatem
1454 2040 1604 2073 villarum
1640 2043 1782 2084 ipsarum
1817 2038 1978 2082 obligavit

134 2102 338 2135 Wenceslao
367 2102 530 2147 quondam
565 2102 671 2136 Judici
708 2102 793 2135 dicte
828 2104 968 2135 civitatis
1003 2105 1117 2134 nostre
1150 2100 1346 2143 Brunensis,
1383 2112 1441 2146 pro
1477 2105 1565 2134 certa
1601 2102 1739 2146 pecunie
1781 2101 1977 2143 quantitate,

136 2162 177 2196 Et
213 2173 285 2195 cum
320 2162 359 2195 ad
394 2174 533 2208 presens
566 2167 700 2208 propter
734 2166 834 2209 ipsius
873 2161 1068 2195 wenceslai
1098 2161 1266 2203 demerita,
1296 2161 1455 2195 medietas
1491 2162 1639 2194 villarum
1676 2163 1818 2205 ipsarum
1848 2159 1886 2192 ad
1916 2170 1978 2193 nos

136 2226 175 2257 sit
211 2224 306 2266 juxta
342 2227 429 2256 terre
471 2223 742 2257 consuetudinem
777 2226 902 2257 etiamsi
938 2233 1008 2255 eam
1048 2223 1135 2265 justo
1171 2221 1272 2266 tytulo
1308 2221 1537 2267 possedissent
1573 2224 1633 2254 rite
1669 2225 1700 2253 et
1734 2219 1980 2254 racionabiliter

138 2283 302 2321 deuoluta,
339 2283 517 2317 CatliarIne
552 2284 698 2330 predicte
732 2287 818 2330 pium
854 2294 949 2329 quem
986 2286 1016 2315 in
1054 2293 1123 2315 rein
1161 2285 1313 2327 concepit
1340 2282 1502 2327 perlicere
1537 2281 1787 2315 considerantes
1816 2281 1978 2324 allectum,

138 2343 343 2378 medietatem
374 2343 594 2388 predictorum
630 2343 778 2378 villarum
814 2356 886 2378 cum
920 2346 1006 2376 omni
1041 2354 1080 2376 eo
1111 2344 1187 2386 jure
1221 2354 1284 2388 quo
1319 2353 1378 2388 per
1409 2342 1572 2387 quondam
1610 2341 1790 2376 Gerussain
1829 2353 1978 2376 sororem

137 2415 230 2439 suani
273 2403 417 2449 predicta
455 2404 574 2438 donata
610 2404 717 2448 fuerit,
754 2405 953 2439 conserimus
989 2408 1020 2436 et
1057 2403 1215 2436 donamus
1251 2402 1290 2435 ad
1333 2405 1467 2447 majoris
1509 2405 1621 2446 gracie
1662 2407 1774 2436 nostre
1816 2403 1979 2437 cumulum

139 2465 313 2509 benignius
342 2464 565 2499 concedentes
593 2466 711 2508 eidem,
741 2470 774 2499 ut
808 2466 1017 2498 medietatem
1046 2466 1189 2509 ipsarum
1228 2463 1376 2497 villarum
1406 2474 1494 2497 novo
1523 2466 1722 2497 monasterio
1751 2463 1853 2497 Beate
1881 2464 1981 2497 Anne

140 2525 181 2559 de
217 2536 306 2559 novo
339 2528 537 2562 constructo,
579 2530 611 2559 et
650 2530 680 2559 in
720 2531 792 2560 orto
834 2530 945 2559 nostro
981 2529 1055 2557 ante
1089 2524 1249 2570 prefatam
1285 2527 1451 2557 civitatem
1487 2528 1630 2557 nostram
1668 2524 1874 2559 Brunensem
1917 2527 1980 2559 sito

140 2586 255 2630 legare
282 2586 393 2619 valeat
422 2590 453 2619 et
482 2588 585 2627 unire,
616 2587 768 2621 volentes
797 2592 830 2620 ut
860 2586 1016 2619 medietas
1037 2585 1187 2619 villarum
1208 2585 1427 2630 predictarum
1448 2587 1507 2630 ipsi
1528 2588 1730 2619 monasterio
1750 2596 1808 2630 pro
1829 2584 1980 2618 habenda
