2184 2828
1003 115 1076 150 209

125 236 327 281 singulorum
356 234 455 269 robur
490 238 667 280 presentes
704 233 852 268 dedimus
890 236 1012 267 nostris
1047 236 1078 266 et
1111 234 1143 265 in
1173 233 1394 265 testimoninm
1430 230 1565 265 euidens
1598 230 1799 265 venerabilis
1834 230 1953 264 domini

125 296 311 331 Berchtoldi
340 295 380 329 de
409 294 521 341 Lippa,
550 297 708 340 prepositi
743 293 1058 338 WVischegradensis
1086 303 1125 326 ac
1150 291 1269 326 nobilis
1298 294 1358 325 viri
1387 290 1506 324 domini
1532 290 1693 325 Ger-bardi
1722 291 1762 324 de
1783 290 1954 333 Chunstat,

124 358 295 390 camerarii
326 355 527 389 Bruunensis
555 354 775 400 Znoymensis
805 355 987 389 Czudarum
1016 353 1145 398 sigillis,
1175 355 1304 386 testium
1343 351 1381 385 ad
1417 354 1640 398 suprascripta
1673 351 1844 385 roboratas
1869 363 1955 386 anno

124 416 243 451 domini
270 415 444 450 Millesinio
473 416 723 449 Trecentesimo
753 415 1014 460 Quadragesimo
1042 413 1144 460 pridie
1172 412 1328 446 Kalendis
1358 411 1523 446 Octobris.

429 495 494 525 (Das
519 495 592 528 Orig.
619 494 664 519 auf
685 495 802 522 Pergam.
830 495 871 520 mit
896 495 951 519 vier
975 494 1077 519 hleinen
1096 492 1216 523 Sigillen,
1240 500 1338 516 woron
1364 491 1428 516 aber
1451 491 1498 516 das
1523 495 1592 517 erste
1617 491 1689 517 fehlt.
1716 492 1748 516 im
1768 491 1882 516 Art-nive
1907 491 1954 515 des

530 546 651 572 h'losters
675 547 752 572 Maria
777 547 847 578 Saai,
871 555 902 571 im
928 555 959 571 m.
985 549 1017 571 st.
1041 544 1249 571 Laudesarehive
1273 543 1318 569 Ltt.
1339 544 1363 569 P.
1389 552 1413 568 n.
1440 543 1504 575 (51.)

991 665 1096 700 29⁰.

121 744 413 788 BischofJoleann
429 756 492 778 ron
506 744 635 778 Olmiltz
651 743 858 777 rerwamlell
873 744 926 777 (lie
943 741 1162 787 Pfarrlsz‘rcke
1177 753 1217 775 za
1230 741 1409 775 Pus-lomes·
1424 742 1455 774 in
1473 742 1547 774 eine
1564 740 1955 774 Nonnent-[osterlcirclee

214 807 273 840 des
301 805 724 839 Benedimiuer-Ordens.
761 804 820 838 Dt.
852 804 1020 857 Qlonmcz,
1049 804 1102 837 die
1129 802 1158 836 b.
1188 802 1356 836 ιΙενοηῖιηί
1384 805 1400 844 (
1404 801 1464 835 30.
1495 801 1714 846 Seplenebety
1747 801 1857 835 1340.

274 881 320 935 ln
348 904 479 935 nomine
508 905 624 935 sancte
653 902 805 934 trinitatis
834 904 865 933 et
893 899 1056 933 indiuidue
1084 901 1229 940 vnitatis,
1258 900 1358 943 patris
1388 902 1419 930 et
1447 897 1501 931 lilii
1531 901 1561 930 et
1587 899 1720 942 spiritus
1741 900 1855 930 saneti.
1885 896 1954 930 Nos

121 961 303 1005 Johannes,
332 961 385 996 dei
413 966 445 996 et
472 962 654 1008 apostolice
683 961 772 996 sedis
800 964 912 1005 gracia
933 964 1107 1005 episcopus
1129 958 1371 992 Olomucensis.
1404 957 1562 991 Omnibus
1584 960 1615 990 in
1636 962 1839 1003 perpetuum.
1869 956 1957 990 luter

120 1033 236 1057 omnes
264 1025 332 1056 vite
360 1021 454 1056 huius
482 1025 663 1056 varietates
683 1021 780 1056 nichil
800 1021 941 1055 humano
961 1023 1077 1065 generi
1096 1030 1271 1053 censemus
1293 1019 1413 1061 vtilius,
1435 1018 1543 1064 nilque
1563 1017 1725 1052 salubrius
1746 1018 1955 1052 arbitramur.

121 1093 217 1128 quam
244 1094 377 1128 semper
404 1087 435 1117 et
462 1082 582 1128 ubique
611 1094 684 1116 cum
713 1093 838 1116 sumina
859 1081 1040 1115 deuocione
1060 1083 1188 1125 gracias
1208 1090 1311 1124 agere
1331 1079 1392 1113 deo
1413 1082 1507 1124 patri,
1529 1081 1581 1124 qni
1602 1083 1675 1124 post
1693 1082 1787 1124 primi
1808 1081 1955 1124 parentis

121 1145 246 1177 ruinam
276 1154 336 1189 per
362 1146 494 1178 viscera
522 1143 747 1177 misericordie
776 1153 836 1176 sue
865 1142 1010 1175 seculum
1039 1144 1149 1175 mortis
1173 1144 1282 1186 perire
1310 1140 1425 1174 dolens
1454 1143 1583 1173 interitu
1612 1143 1642 1173 in
1672 1139 1736 1173 fine
1756 1139 1955 1175 seculorum.

121 1203 195 1238 dum
223 1207 288 1238 iam
316 1206 402 1237 sacri
432 1207 581 1238 venisset
608 1206 763 1249 temporis
792 1202 968 1249 plenitudo,
999 1202 1095 1235 lilium
1130 1213 1235 1244 suum,
1265 1201 1430 1235 dominum
1464 1205 1610 1234 nostrum
1638 1200 1751 1233 Jesnm
1781 1199 1954 1237 Christum,

121 1266 153 1298 in
182 1264 410 1311 splendoribus
439 1270 641 1308 sanctorum,
671 1269 746 1298 ante
775 1268 920 1309 tempora
949 1265 1105 1307 genitum,
1126 1267 1327 1308 cooperante
1348 1265 1462 1296 sancto
1486 1263 1611 1307 spiritu,
1642 1260 1682 1294 ab
1711 1272 1789 1294 arce
1817 1265 1954 1306 patei-na

121 1327 208 1359 misit
234 1328 266 1359 in
295 1328 390 1359 terris
419 1325 459 1359 de
486 1328 617 1370 virgine
645 1328 859 1367 nasciturum,
889 1329 919 1357 et
956 1327 986 1357 in
1025 1335 1081 1357 ara
1113 1326 1219 1357 crucis
1254 1334 1312 1368 pro
1347 1325 1451 1368 tocius
1489 1321 1597 1355 mundi
1633 1321 1736 1355 salute
1771 1332 1953 1367 passurum.

124 1386 214 1420 Sane
242 1389 273 1420 in
302 1389 520 1420 ministerium
549 1397 627 1420 cure
655 1386 842 1431 pastoralis,
871 1385 944 1418 licet
973 1387 1124 1425 inmeriti,
1154 1384 1260 1417 diuina
1290 1383 1487 1427 dignacione
1516 1385 1638 1424 vocati,
1675 1382 1714 1415 ad
1750 1385 1954 1415 incrementa

121 1447 226 1481 cultus
255 1446 366 1489 diuini,
396 1458 453 1492 pro
474 1451 587 1481 nostre
607 1446 827 1492 possibilitatis
848 1446 975 1479 modulo
996 1457 1073 1478 cura
1094 1444 1243 1490 peruigili
1263 1443 1482 1489 procuranda,
1502 1446 1588 1476 inter
1607 1443 1686 1476 alias
1707 1442 1956 1478 sollicitudines,

121 1510 241 1541 nostris
268 1507 495 1542 incumbentes
523 1507 679 1545 humeris,
709 1510 980 1551 recognoscimus
1018 1508 1182 1551 potissime
1211 1516 1270 1538 nos
1299 1508 1462 1538 astrictos.
1519 1504 1623 1547 Igitur
1651 1506 1832 1548 inspirante
1861 1502 1956 1536 nobis

122 1578 175 1610 eo,
204 1571 258 1614 qui
285 1567 360 1602 fons
388 1572 437 1602 est
464 1568 624 1602 bonorum
645 1571 787 1601 oninium
817 1572 848 1601 et
876 1570 980 1611 origo.
1010 1571 1043 1600 vt
1063 1570 1174 1599 sancta
1195 1570 1306 1599 nostra
1327 1566 1558 1599 Olomucensis
1578 1564 1728 1598 Ecclesia
1759 1575 1817 1609 per
1844 1568 1956 1597 nostre

121 1628 310 1663 humilitatis
339 1628 533 1675 obsequium
561 1632 593 1662 in
622 1632 697 1663 noui
726 1629 812 1662 setus
840 1632 988 1673 germine
1017 1627 1078 1660 deo
1106 1629 1244 1671 propitio
1276 1626 1469 1672 gratuletur,
1499 1625 1593 1659 nobis
1621 1629 1653 1658 et
1679 1627 1799 1658 nostris
1828 1635 1957 1669 proge-

121 1689 280 1724 nitoribus
309 1689 499 1724 delictorum
529 1690 604 1724 inde
633 1689 812 1723 remedium
842 1693 938 1734 atque
966 1688 1054 1721 salus
1090 1690 1263 1732 proueniat
1302 1689 1496 1728 animarum,
1526 1685 1565 1719 ad
1593 1685 1722 1719 laudeni
1759 1689 1790 1718 et
1818 1685 1955 1728 gloriam

122 1749 174 1784 dei
201 1752 318 1796 patriS,
355 1753 425 1784 eius
460 1753 594 1784 nomine
629 1753 796 1792 inuocato,
834 1749 1007 1783 ecelesiam
1043 1751 1073 1781 in
1108 1747 1258 1793 Pustmyr
1292 1752 1403 1781 nostre
1441 1746 1608 1792 dyocesis,
1644 1757 1706 1791 qne
1741 1745 1954 1791 parrochialis

121 1810 280 1844 hactenus
309 1813 424 1853 extitit,
453 1822 526 1844 cum
555 1810 706 1844 omnibus
736 1810 857 1843 iuribus
886 1814 917 1843 et
945 1811 1108 1842 vmuersis
1138 1810 1348 1853 pertinenciis
1369 1810 1437 1841 suis
1458 1811 1530 1853 post
1554 1808 1664 1852 plures
1694 1806 1956 1839 deliberaciones

121 1875 153 1905 et
181 1875 338 1905 tractatus
366 1870 494 1905 habitos
523 1882 595 1905 cum
624 1870 868 1904 honorabilibus
898 1872 988 1911 viris,
1019 1868 1172 1902 fratribus
1201 1871 1232 1902 in
1262 1868 1388 1902 Christo
1417 1870 1608 1910 carissimis,
1644 1867 1781 1900 dominis
1818 1865 1955 1899 Nicolao

122 1931 260 1974 decano,
289 1931 522 1965 Bartholomeo
550 1934 716 1977 preposito
745 1936 776 1965 et
813 1931 975 1973 Sborone,
1015 1930 1253 1975 predecessore
1290 1940 1360 1971 suo,
1396 1932 1448 1974 qni
1485 1933 1559 1962 tunc
1595 1927 1740 1965 viuebat,
1776 1926 1954 1959 Witbcone

123 1991 378 2037 archidyacono,
408 1997 440 2026 et
467 1993 609 2038 capitulo
645 1992 793 2025 Ecclesie
828 1996 940 2025 nostre
975 1990 1214 2032 (jttomucensis,
1253 2001 1291 2023 ac
1325 1990 1365 2023 de
1402 1993 1545 2035 ipsorum
1575 1989 1711 2022 consilio
1741 1992 1773 2020 et
1801 1997 1951 2020 assensu.

123 2054 155 2085 in
189 2055 421 2086 monasterium
457 2052 760 2086 Sanctimonialiuin
798 2052 965 2097 religionis
1007 2055 1039 2084 et
1072 2050 1195 2084 ordinis
1231 2053 1334 2084 sancti
1375 2053 1474 2096 patris
1510 2049 1679 2083 Benedicti
1713 2050 1879 2081 ereximus
1915 2058 1953 2079 ac

124 2114 293 2156 erigimus,
328 2115 554 2147 constituimus
595 2117 626 2146 et
666 2112 872 2159 presentibus
914 2111 1134 2145 sublimamus.
1192 2110 1361 2153 volentes
1400 2115 1433 2144 et
1465 2110 1525 2143 hac
1562 2114 1674 2142 nostra
1717 2109 1953 2141 constitucione

123 2174 292 2218 perpetuis
327 2173 465 2207 valitura
503 2173 702 2219 temporibus
737 2176 959 2207 sanccientes.
998 2176 1033 2205 vt
1069 2171 1210 2204 ecclesia
1248 2173 1319 2216 ipsa
1361 2173 1392 2204 in
1427 2174 1476 2204 ins
1508 2174 1540 2204 et
1576 2174 1722 2203 naturam
1764 2170 1952 2201 monasterii

123 2237 284 2275 transeat,
313 2237 345 2266 et
371 2233 488 2267 amodo
518 2244 582 2267 non
618 2233 832 2280 parrochialis
867 2233 1022 2273 ecclesia,
1056 2231 1113 2265 sed
1148 2234 1380 2264 monasterium
1415 2242 1450 2264 re
1479 2235 1510 2264 et
1539 2233 1669 2263 nomine
1698 2232 1883 2269 censeatur,
1913 2239 1952 2261 ac

123 2297 204 2336 iure,
235 2293 391 2337 dignitate
419 2298 451 2327 et
478 2293 604 2328 honore
633 2297 820 2328 monasterii
851 2297 1006 2340 perpetuo
1035 2291 1189 2337 gandeat,
1219 2294 1377 2337 poeiatur,
1408 2295 1439 2325 et
1467 2289 1736 2334 irrefragabiliter
1755 2287 1951 2334 perfruatur.

123 2353 361 2388 Desiderantes
389 2355 522 2399 insuper
550 2358 709 2388 incarnati
730 2355 822 2389 verbi
844 2355 994 2388 venerari
1016 2355 1205 2391 misterium,
1227 2362 1290 2396 qno
1310 2356 1454 2385 nostram
1475 2354 1596 2385 scimus
1616 2349 1753 2383 salutem
1782 2349 1952 2382 exordium

125 2417 310 2460 accepisse,
339 2418 569 2448 monasterium
608 2418 713 2461 ipsum
748 2418 779 2449 in
815 2415 939 2448 honore
973 2418 1005 2447 et
1040 2414 1141 2458 tytulo
1176 2412 1345 2445 salutifere
1372 2411 1556 2446 Natiuitatis
1593 2409 1712 2443 domini
1743 2412 1843 2443 nostri
1871 2409 1952 2442 Jesu

126 2474 244 2509 Christi
273 2479 305 2508 et
332 2474 477 2518 gloriose
505 2478 616 2510 matris
645 2478 715 2509 eius
743 2475 847 2510 Marie
876 2485 1006 2519 semper
1034 2476 1172 2517 virginis
1202 2472 1352 2505 duximus
1382 2471 1598 2518 apellandum.
1638 2469 1708 2503 Tali
1736 2473 1823 2503 circa
1854 2472 1953 2514 ipsius

126 2536 246 2570 domini
275 2538 377 2568 nostri
400 2534 573 2568 infanciam
594 2540 625 2569 et
644 2536 867 2570 venerabilem
888 2537 957 2568 eius
977 2536 1168 2578 genitricem
1190 2544 1247 2577 spe
1268 2532 1363 2566 ducti.
1385 2532 1469 2576 qnod
1491 2535 1560 2576 ipse
1581 2530 1620 2563 ad
1641 2533 1744 2564 instar
1763 2529 1951 2563 inl'ancinm.

125 2599 178 2642 qui
206 2596 377 2641 placantur
411 2595 451 2629 de
486 2594 571 2628 facili
605 2596 740 2630 modicis
772 2607 872 2642 super
908 2599 1091 2628 nostrorum
1121 2592 1322 2627 multitudine
1358 2594 1582 2638 peccaminum
1612 2593 1764 2629 victimis„
1795 2590 1953 2623 habeatur

1809 2649 1843 2677 2ae
