2184 2828
1112 139 1184 173 962

226 259 312 290 omni
343 259 401 289 iuri
431 255 515 300 qnod
545 255 697 298 habebat,
728 256 779 290 uel
809 255 932 290 habere
960 255 1143 298 uidebatui·‚
1179 258 1209 289 in
1240 258 1347 297 terris„
1377 255 1562 290 hominibus
1591 259 1825 303 cuiuscumque
1860 257 2066 292 condicionis

225 320 382 350 existant.

379 376 469 410 Item.
508 376 716 410 Arbitrauiur
753 376 838 422 quod
882 376 1038 422 deinceps
1074 387 1138 410 non
1182 376 1336 422 impediat
1371 376 1668 422 archiepiscopum,
1706 380 1894 423 episcopos,
1930 381 2067 412 comites

224 441 255 470 et
285 437 366 470 alios
396 436 537 473 nobiles.
569 447 777 482 quocumque
806 440 937 471 nomine
966 441 1197 483 nuncupentur
1226 439 1255 470 in
1292 436 1563 482 possessionibus
1593 442 1624 470 et
1652 442 1769 472 castris
1798 441 1868 472 sitis
1902 441 1934 472 in
1970 441 2068 472 terris

223 500 373 542 superius
403 500 586 530 nominatis.

377 557 467 590 Item.
500 556 772 590 Prominctianms
801 556 885 600 (sic)
915 556 1036 590 liberos
1066 561 1096 590 et
1132 556 1256 591 solutos
1286 561 1455 603 utriusque
1490 560 1592 603 partis
1621 557 1754 592 obsides
1790 562 1821 591 ct
1856 562 2005 604 captiuos
2035 564 2067 593 et

222 616 435 651 fideiussores
464 628 672 663 quocumque
701 620 833 651 nomine
862 622 1073 651 censeantur.

375 677 468 711 Item.
517 677 788 711 Pronunctiamus
835 678 916 722 (sic)
946 678 1030 723 quod
1066 677 1217 712 dominus
1252 679 1293 712 E.
1331 681 1566 713 serenissimus
1604 690 1669 712 rea·
1705 691 1916 713 romanorum
1945 691 1988 713 ex
2017 682 2065 713 eis

221 741 316 771 terris
347 742 377 770 et
407 737 592 771 bominibus
623 738 818 783 supradictis
848 738 1028 772 infeodabii
1056 738 1220 772 dominum
1253 739 1290 772 0.
1330 751 1442 783 reqem
1481 739 1643 773 Bohemie
1681 744 1713 773 ct
1740 739 1866 773 liberos
1902 751 1981 774 snos
2023 740 2063 773 de

220 798 371 831 omnibus
402 798 508 831 feodis
538 798 706 839 uidelicet:
737 798 902 831 Boleeme'a
933 799 948 842 (
1054 800 1069 842 ]
1099 799 1257 833 Moram
1287 804 1318 833 et
1347 801 1418 833 aliis
1448 799 1709 846 quibuscumque
1737 812 1799 846 quc
1834 803 2065 846 progenitores

220 862 268 892 sui
298 863 327 891 et
357 861 427 904 ipse
456 858 496 891 ab
526 861 662 904 1111110110
692 859 731 891 (Ιο
761 862 830 891 iure
860 864 1040 892 noscuntur
1070 859 1228 893 hactenus
1258 863 1416 893 tenuisse.

375 918 415 952 Et
451 923 485 952 ut
520 919 669 964 predicta
707 930 792 964 pax.
831 919 1008 953 concordia
1046 924 1077 953 et
1115 921 1350 954 reconciliacio
1390 920 1574 954 firmitatem
1611 925 1802 966 perpetuam
1842 920 1988 954 obtineat
2034 925 2066 954 et

219 984 330 1024 partes
370 984 476 1012 mutus
515 990 552 1012 se
593 982 756 1013 sincerius
791 979 927 1023 diligant
973 984 1004 1013 et
1050 984 1250 1014 cuniunctim
1287 982 1453 1014 etl'icacius
1490 983 1521 1014 in
1563 981 1660 1026 plena
1697 984 1846 1014 amicicia
1883 981 2066 1015 solidentur

218 1043 486 1085 pronunctiamus
517 1040 599 1080 (sic)
629 1039 818 1073 arbitrando
847 1040 931 1086 quod
962 1041 1125 1075 dominus.
1160 1041 1198 1075 0⁴
1229 1053 1294 1075 reoe
1329 1041 1492 1074 Boleeim'e
1527 1041 1656 1074 tandem
1689 1042 1794 1086 filiam
1831 1053 1925 1074 suam
1953 1068 1959 1075 .
1995 1069 2002 1075 .
2031 1044 2063 1075 in

218 1111 360 1134 vxorem
384 1101 459 1144 filio
489 1100 621 1134 domino
651 1100 771 1134 domini
801 1103 892 1145 reglis
912 1113 1125 1135 romanoram
1160 1106 1192 1135 et
1222 1106 1346 1135 terras.
1367 1106 1432 1135 .et.
1471 1101 1576 1135 eidem
1613 1105 1644 1135 in
1681 1101 1897 1136 donacionem
1928 1106 2062 1149 propter

217 1164 353 1207 nupcias
389 1160 566 1206 deputabit.

372 1221 460 1255 lnter
489 1226 601 1255 cetera
631 1220 828 1255 arbitramur
857 1223 1048 1268 specialiter
1076 1222 1162 1268 quod
1192 1227 1256 1256 etc.

746 1333 795 1366 De
833 1335 957 1367 eodem.
1001 1335 1207 1377 (Sentencie
1243 1337 1316 1369 siue
1353 1335 1536 1377 arbitria).

370 1402 439 1436 Nos
469 1402 620 1436 omuibus
649 1406 802 1436 noticiam
834 1403 1108 1450 subscriptorum.

369 1463 589 1497 Reuerendus
618 1466 649 1497 111
680 1463 803 1497 01111510
834 1469 926 1510 pater
954 1465 1107 1499 dominus
1148 1465 1206 1499 Th.
1238 1468 1427 1511 011150011115,
1458 1470 1491 1499 01
1518 1466 1714 1499 Frz'dere’cus
1741 1466 1803 1500 de.
1823 1469 1878 1500 ,111
1906 1468 2063 1500 vnionem

214 1526 306 1570 pacis
335 1528 367 1557 et
396 1524 574 1557 concordie
602 1527 773 1569 cupientes
802 1528 943 1558 inuicem
972 1526 1130 1560 deuenire
1165 1538 1203 1560 30
1232 1526 1382 1560 uidentes
1411 1526 1496 1573 qnod
1526 1537 1585 1573 per
1613 1527 1732 1560 nullum
1762 1527 1858 1561 alium
1888 1538 1984 1573 (1113111
2004 1538 2065 1573 per

215 1595 277 1618 nos
315 1585 430 1618 melius
467 1589 498 1617 et
534 1584 657 1618 firmius
693 1586 898 1619 concordare
938 1587 1104 1620 ualerent.
1143 1591 1288 1621 nostram
1324 1587 1414 1620 adire
1453 1590 1660 1633 presenciam
1699 1591 1731 1621 et
1772 1587 1812 1621 de
1846 1598 1965 1630 031153,
2004 1598 2063 1621 seu

215 1648 388 1690 questione
424 1656 487 1691 que
522 1644 713 1679 uertebatur
746 1649 832 1679 inter
874 1649 983 1692 ipsos.
1029 1652 1142 1693 utpote
1175 1650 1206 1681 in
1240 1647 1380 1681 arbitros
1421 1652 1453 1681 et
1488 1651 1760 1693 compromitores
1801 1653 1832 1681 et
1869 1648 2063 1682 diffinitores

213 1709 500 1751 compromisinter
530 1717 612 1752 pure
641 1706 780 1740 fideliter
808 1706 912 1740 libere
941 1712 973 1740 et
1001 1713 1183 1754 spontanea
1213 1708 1382 1742 uoluntate
1411 1719 1449 1742 30
1478 1719 1580 1754 super
1608 1719 1648 1743 eo
1678 1719 1755 1742 suas
1785 1711 1920 1754 suisque
1949 1709 2065 1754 sigillis

213 1770 360 1800 munitas
391 1766 486 1800 nobis
517 1766 677 1800 dederunt
706 1768 830 1801 litteras
859 1767 1077 1812 obligatorias
1106 1771 1138 1802 in
1167 1769 1228 1802 hac
1258 1768 1380 1803 forma:
2047 1778 2050 1780 ’

369 1827 437 1860 Nos
481 1827 539 1860 Th.
575 1827 627 1860 dei
660 1831 773 1871 gracia
812 1833 874 1862 etc.
910 1829 1060 1862 similiter
1101 1834 1163 1863 etc.
1204 1830 1372 1875 predictus
1401 1830 1599 1864 Fre‘derz’cus
1627 1829 1722 1864 nobis
1750 1832 1781 1863 in
1812 1822 1927 1864 eadem
1957 1829 2060 1864 foi-ma

215 1899 274 1933 per
302 1887 405 1921 forma
435 1891 544 1921 omnia
574 1891 733 1933 promisit.

369 1948 438 1982 Nos
486 1954 593 1982 autem
641 1951 763 1982 intenta
803 1948 1048 1984 deliberacione
1086 1951 1257 1997 sollempni
1301 1951 1476 1985 intellectis
1514 1956 1546 1984 ct
1586 1953 1784 1985 examinatis
1825 1950 1977 1984 omnibus
2021 1950 2061 1984 de

213 2011 398 2054 sapientum
434 2010 572 2043 consilio
602 2009 637 2042 In
676 2020 738 2055 que
773 2020 874 2055 super
902 2013 1008 2056 posita
1048 2015 1080 2044 et
1108 2015 1284 2056 questione
1313 2014 1488 2058 premissis
1517 2011 1728 2056 intelligenda
1757 2012 1809 2045 uel
1838 2011 2060 2045 examinanda

213 2068 343 2103 fuerant
372 2080 431 2115 pro
460 2069 546 2103 bono
575 2072 666 2116 pacis
695 2074 790 2115 atque
819 2071 999 2105 concordie
1028 2083 1072 2105 ex
1101 2075 1220 2116 vigore
1250 2075 1480 2118 compromissi
1509 2072 1645 2118 predicti
1674 2074 1704 2105 in
1735 2083 1795 2105 nos
1824 2072 1900 2105 facti
1921 2075 2061 2106 sencia-

214 2140 285 2163 mus
324 2134 355 2163 et
390 2129 585 2164 arbitramur
617 2130 701 2175 quod
746 2131 840 2164 dictis
874 2131 1014 2165 dominis
1050 2132 1176 2166 scilicet
1212 2135 1433 2166 municionem
1463 2143 1581 2166 nouam
1611 2143 1706 2178 quam
1736 2135 1844 2166 erexit
1871 2159 1878 2166 .
1914 2159 1920 2165 .
1950 2135 2058 2166 statim

214 2190 326 2223 vltime
360 2190 586 2224 demolicionis
622 2193 818 2225 exterminio
853 2191 999 2225 destruat
1034 2197 1066 2226 et
1102 2192 1226 2226 destrui
1261 2192 1361 2226 faciat
1395 2197 1427 2226 et
1454 2197 1609 2239 procuret
1638 2203 1700 2225 nec
1723 2204 1928 2237 pragensem
1957 2196 2058 2226 exeat

215 2252 385 2283 ciuitatem
415 2253 445 2284 in
476 2262 538 2297 qua
567 2255 645 2285 tunc
674 2255 726 2285 est
761 2251 866 2285 (101100
903 2252 988 2286 (11013
1026 2255 1169 2286 municio
1211 2256 1339 2298 penitus
1377 2255 1416 2287 sit
1452 2253 1616 2287 destructa
1645 2255 1820 2298 omniaque
1849 2255 1954 2299 ipsius
1983 2252 2060 2286 edi-

213 2309 285 2343 ficia
322 2315 352 2343 et
391 2314 569 2345 munimina
608 2316 695 2345 terre
728 2310 850 2346 fuerint
882 2323 954 2346 cum
989 2312 1125 2346 fossatis
1163 2316 1296 2347 circiter
1331 2313 1503 2360 adequata„
1538 2323 1601 2347 nec
1635 2323 1700 2346 non
1739 2318 1770 2347 et
1798 2313 1883 2358 quod
1912 2316 1942 2347 in
1973 2313 2060 2347 dicto

213 2370 286 2404 loco
303 2369 357 2404 vbi
378 2371 462 2404 dicta
479 2375 621 2405 municio
642 2376 751 2405 erecta
773 2377 822 2406 est
843 2373 928 2406 nulla
950 2373 1047 2406 (10111-
1067 2374 1080 2417 (
1161 2373 1176 2418 )
1197 2385 1276 2419 ceps
1298 2376 1440 2408 municio
1460 2373 1575 2407 futuris
1596 2375 1743 2417 erigatur
1761 2373 1975 2419 temporibus,
1996 2384 2057 2419 per

213 2430 421 2463 Friderz‘cmn
452 2432 635 2477 predictum
666 2432 716 2465 uel
747 2432 841 2466 alium
864 2444 1106 2479 quemeumque
1126 2434 1210 2479 quod
1241 2445 1305 2468 non
1335 2434 1439 2468 solum
1468 2445 1512 2467 ex
1532 2435 1650 2478 uigore
1679 2436 1906 2480 compromissi
1936 2436 1968 2467 in
1996 2444 2058 2468 nos

213 2490 291 2524 facti
326 2491 548 2537 prohibemus.
584 2503 699 2526 verum
738 2495 843 2526 eciam
873 2496 1069 2527 anctoritate
1101 2494 1295 2529 interdictus
1331 2498 1423 2540 regie
1450 2496 1638 2540 potentatis.
1669 2494 1719 2528 De
1747 2497 1950 2540 proprietate
1976 2504 2058 2528 uero

214 2554 410 2585 municionis
440 2552 524 2586 illius
553 2555 584 2586 in
614 2564 678 2598 quo
707 2552 789 2598 (sic)
828 2553 912 2587 dicta
943 2556 1085 2587 municio
1114 2560 1226 2589 erecta
1255 2560 1307 2589 est
1335 2560 1366 2589 et
1394 2555 1464 2589 aliis
1492 2554 1760 2600 possessionibus
1795 2558 1821 2589 si
1857 2554 1944 2589 dicto
1972 2555 2057 2588 Fre·-

214 2612 329 2646 dei-ico
365 2613 525 2658 placuerit
563 2624 664 2657 agere
701 2618 817 2647 contra
846 2613 1012 2648 dominum
1048 2618 1241 2661 episcopum
1271 2619 1484 2649 memoratum
1513 2615 1566 2648 uel
1596 2615 1647 2649 uel
1677 2626 1695 2649 e
1726 2643 1732 2649 .
1764 2642 1771 2650 .
1801 2615 1976 2649 ecclesiam
2005 2617 2055 2649 ius
