2184 2828
1071 116 1143 151 156

183 289 304 322 domini
334 288 503 322 Benedicti
533 288 641 320 diuina
671 286 884 332 prouideucia
914 297 999 332 pape
1018 285 1093 319 XII.
1121 285 1222 318 Anno
1251 289 1378 329 quarto,
1407 284 1488 318 hora
1516 285 1724 331 conpleterij,
1753 284 1790 318 In
1819 286 1884 317 inei
1911 282 2030 329 publici

182 349 308 393 Notarij
338 353 371 382 et
399 349 546 382 Testiuin
576 346 834 392 subscriptorum
864 349 1039 392 presencia
1061 346 1262 379 Constitutus
1282 345 1444 379 discretus
1463 349 1525 389 vir,
1548 345 1698 379 dominus
1721 343 1850 378 Buscho
1870 343 2031 390 plebanus

183 409 223 443 de
252 409 400 443 inferiori
421 408 597 450 ssobrauta,
620 406 850 441 Olomucensis
881 407 1035 449 diocesis,
1058 406 1184 452 Sponte
1213 416 1279 439 non
1308 417 1367 451 per
1394 417 1556 448 errorem,
1586 417 1653 440 non
1682 406 1822 445 illectus,
1844 415 1907 438 nec
1935 407 2030 438 minis

183 475 237 503 aut
265 469 417 515 precibus
446 468 608 510 inductus,
638 479 712 501 cuin
741 479 829 501 nunc
857 467 993 500 adesset
1030 466 1180 500 dominus
1215 465 1332 500 Petrus
1361 465 1570 500 decretorum
1606 466 1720 500 doctor
1749 470 1781 498 et
1808 464 1968 510 plebanus
1997 467 2030 498 in

183 529 372 576 Spunbwk,
403 529 610 562 Patauiensis
639 529 793 564 diocesis.
827 528 885 561 Cui
915 539 1030 571 causa,
1060 538 1122 573 que
1152 529 1235 560 inter
1262 526 1395 560 fratrem
1426 526 1724 569 Wachsmundum‚
1755 524 2032 559 Comeudatorem

182 591 359 637 Hospitalis
394 592 502 623 sancti
539 589 682 635 Spiritus
716 592 746 622 in
786 590 918 634 antiqua
953 587 1100 630 Brunna7
1137 586 1260 621 ordinis
1298 587 1543 621 Cruciferorum
1587 590 1693 621 sancti
1734 586 1908 629 Johannis,
1947 585 2032 620 dicte

183 651 414 686 Olouiucensis
444 650 587 684 diocesis
615 654 708 695 parte
737 660 782 683 ex
810 660 888 687 vna,
919 653 951 682 et
977 651 1083 694 ipsum
1112 646 1323 681 Buschonem
1357 652 1450 694 parte
1485 659 1529 682 ex
1557 648 1659 682 altera
1688 646 1892 690 vertebatur,
1923 646 2033 692 Super

182 711 376 758 quibusdam
397 710 535 745 decimis
559 710 600 744 de
621 710 697 744 villa
719 721 782 754 que
802 708 999 744 Mirzichaw
1018 712 1257 754 nunccupatur,
1281 720 1390 754 ymmo
1411 720 1511 755 super
1530 705 1671 754 pecunia
1691 708 1855 741 fertonum
1876 709 2032 753 quinque,

180 775 314 806 nomine
344 771 474 804 decime
503 775 535 805 et
562 781 621 816 pro
650 773 721 816 ipsa
751 769 891 813 decima,
920 780 980 815 per
1008 772 1111 815 ipsum
1147 768 1355 803 Busclionein
1390 774 1422 803 et
1450 770 1677 803 Successores
1706 779 1784 802 suos
1819 767 1859 801 ab
1888 768 2033 802 ecclesia

181 836 213 866 iu
240 831 406 866 Bobrauia
436 831 584 865 inferiori
615 831 721 864 eidem
753 829 1021 863 Commendatori
1050 832 1185 874 suisque
1219 829 1469 864 successoribus
1499 833 1595 864 aunis
1624 828 1763 874 singulis
1797 828 2033 874 persoluenda,

182 896 379 927 auctoritate
413 891 623 926 Venerabilis
659 894 691 925 iu
728 890 857 925 Christo
893 890 998 924 Patris
1035 890 1156 923 domini
1201 889 1361 924 Johannis
1394 890 1551 936 Episcopi
1597 889 1828 924 Olomucensis
1871 888 2034 923 audienda

180 957 359 987 commissa
403 953 510 986 suerat
547 956 579 985 et
612 952 676 985 tine
712 950 821 984 debito
855 950 1050 993 decidenda,
1087 949 1220 984 Publice
1253 954 1458 996 recognouit,
1494 962 1531 985 se
1574 950 1843 984 Connuendatori
1884 948 2034 996 predicto

181 1014 324 1048 indebite
359 1016 569 1059 opposuisse,
607 1017 638 1045 et
673 1015 847 1058 pecuniam
882 1011 1063 1058 predictam
1099 1011 1138 1044 de
1174 1011 1315 1045 ecclesia
1349 1023 1408 1046 sua
1443 1011 1632 1057 supradicta
1667 1014 1761 1044 annis
1797 1010 1937 1055 singulis
1974 1020 2033 1056 pro

181 1075 308 1108 decima
338 1075 470 1108 soluere
499 1084 536 1106 se
565 1076 683 1115 teneri,
714 1077 745 1106 et
774 1084 848 1106 cum
877 1073 916 1106 ad
951 1083 1091 1118 presens
1124 1071 1213 1106 vnde
1247 1072 1392 1106 solueret
1426 1083 1491 1106 non
1526 1071 1674 1114 haberet,
1709 1070 1972 1105 misericordiam
2002 1074 2035 1104 et

182 1146 248 1169 non
278 1135 430 1168 iudiciuin
461 1133 659 1179 postulabat,
688 1133 888 1167 Promittens
917 1132 1003 1167 bona
1034 1132 1096 1166 lide
1125 1144 1143 1166 a
1172 1132 1224 1166 die
1252 1136 1396 1179 presenti
1426 1136 1457 1166 in
1487 1137 1584 1166 antea
1620 1132 1680 1166 sub
1714 1143 1800 1178 pena
1829 1134 2034 1178 priuacionis

182 1200 214 1229 et
243 1196 445 1241 perdicionis
480 1197 551 1240 ipso
580 1194 667 1227 facto
696 1193 849 1238 lienclicij
880 1197 929 1228 sui
959 1194 1038 1227 dare
1063 1198 1094 1227 et
1115 1194 1247 1227 soluere
1267 1196 1362 1227 annis
1381 1193 1521 1238 singulis
1543 1196 1573 1227 in
1603 1194 1690 1227 sesto
1712 1196 1818 1226 sancti
1838 1191 2034 1226 Michalielis

183 1256 419 1289 Coinendatori
448 1255 555 1289 eidem
586 1258 730 1301 quinque
760 1255 907 1288 fertones
937 1266 1131 1299 grossorum
1161 1254 1367 1288 denariorum
1397 1253 1614 1299 l'ragensium
1636 1254 1829 1298 Pagamenti
1858 1252 2033 1295 Morauiei7

182 1317 223 1350 de
258 1316 375 1362 quibus
409 1319 562 1362 superius
598 1320 645 1348 est
682 1319 890 1361 premissuun
930 1320 983 1349 aut
1023 1318 1126 1361 ipsius
1167 1317 1361 1360 cuicumque
1394 1326 1453 1360 pro
1489 1319 1637 1360 tempore
1679 1316 1881 1356 successori,
1925 1324 2035 1360 neque

183 1380 348 1423 promisso
378 1376 418 1410 de
447 1382 561 1410 cetero
589 1381 704 1410 contra
734 1376 846 1410 facere
867 1377 920 1409 rel
943 1379 1070 1409 venire.
1101 1375 1323 1409 Cunicndator
1342 1378 1450 1421 itaque
1472 1375 1638 1421 predictus
1661 1378 1804 1417 miserim
1826 1379 1857 1408 et
1878 1374 2034 1420 precibus

181 1438 441 1483 supplicancium
484 1437 670 1471 admonitus
713 1440 887 1483 pecuniam
930 1436 991 1470 sibi
1033 1437 1174 1470 debitam
1217 1437 1390 1478 rclaxauss,
1433 1441 1465 1469 et
1506 1447 1612 1469 annos
1649 1436 1730 1469 duos
1765 1447 1783 1469 a
1817 1436 1903 1469 sesto
1941 1435 2034 1468 Beati

180 1498 376 1532 Micbalielis
406 1509 490 1532 nunc
520 1501 688 1544 preterito⁷
719 1497 781 1532 sibi
811 1497 942 1540 addidit,
974 1503 1007 1531 vt
1037 1500 1139 1543 ipsius
1169 1496 1352 1531 anclionis
1381 1496 1548 1530 relaxaret
1576 1496 1616 1529 de
1650 1497 1789 1530 consilio
1825 1496 2035 1530 dominorum

181 1562 374 1605 pauperiem
404 1563 539 1605 propter
567 1559 662 1592 deum
693 1570 772 1604 pure
802 1570 840 1592 ac
870 1559 1072 1604 simpliciter,
1103 1558 1138 1592 ln
1168 1568 1304 1603 quorum
1332 1559 1475 1591 omnium
1497 1559 1716 1590 testimouium
1739 1559 1974 1602 premissorum
1996 1582 2004 1590 .
2026 1583 2036 1592 .

181 1622 314 1654 missam
350 1623 621 1665 recognicionein
654 1619 902 1653 llonorabiliuin
938 1622 1086 1653 virorum
1123 1619 1327 1652 dominorum
1363 1618 1447 1651 Petri
1484 1617 1787 1651 vicearcliidiaconi
1831 1617 2035 1651 Brunneusis

181 1683 213 1714 in
252 1680 410 1723 Riczans‚
446 1680 576 1714 Nicolai
606 1680 645 1713 (le
682 1680 833 1722 llossicz.v
870 1680 1014 1714 Com-adi
1049 1679 1088 1713 ad
1125 1690 1241 1713 onmes
1276 1683 1422 1713 sanctos.
1462 1679 1705 1712 Canonicorum
1739 1677 1893 1711 Ecclesie
1930 1681 2036 1712 sancti

182 1741 269 1774 Petri
299 1744 330 1774 in
361 1741 507 1784 Brunnu,
538 1753 575 1774 ac
605 1741 821 1774 discretorum
851 1743 1009 1774 virorum.
1031 1740 1213 1774 llermanni
1242 1739 1281 1773 de
1311 1739 1462 1781 Straska,
1485 1738 1585 1772 Vlrici
1616 1738 1656 1772 de
1685 1741 1847 1784 superiori
1869 1737 2033 1772 Bobrauia

181 1801 409 1835 Ecclesiarum
438 1801 669 1848 plebanorum,
699 1801 835 1847 predicti
875 1801 1145 1835 Wachsmundus
1178 1799 1443 1834 Coinmendator.
1482 1799 1611 1833 Busche
1646 1798 1807 1845 plebanus
1847 1802 2033 1846 petiuerunt

182 1865 212 1896 in
243 1862 356 1896 Robur
385 1867 544 1908 perpetue
573 1862 733 1896 firmitatis
762 1866 969 1908 appensione
999 1873 1062 1896 con
1093 1888 1255 1896 .....
1285 1865 1359 1894 sunt
1394 1860 1453 1894 licc
1490 1860 1599 1893 l3runc
1634 1863 1665 1893 in
1694 1859 1791 1893 domo
1821 1859 2035 1893 Honorabilis

183 1926 244 1956 viri
274 1922 402 1956 Nicolai
432 1923 472 1956 de
502 1923 641 1957 Hossicz
676 1923 812 1968 predicti
848 1923 1067 1956 discretorum
1104 1912 1248 1956 virorum
1286 1924 1443 1963 magistro
1480 1920 1670 1954 l’urcliardo
1706 1920 1747 1954 dc
1778 1947 1784 1954 .
1818 1947 1824 1954 .
1857 1948 1862 1954 .
1893 1919 2036 1966 plebano

182 1983 332 2017 Ecclesie
363 1986 392 2016 m
423 1983 674 2029 ‘Nigr-aecclesia
705 1995 743 2017 uc
770 1983 965 2029 subscriptis
987 1984 1127 2017 dominis
1148 1982 1284 2017 testibus
1305 1981 1512 2027 presentibus
1533 1986 1565 2014 ct
1585 1981 1658 2025 alijs
1678 1980 1826 2026 pluribus
1847 1980 2035 2025 lidedignis.

182 2044 222 2078 lii
255 2056 320 2081 ego
355 2043 520 2078 llliclialiel
557 2044 734 2077 Tlieodrici
771 2044 810 2077 dc
849 2044 965 2089 l‘raga.
1010 2044 1190 2089 l’ragensis
1232 2043 1374 2076 diocesis
1418 2042 1570 2075 Publicus
1613 2045 1810 2075 auctoritate
1853 2041 2036 2088 lmperialis

182 2104 338 2139 Notarius
370 2116 511 2138 vnacum
541 2105 635 2138 dictis
665 2104 820 2138 Testibus
849 2108 1021 2150 premissis
1050 2104 1202 2139 omnibus
1238 2103 1379 2145 interfui,
1416 2114 1521 2148 eaque
1551 2106 1659 2136 onmia
1695 2107 1728 2136 et
1756 2104 1888 2147 singula
1917 2105 2035 2149 scripsi

182 2171 212 2199 et
244 2169 274 2199 in
305 2165 388 2199 lianc
418 2165 580 2211 publicam
611 2165 750 2199 sormam
787 2165 914 2210 redegi,
951 2168 1115 2211 signoque
1151 2176 1226 2199 ineo
1263 2165 1359 2199 solito
1395 2166 1526 2208 signant
1563 2163 1712 2208 Rogatus
1753 2167 1782 2197 in
1815 2166 2036 2197 testiinonium

184 2229 429 2271 premissorum.

491 2288 558 2321 (Das
583 2288 657 2321 Urig.
684 2288 729 2313 aus
751 2288 918 2321 Pergameni.
944 2288 1016 2314 stark
1043 2288 1210 2321 bosciuuligi,
1237 2296 1287 2313 von
1305 2287 1402 2312 ‹lcssen
1421 2286 1479 2311 suus
1496 2286 1605 2316 Siflillcn
1625 2286 1666 2311 ‹lic
1692 2287 1746 2311 xivr
1771 2289 1859 2311 ersten
1887 2286 2034 2312 tlicilueisc

595 2340 752 2374 gebroclwn
781 2341 850 2373 sind,
875 2341 923 2366 das
948 2341 1024 2366 lctztc
1057 2341 1121 2366 aber
1153 2348 1221 2374 ganz
1245 2339 1317 2371 setin,
1346 2340 1378 2364 irn
1405 2339 1519 2364 Arcluvc
1550 2338 1598 2363 dus
1627 2338 1748 2364 Klnstcrs
1777 2339 1852 2370 διιεῖ,
1879 2339 1911 2364 ini
1942 2346 1974 2364 m.
2001 2340 2033 2363 st.

597 2391 809 2418 Lnndesarctme
834 2392 880 2418 Lu.
908 2393 938 2418 A.
966 2392 997 2418 ll.
1024 2401 1047 2418 n.
1075 2392 1140 2425 80.)
