2184 2828
1052 290 1156 325 416.

185 383 372 427 Marltqraf
394 381 482 415 Kar-l
508 392 572 413 ron
601 379 744 413 Malu-en
774 378 937 421 hesleby!
965 377 1018 410 die
1046 388 1120 409 rom
1150 376 1282 419 lsamye
1309 375 1445 409 Jolesazm
1478 386 1542 409 con
1572 374 1723 408 Bolzmen
1751 373 1824 406 dem
1851 372 2025 406 Hermann

185 455 249 477 ron
278 443 346 476 Ess
374 442 440 475 mut
466 442 585 474 (Iessea
615 439 863 473 Naclelrommen
893 450 932 471 w
953 436 1114 470 Dorneelc
1142 447 1195 469 am
1225 436 1255 469 7.
1279 435 1479 480 September
1500 435 1599 469 1340
1625 433 1803 479 (semaelete
1823 431 2026 475 Schenltmtq

185 505 244 537 des
272 503 327 536 bei
346 502 494 536 Breslaa
520 501 704 545 yeleqeteen
725 500 832 542 Hofes
859 497 1060 541 ll⁷‹›3ss‹·hz'ez
1088 499 1207 529 samm!
1235 496 1325 529 allen
1347 496 1613 540 Znyelmrunqen
1643 495 1709 528 mul
1727 493 1933 527 Frez'laeiten.
1964 492 2023 526 Dt.

576 560 813 599 ll‘ralislmtit’,
851 558 925 592 1⁷11.
956 558 1010 590 die
1037 557 1160 590 mensis
1187 556 1284 590 Jemz'z'
1312 556 1368 599 [7.
1396 556 1497 599 duni)
1532 555 1638 589 1342.

340 637 427 690 xes
462 655 604 689 Karolus
634 654 755 688 domini
785 653 890 697 Regis
920 652 1057 685 Boemie
1085 650 1327 695 Primogenitus
1356 650 1503 685 Marchio
1532 650 1699 689 Morauie,
1737 647 1856 682 Notum
1886 647 2026 681 facimus

184 723 301 752 tenore
330 719 540 762 presencium
571 717 751 749 vniuersis.
783 712 877 754 Quod
907 715 980 758 quia
1010 711 1161 745 dominus
1190 715 1222 744 et
1242 710 1378 744 Genitor
1407 716 1520 745 noster
1548 710 1743 751 antedictus,
1773 712 1911 754 paterno
1940 707 2026 741 fideli

183 778 277 812 nobis
310 777 499 823 specialiter
533 777 651 809 dilecto
680 774 872 807 Hermanno
902 772 989 805 dicto
1025 771 1064 805 de
1093 771 1176 813 Ess,
1212 770 1361 805 familiari
1397 782 1456 805 suo
1492 771 1695 812 domestico,
1732 771 1841 802 omnia
1870 768 1957 802 bona
1985 767 2026 801 ad

184 838 315 872 Curiam
345 838 463 871 dictam
494 835 699 881 Woyscliiez
729 844 832 880 prope
861 832 1111 866 Wratislauiam
1141 834 1330 877 spectancia
1359 831 1557 865 hereditarie
1587 830 1737 870 donauit,
1775 832 1844 863 suis
1872 828 1933 862 sibi
1961 839 2027 874 pa-

183 898 338 940 tentibus,
367 909 448 942 quas
478 897 618 931 vidimus
648 896 772 930 litteriS.
803 893 886 927 datis
908 904 1008 938 super
1035 903 1075 926 eo
1104 903 1241 938 quarum
1269 897 1363 926 tenor
1390 892 1463 925 talis
1483 894 1610 925 existit:
1639 889 1810 924 Joliannes
1839 889 1891 923 dei
1911 891 2026 934 gracia

184 959 321 993 Boemie
350 958 425 992 Rex
455 969 491 990 ae
512 955 816 999 Lucemburgensis
838 953 959 987 Comes
982 952 1033 987 Ad
1063 955 1293 986 vniuersorum
1322 955 1476 986 noticiam
1506 957 1623 985 tenore
1644 953 1854 997 presencium
1875 949 2027 984 volumus

185 1022 375 1065 peruenire„
406 1017 500 1058 Quod
530 1028 591 1050 nos
619 1016 734 1049 conlisi
763 1019 825 1048 etc.
856 1025 971 1060 usque.
1001 1013 1121 1047 Datum
1150 1016 1180 1046 in
1211 1013 1364 1046 Turnaco
1393 1012 1429 1046 In
1450 1012 1570 1057 vigilia
1591 1011 1778 1045 Natiuitatis
1806 1010 1902 1044 beate
1921 1009 2028 1044 Marie

184 1080 332 1124 Virginis
363 1079 462 1112 Anno
493 1077 615 1111 domini
643 1075 695 1110 ΜΟ
726 1074 826 1109 CCCO
853 1074 937 1108 XLO.
969 1074 1023 1118 (S.
1055 1073 1090 1107 S.
1112 1072 1185 1107 206
1214 1084 1246 1107 n.
1277 1073 1349 1107 286
1370 1073 1399 1106 d.
1422 1073 1478 1118 B.)
1507 1072 1574 1106 Nos
1603 1083 1686 1105 vero
1715 1072 1866 1105 volentes
1895 1081 2027 1104 memo-

184 1145 255 1174 rato
284 1139 476 1173 Hermanno
505 1137 546 1171 de
566 1137 640 1179 Ess,
671 1136 830 1170 dictorum
859 1146 992 1169 suorum
1022 1137 1238 1168 seruiciorum
1268 1136 1391 1176 intuitu„
1422 1132 1538 1179 quibus
1568 1135 1672 1166 eciam
1702 1131 1798 1165 nohis
1819 1131 2029 1177 complacere

183 1211 317 1246 semper
345 1198 519 1235 tenebitun
550 1200 654 1242 gratis
675 1207 854 1230 occurrere
876 1194 1167 1241 disposicionibuS,
1197 1197 1297 1240 ipsius
1316 1193 1497 1227 Hermaimi
1518 1191 1820 1239 supplicacionihus
1841 1194 2028 1236 graciosius

184 1261 348 1302 inclinati7
383 1258 544 1305 prefatam
576 1258 796 1291 donacionem
826 1261 857 1290 et
885 1256 1104 1289 collacionem
1135 1255 1175 1288 de
1211 1258 1289 1300 ipsis
1316 1254 1411 1288 bonis
1445 1253 1483 1288 ad
1513 1253 1631 1287 dictam
1661 1252 1793 1286 Curiam
1821 1251 2029 1298 Woyschicz

187 1319 427 1367 pertinentibus
456 1330 529 1352 cum
558 1317 710 1352 omnibus
739 1322 770 1351 et
798 1317 938 1361 singulis
967 1319 1033 1349 suis
1063 1308 1287 1361 pertinenciis,
1316 1326 1375 1361 per
1403 1325 1535 1348 omnem
1564 1314 1695 1347 modum
1730 1318 1763 1347 et
1799 1312 1956 1355 formam,
1991 1323 2029 1346 ac

184 1393 257 1415 cum
278 1380 429 1414 omnibus
450 1379 617 1418 clausulis„
646 1381 786 1424 punctis.
816 1377 1022 1411 libertatibus
1043 1380 1074 1410 et
1094 1375 1355 1412 condicionibus.
1387 1378 1418 1409 in
1438 1375 1532 1408 dictis
1560 1376 1707 1419 paternis
1728 1375 1844 1408 litteris
1864 1383 2029 1419 expresse

186 1442 227 1475 de
249 1440 354 1474 verbo
375 1440 414 1474 ad
435 1439 572 1473 verbum
595 1438 839 1472 contineutibus
851 1437 935 1483 (sic)
946 1436 1180 1483 approbamus„
1203 1436 1413 1477 ratificamus,
1435 1447 1473 1469 ac
1495 1437 1598 1468 eciam
1617 1434 1861 1477 confirmamus,
1882 1438 2029 1467 nostrum

186 1505 235 1535 eis
272 1500 452 1547 prebentes
491 1504 608 1533 tenore
642 1501 852 1545 presencium
888 1508 1087 1531 consensum
1123 1497 1310 1531 beniuolum
1345 1501 1377 1529 et
1414 1506 1622 1541 expressum.
1678 1494 1801 1528 Harum
1839 1498 2028 1528 nostrarum

186 1564 377 1596 testimonio
406 1561 598 1594 litterarum.
628 1559 745 1593 Datum
783 1544 1000 1592 Wratislauie
1029 1558 1178 1604 Septimo
1206 1557 1258 1591 die
1295 1559 1417 1590 mensis
1444 1555 1543 1599 Junij.
1575 1556 1674 1589 Anno
1703 1555 1825 1589 domini
1853 1553 2029 1589 Millesimo

187 1623 437 1656 Trecentesimo
467 1619 893 1664 Quadragesimosccundo.

496 1700 566 1731 (Ans
591 1699 649 1724 (lem
675 1698 749 1728 Orig.
780 1698 826 1724 aul
847 1698 966 1731 Pergam.
993 1698 1037 1722 mit
1062 1698 1147 1723 eiuem
1172 1696 1277 1722 kleinen
1301 1694 1393 1729 Sigille
1417 1696 1448 1720 im
1480 1694 1506 1720 k⁴
1534 1694 1649 1720 Archive
1673 1702 1702 1719 zu
1728 1694 1848 1727 Breslau,
1871 1693 2031 1727 mitgetheilt

599 1759 659 1776 vom
690 1750 819 1776 Archivar
848 1750 893 1775 Dr.
919 1749 1123 1780 wattenbach.)

1063 1877 1167 1912 417.

190 1958 377 2002 Markyraf
405 1957 493 1991 Karl
526 1968 589 1990 von
625 1956 769 1990 Malu-en
806 1955 973 2000 bestdtiyt
1007 1956 1071 1989 den
1099 1966 1173 1989 vom
1186 1954 1333 1998 alsoniqe
1359 1952 1495 1986 Johazm
1524 1964 1564 1986 za
1593 1953 1687 1997 Pray
1721 1964 1774 1986 am
1810 1951 1902 1987 VIII.
1933 1950 2031 1996 Sep-

194 2023 323 2063 temper
354 2017 447 2051 1341
478 2017 713 2062 yenelnm'yten
741 2016 887 2060 Anhcmf
909 2027 973 2050 ron
1004 2015 1076 2062 7¹f2
1100 2015 1201 2049 Marlc
1228 2015 1288 2048 der
1316 2013 1507 2057 Zv'lesungsen
1536 2013 1642 2046 r0124
1673 2013 1809 2046 Lalmen
1838 2013 1871 2045 in
1893 2012 2032 2055 Queliez

190 2079 255 2113 med
283 2078 357 2124 3¹s2
386 2078 523 2112 Lalmen
552 2079 585 2111 in
605 2077 747 2111 Poma-z
773 2078 830 2121 fair
857 2077 911 2110 die
939 2075 1141 2110 ausserhalb
1169 2076 1229 2110 der
1248 2074 1350 2108 Stadt
1367 2073 1530 2117 qeceyerze
1549 2073 1803 2107 Marieulcz'relze
1823 2084 1865 2106 zu
1885 2072 2030 2117 Gloqau.

643 2137 703 2171 Dt.
739 2137 975 2177 Hs'rate'slam’e,
1013 2137 1086 2171 1³11.
1116 2137 1169 2170 die
1197 2136 1318 2169 mensis
1344 2134 1441 2167 Jmez'i
1468 2133 1577 2167 1342.

343 2222 433 2277 Nos
462 2242 604 2276 Karolus
632 2242 771 2275 domini.
790 2269 797 2275 .
825 2241 929 2286 Regis
958 2240 1095 2274 Boemie
1115 2239 1369 2284 Primogenitus‚
1397 2236 1547 2270 lllarcliio
1576 2237 1725 2271 Morauie
1744 2237 2032 2282 Recognoscimus

193 2307 308 2336 tenore
344 2306 547 2348 presentium
576 2305 761 2345 vniuersis‚
796 2313 856 2335 nos
891 2301 1018 2335 vidisse
1053 2301 1179 2334 litteras
1208 2299 1328 2333 domini
1358 2296 1525 2331 Genitoris
1554 2301 1656 2331 nostri
1684 2297 1842 2344 predicti,
1870 2299 2030 2341 integras„

193 2373 258 2396 non
287 2362 442 2401 abrasas,
479 2374 545 2397 non
580 2361 734 2401 abolitasq
765 2365 853 2396 omni
883 2364 1074 2407 suspicione
1102 2364 1273 2401 carentes,
1302 2368 1363 2391 suo
1392 2360 1507 2390 maiori
1536 2358 1644 2402 sigillo
1681 2358 1859 2402 sigillatas,
1894 2366 2031 2401 quarum

194 2427 290 2455 tenor
318 2423 499 2457 dinoscitur
527 2434 604 2457 esse
633 2423 716 2456 talis.
745 2422 916 2456 Johannes
945 2422 998 2455 dei
1025 2423 1138 2466 gracia
1158 2420 1292 2453 Boemie
1313 2417 1387 2451 Rex
1413 2428 1452 2450 ac
1471 2417 1774 2462 Lucemburgensis
1795 2417 1925 2459 Comes,
1954 2426 2031 2449 oin-

193 2481 288 2515 nibus
309 2485 340 2515 in
360 2488 553 2528 perpetuum
574 2488 635 2517 etc.
657 2493 771 2527 usque.
794 2482 913 2516 Datum
929 2482 1037 2526 Prage
1057 2484 1090 2514 in
1110 2480 1162 2514 die
1177 2479 1361 2513 Natiuitatis
1382 2477 1476 2511 beate
1497 2477 1601 2511 Marie
1623 2478 1771 2523 Virginis
1791 2478 1890 2511 Anno
1910 2476 2030 2510 domini

194 2541 370 2576 Millesimo
399 2543 651 2578 Trecentesimo
680 2542 1066 2588 Quadragesimoprimo.
1097 2540 1150 2586 (S.
1173 2540 1208 2574 S.
1230 2538 1302 2573 252
1332 2549 1362 2571 n.
1394 2538 1466 2571 354
1488 2537 1517 2571 d.
1540 2538 1596 2584 B.)
1624 2538 1665 2572 Et
1693 2541 1768 2583 quia
1797 2536 1891 2571 nohis
1920 2536 2031 2570 humi-

193 2603 267 2637 liter
295 2602 511 2649 supplicatum
540 2606 658 2647 extitit,
687 2608 723 2638 vt
750 2603 931 2650 predictum
960 2601 1168 2636 vendicionis
1196 2603 1399 2633 contractum
1439 2598 1604 2632 ratificare
1632 2603 1664 2632 et
1691 2598 1879 2643 gratificare
1907 2596 2031 2642 digna-
