2184 2828
1002 102 1074 138 185

113 227 146 257 ut
174 222 337 265 dicebant,
365 221 425 255 fuit
453 231 497 255 ex
525 220 668 255 adverso
697 232 909 268 responsum,
939 220 1025 268 quod
1053 219 1137 254 idem
1167 219 1283 254 Petrus
1312 218 1420 254 fuerat
1441 225 1472 254 et
1491 225 1565 255 erat
1583 220 1738 255 inhabilis
1759 226 1790 256 et
1810 222 1965 268 indignus

113 283 154 317 ad
187 286 337 328 regimen
369 283 563 315 monasterii
598 281 751 327 sepefati,
787 293 828 316 eo
863 282 950 327 quod
985 281 1102 316 multas
1136 280 1233 314 villas
1269 280 1435 327 multaque
1476 281 1563 315 bona
1596 281 1773 316 immobilia
1817 283 1964 317 eiusdem

113 345 306 378 monasterii
326 342 545 386 alienaverat,
566 341 753 387 dictumque
774 345 1011 376 monasterium
1030 341 1137 375 multis
1157 339 1252 374 bonis
1272 341 1485 387 spoliaverat,
1513 347 1544 376 et
1563 342 1644 376 alias
1671 342 1966 389 dampnificaverat

112 406 143 438 in
171 403 281 438 multis
308 406 525 449 pecuniarum
554 405 700 437 suminis.
730 402 783 436 Ex
810 407 904 449 parte
933 407 1042 437 autem
1070 401 1147 435 dicti
1167 401 1253 434 Petri
1283 406 1399 435 contra
1428 401 1491 436 1100
1518 406 1625 437 extitit
1643 403 1849 449 replicatum,
1879 404 1964 450 quod

111 464 328 498 alienationes
356 463 505 509 predicte
532 474 599 497 non
627 461 760 497 fuerant
787 463 876 497 facte
896 474 955 509 per
974 473 1061 506 eum,
1081 461 1141 496 sed
1162 461 1266 495 dictus
1287 461 1467 507 Hildgerus
1489 467 1520 496 et
1545 463 1775 498 Theodoricus
1796 463 1965 510 depositus

109 524 213 559 abbas
248 523 325 558 dicti
359 526 562 567 monasterii,
598 523 702 558 dictas
738 523 957 558 alienationes
993 527 1025 558 et
1057 522 1174 557 multas
1209 522 1290 556 alias
1325 522 1479 557 fecerant
1512 523 1553 557 de
1580 524 1668 558 villis
1704 529 1736 558 et
1771 524 1842 559 aliis
1870 523 1965 558 bonis

109 584 330 620 immobilibus
359 589 393 619 et
420 587 519 618 etiam
553 584 593 618 de
627 583 725 618 bonis
760 584 935 618 mobilibus
968 588 1000 618 et
1034 585 1238 618 ornamentis
1274 584 1514 618 ecclesiasticis
1552 588 1744 619 monasterii
1778 588 1964 619 memorati.

110 645 180 680 Nos
207 648 307 691 igitur
333 645 488 680 volentes
525 644 565 679 de
593 644 781 691 huiusmodi
815 644 1068 679 alienationibus
1102 648 1134 678 et
1170 646 1326 690 personis
1361 655 1425 690 que
1461 643 1615 678 fecerunt
1649 645 1783 679 easdem
1816 645 1966 692 plenarie

108 706 292 750 informari,
322 706 363 740 de
390 708 671 752 circumpectione
699 710 732 739 et
763 705 933 750 diligentie
959 710 1072 740 vestre
1100 704 1226 747 studiiS,
1248 704 1389 752 fideique
1410 708 1598 739 constantia
1618 705 1750 751 plenam
1775 709 1807 740 in
1834 706 1966 740 domino

109 767 263 802 fiduciam
298 766 499 810 obtinentes,
544 766 738 801 discretioni
775 771 889 801 vestre
925 766 964 800 de
1000 770 1168 812 utriusque
1203 768 1306 811 partis
1347 777 1488 800 assensu
1523 777 1584 812 per
1626 767 1807 812 apostolica
1843 770 1966 813 scripta

109 831 340 862 committimus
369 831 401 861 et
429 826 623 861 mandamus
651 829 805 872 quatinus
833 826 961 861 sublato
990 826 1152 861 dilationis
1180 825 1354 861 obstaculo
1383 826 1423 860 ad
1453 826 1573 861 dictum
1602 831 1839 861 monasterium
1865 839 1966 862 mon-

109 891 237 935 tissyon
277 899 337 923 seu
379 891 548 922 civitatem
584 887 748 933 Pragens.
785 887 871 922 dicto
911 890 1113 922 monasterio
1147 889 1360 921 convicinam
1393 898 1456 921 vos
1490 888 1714 934 personaliter
1749 888 1965 923 conferentes

109 954 143 984 et
184 949 347 984 habentes
384 960 444 995 pre
478 949 583 984 oculis
617 949 726 983 solum
760 948 857 982 deum
891 948 931 982 de
967 951 1138 995 premissis
1173 947 1429 982 alienationibus
1459 952 1491 982 et
1526 951 1681 994 personis
1716 959 1781 994 que
1815 948 1967 983 fecerunt

108 1011 326 1044 alienationes
360 1009 495 1044 easdem
529 1020 570 1043 ac
602 1012 714 1043 causis
749 1020 876 1051 eorum,
911 1013 942 1043 et
976 1009 1047 1044 aliis
1087 1011 1343 1043 circumstantiis
1384 1008 1578 1055 simpliciter
1612 1013 1644 1043 et
1679 1008 1719 1043 de
1754 1009 1853 1056 plano
1893 1012 1966 1043 sine

107 1073 245 1117 strepitu
274 1074 306 1105 et
334 1070 440 1116 figura
468 1070 578 1104 iudicii
606 1072 730 1104 curetis
765 1069 952 1115 diligenter,
988 1075 1021 1104 et
1052 1070 1178 1104 solicite
1212 1072 1382 1115 inquirere
1415 1072 1604 1113 veritatem,
1639 1074 1673 1104 et
1701 1081 1742 1104 ea
1771 1082 1835 1116 que
1863 1081 1964 1116 super

107 1134 280 1178 premissis
315 1133 512 1165 inveneritis
545 1142 645 1165 manu
679 1130 823 1177 publica,
858 1133 891 1164 111
927 1133 1058 1176 scriptis
1092 1130 1238 1175 redacta,
1276 1130 1337 1165 sub
1378 1133 1502 1165 vestris
1543 1130 1672 1165 inclusa
1711 1131 1828 1176 sigillis
1870 1131 1967 1165 nobis

107 1195 304 1238 quantocius
324 1195 492 1226 remittere
512 1196 545 1226 et
563 1191 735 1226 destinare
755 1194 889 1225 curetis.
911 1190 1180 1226 Contradictores
1196 1203 1256 1238 per
1271 1202 1448 1225 censuram
1465 1191 1728 1226 ecclesiasticam
1745 1192 1966 1238 appellatione

107 1255 290 1299 postposita
322 1252 580 1299 compescendo.
636 1252 758 1286 Testes
793 1257 903 1286 autem
937 1255 990 1298 qui
1024 1252 1144 1286 fuerint
1178 1255 1348 1295 nominati,
1386 1254 1414 1287 si
1449 1263 1487 1286 se
1520 1255 1627 1297 gratia
1661 1252 1737 1286 odio
1764 1253 1821 1287 vel
1850 1256 1967 1286 timore

107 1313 334 1348 subtraxerint
361 1324 506 1348 censura
533 1313 630 1348 simili
658 1313 878 1359 appellatione
907 1317 1062 1347 cessante
1091 1316 1218 1358 cogatis
1246 1315 1379 1347 veritati
1408 1316 1630 1347 testimonium
1650 1312 1839 1359 perhibere.
1871 1312 1967 1354 Quod

108 1377 137 1409 si
164 1385 231 1409 non
259 1384 376 1409 omnes
403 1373 466 1408 hiis
495 1373 704 1420 exequendis
743 1376 915 1420 potueritis
947 1376 1111 1407 interesse
1145 1373 1209 1409 duo
1243 1378 1394 1408 vestrum
1428 1384 1468 1408 ea
1504 1373 1738 1408 nichilominus
1767 1378 1964 1420 exequatur.

107 1434 228 1469 Datum
255 1435 428 1470 Avinione
455 1434 614 1469 Kalendis
644 1434 799 1469 Octobris
827 1446 914 1469 anno
943 1438 1069 1480 quinto.

416 1514 502 1547 (Nach
525 1514 585 1540 dem
610 1514 685 1548 Orig.
711 1514 828 1548 Regeste
852 1513 953 1548 Papst‘s
978 1513 1105 1539 Benedict
1127 1513 1185 1540 XII.
1213 1512 1288 1540 Jahr.
1313 1513 1346 1539 V.
1371 1513 1414 1540 Br.
1441 1513 1512 1541 280.
1538 1514 1565 1540 S.
1601 1512 1669 1541 170.
1695 1514 1729 1540 im
1753 1513 1963 1540 Vatiknnischen

521 1567 638 1593 Archjve
661 1574 693 1593 ιιι
717 1566 792 1593 Rom.
818 1566 914 1592 Vidini.
941 1565 1079 1592 Absclirist
1101 1566 1134 1592 im
1158 1574 1191 1592 m.
1216 1569 1249 1592 st.
1273 1565 1516 1600 Landesarchive.)

985 1685 1093 1721 255.

112 1765 245 1800 Robert
272 1777 336 1800 con
368 1765 500 1809 Ons'ow,
533 1765 707 1799 Olmutz-er
740 1765 927 1810 Burqqras.
964 1764 1129 1808 erltlarel,
1164 1764 1244 1798 dass
1277 1764 1340 1799 clas
1376 1765 1654 1799 A'onnenlcloster
1682 1764 1739 1799 bei
1764 1764 1819 1799 St.
1849 1764 1963 1798 Jalwb

108 1839 149 1861 zu
179 1826 311 1862 Olmuez
338 1838 403 1861 von
438 1827 532 1861 allen
561 1826 712 1861 Steuern
747 1825 891 1871 befrez'et
920 1827 981 1859 sei.
1020 1825 1080 1859 Dt.
1113 1825 1289 1869 Olomucz'e',
1333 1825 1428 1860 VIII.
1466 1825 1547 1860 Idus
1583 1825 1722 1860 Octobr.
1761 1825 1816 1868 (8.
1856 1826 1965 1859 Octo-

926 1886 1006 1929 ber)
1039 1885 1149 1920 1339.

262 1963 360 2029 Ego
396 1983 564 2030 Ropertus
600 1982 640 2017 de
670 1982 842 2017 Onschow
876 1981 1094 2028 purchrauius
1133 1980 1365 2016 Olomucensis
1399 1984 1565 2016 vniuersis
1600 1986 1717 2016 tenore
1752 1983 1963 2027 presencium

109 2041 239 2090 publice
274 2055 499 2089 recognosco,
539 2043 626 2090 quod
669 2055 744 2078 cum
784 2046 1017 2078 serenissimus
1059 2045 1213 2087 princeps
1251 2041 1401 2077 dominus
1440 2043 1583 2077 Kar-ulus
1624 2041 1771 2076 marchio
1813 2041 1964 2075 llIorauie

109 2103 208 2138 michi
236 2103 381 2139 dedisset
408 2108 440 2139 in
469 2104 645 2148 mandatis,
679 2109 715 2139 vt
749 2104 808 2138 sub
844 2103 978 2138 obtentu
1007 2105 1110 2148 ipsius
1147 2105 1262 2146 gracie
1296 2105 1463 2149 inquirere
1500 2108 1532 2137 et
1566 2105 1768 2149 perscrutari
1806 2101 1963 2136 deberem

112 2164 275 2208 studiose,
313 2169 420 2199 Vtrum
461 2168 699 2200 monasterium
741 2167 848 2199 sancti
895 2163 1012 2198 Jacobi
1059 2163 1356 2197 sanctimonialium
1397 2166 1431 2198 in
1473 2163 1633 2198 Oloinucz
1675 2162 1716 2196 ad
1757 2162 1962 2196 talliaciones

109 2224 370 2259 contribucionis
398 2230 431 2260 et
459 2228 662 2260 exacciones
691 2226 878 2271 singulares
907 2227 990 2259 sicut
1017 2228 1130 2257 cetera
1152 2227 1354 2258 monasteria
1380 2225 1675 2259 sanctimonialium
1698 2234 1757 2269 per
1775 2223 1962 2258 Morauiain

109 2288 288 2320 constituta
330 2289 532 2331 astringatur
571 2298 612 2321 an
648 2298 715 2321 non
753 2290 905 2321 teneatur
939 2284 979 2318 ad
1015 2284 1205 2327 soluendus,
1243 2284 1352 2331 Super
1387 2284 1517 2331 quibus,
1555 2295 1629 2318 cum
1671 2283 1893 2317 reuerendum
1930 2286 1963 2317 in

110 2345 241 2380 Christo
283 2350 408 2391 patrem
446 2347 614 2381 dominum
655 2347 842 2381 Johannem
884 2348 1076 2392 episcopum
1120 2355 1159 2378 ac
1200 2343 1412 2379 honorabiles
1453 2348 1544 2379 viros
1583 2344 1735 2378 dominos
1773 2344 1961 2378 Sboronem

110 2409 315 2453 prepositum
351 2405 541 2441 Witconem
581 2407 850 2442 archidiaconum
888 2411 920 2440 et
957 2406 1039 2440 alios
1075 2407 1257 2440 canonicos
1292 2406 1438 2440 ecclesie
1473 2406 1705 2439 Olomucensis
1738 2405 1961 2452 personaliter

111 2470 331 2501 accessissem
364 2471 397 2500 et
431 2466 565 2501 eosdem
601 2479 640 2502 ac
672 2468 755 2502 alias
789 2473 854 2502 tam
891 2466 1138 2501 ecclesiasticas
1175 2476 1272 2511 quam
1309 2467 1478 2500 seculares
1514 2476 1675 2511 personas
1712 2468 1961 2512 requisiuissem

111 2526 309 2572 diligencius
349 2531 380 2560 et
419 2529 673 2572 interogassem.
709 2528 819 2562 Primo
856 2538 916 2574 per
956 2526 1129 2573 priuilegia
1165 2537 1283 2571 rogum
1324 2531 1356 2561 et
1392 2529 1576 2572 principum
1617 2526 1724 2560 eidem
1758 2528 1961 2561 monasterio

111 2597 276 2622 concessa
304 2591 336 2621 et
364 2586 484 2621 donata
514 2591 546 2622 et
574 2588 703 2623 demum
732 2600 792 2635 per
820 2587 1020 2634 prefatorum
1042 2587 1247 2621 dominorum
1267 2591 1299 2621 et
1318 2587 1455 2621 alioruin
1476 2586 1718 2632 lidedignorum
1738 2589 1960 2622 testimonium

1816 2644 1857 2676 24
