2184 2828
1065 104 1134 137 140

178 235 239 269 que
269 223 308 256 ad
325 223 566 256 Villicationem
588 226 734 255 nostram
750 221 995 267 Zuoymensem
1017 222 1179 266 spectauit
1199 219 1356 254 hactenus
1377 219 1612 254 exsoluendam
1633 231 1692 265 per
1712 230 1771 252 eos
1792 222 1822 252 111
1844 218 2016 254 Trecentis

177 283 297 318 Marcis
325 295 518 328 grossorum
551 282 771 316 Denariorum
808 281 1035 326 pragensium,
1072 282 1246 324 sexaginta
1282 285 1421 325 quatuor
1456 292 1594 325 grossos
1634 291 1693 326 pro
1728 279 1841 313 Marca
1877 278 2016 325 qualibet

176 344 406 390 computando,
436 355 494 390 pro
523 342 639 389 quibus
667 342 805 376 eandem
834 342 920 376 fideli
949 346 1061 375 nostro
1081 341 1252 374 Bernardo
1273 341 1312 374 de
1333 340 1507 385 Czimburg
1535 341 1652 374 dudum
1675 352 1717 374 ex
1737 342 1847 374 causis
1867 341 2018 373 rationa-

176 404 294 438 bilibus
323 405 602 448 obligaueramus,
632 414 705 436 cum
736 401 897 444 omnibus,
927 405 995 436 suis
1015 401 1154 446 juribus,
1176 401 1397 435 usufructibus
1418 405 1449 434 et
1469 404 1685 447 pertinentiis,
1707 404 1737 434 in
1758 399 2018 445 quibuscumque

177 469 368 508 consistant,
398 468 481 499 sicut
509 463 548 497 ad
578 475 639 497 nos
668 468 699 497 et
727 463 767 497 ad
796 466 901 509 ipsam
930 462 1173 496 Yillicationem
1202 461 1369 507 spectabat
1398 466 1429 495 et
1457 467 1609 508 spectare
1638 465 1777 507 poterat,
1806 460 1845 494 de
1865 459 2019 495 mandato

175 526 307 560 Domini
329 525 493 559 Genitoris
522 527 636 566 nostri,
666 523 792 565 damus,
821 523 1024 556 conserimus
1053 527 1085 556 ct
1113 521 1271 555 donamus
1291 522 1464 555 tenendam
1486 527 1518 555 et
1538 521 1721 555 habendam
1743 532 1781 555 ac
1802 519 2018 554 utifruendam

177 598 235 632 per
263 598 321 620 eos
346 587 421 629 jure
450 584 650 618 hereditario
680 587 712 618 in
741 588 935 630 perpetuum
964 583 1101 628 pacifice
1130 586 1162 615 et
1190 585 1310 626 quiete.
1341 587 1373 616 et
1400 586 1473 629 quia
1501 583 1574 616 uilla
1596 582 1712 615 eadem
1734 581 1831 615 multo
1852 581 2019 627 amplioris

177 652 333 681 censetur
360 648 453 691 pretii
484 650 516 679 et
543 645 684 686 ualorts,
712 644 782 678 Nos
811 644 973 686 uolentes,
1003 648 1035 677 ut
1070 642 1195 688 prefata
1234 643 1354 677 Ciuitas
1392 655 1409 676 a
1439 646 1605 689 perpetuis
1634 643 1800 676 releuetur
1829 640 2019 687 dispendiis,

177 712 207 741 et
236 710 390 741 continua
419 705 479 740 sub
508 710 624 740 nostro
659 705 746 738 felici
781 707 942 749 regimine
976 706 1134 749 suscipiat
1162 706 1375 742 incrementa,
1413 703 1578 737 residuum
1609 703 1730 736 ualoris
1760 701 1906 736 eiusdem
1935 701 2020 736 vittae

177 768 330 814 predictis
360 769 479 801 nostris
509 765 644 800 Ciuibus
673 768 705 798 in
735 776 883 811 perenne
911 763 1088 798 subsidium
1119 774 1176 809 pro
1205 763 1411 807 sufferendis,
1444 764 1503 798 sibi
1533 763 1730 809 quibuslibet
1759 761 2021 796 incumbentibus

177 828 331 862 oneribus
369 827 547 861 liberaliter
584 826 773 870 elargimur.
811 825 1051 859 transferentes
1075 827 1105 857 in
1136 835 1207 866 eos,
1237 823 1276 857 de
1304 823 1506 869 benignitate
1542 824 1636 857 nobis
1673 826 1817 867 ingenita
1854 827 1890 856 et·
1923 825 2019 857 etiam

177 894 288 923 nostra
319 891 468 928 scientia,
499 890 526 921 si
555 886 629 932 quid
655 887 738 930 juris
768 888 798 919 in
828 888 897 931 ipsa
927 885 1082 931 prelibata
1112 885 1199 927 uilla,
1226 884 1331 927 nobis,
1353 884 1527 918 heredibus
1557 897 1595 918 ac
1624 883 1878 918 successoribus
1900 885 2020 919 nostris

177 949 425 983 Mart-litonibus
454 948 615 985 Morauie,
646 946 853 992 competebat
881 946 1051 989 haetenus,
1081 947 1233 991 competit
1262 948 1418 991 presenti,
1440 957 1498 979 seu
1529 950 1640 991 posset
1661 943 1905 989 quomodolibet
1925 954 2020 977 com-

178 1015 292 1057 petere
328 1012 357 1043 in
388 1009 542 1044 futurum.
582 1007 773 1041 Eximentes
808 1006 1016 1040 nihilonimus
1051 1007 1158 1040 uillam
1194 1006 1331 1039 eandem
1367 1011 1524 1051 perpetua
1561 1008 1772 1051 exemptione
1808 1017 1825 1039 a
1861 1005 2022 1039 solutione

177 1071 317 1105 collecte
336 1070 454 1114 Regio,
484 1080 542 1103 seu
564 1068 684 1110 Berne,
712 1073 744 1101 et
772 1080 789 1101 a
814 1067 1044 1112 jurisdictione
1074 1066 1291 1113 quorumlibet
1310 1066 1498 1100 Villicoruui
1521 1077 1578 1099 seu
1601 1066 1851 1099 Prouincialium
1872 1064 2022 1099 Judicum

179 1131 412 1165 Czudariorum
457 1134 488 1162 et
522 1129 815 1163 Beneficiariorum
850 1128 1122 1173 Znoymensium,
1159 1139 1197 1161 ac
1232 1130 1326 1160 totius
1361 1130 1461 1160 nostri
1495 1126 1740 1159 Marcbionatus
1775 1125 1935 1167 Morauie,
1973 1124 2020 1159 lta

179 1198 212 1225 ut
248 1191 323 1225 nulli
359 1193 492 1224 omnino
521 1190 698 1225 hommum.
734 1192 972 1234 cuiuscumque
1007 1193 1110 1222 status
1149 1192 1203 1222 aut
1243 1187 1444 1221 condicionis
1481 1190 1639 1226 extiterit,
1675 1191 1884 1232 preterquam
1928 1185 2024 1219 dictis

180 1252 326 1294 (linibus,
356 1251 454 1285 liceat
482 1253 514 1284 in
544 1250 659 1284 eadem
696 1250 836 1296 aliquam
871 1261 1034 1283 exercere
1064 1249 1270 1293 judiciariam
1306 1252 1501 1294 potestatem
1538 1259 1596 1281 seu
1621 1247 1897 1291 jurisdictionem,
1927 1256 2026 1292 super

180 1313 440 1358 quibuscumque
469 1311 573 1357 culpis
603 1311 653 1344 uel
692 1309 902 1353 excessibus,
938 1321 1074 1354 quoi-uui
1110 1309 1271 1342 Judicium
1307 1308 1430 1342 eisdem
1469 1308 1602 1342 Ciuibus
1640 1307 1821 1341 secundum
1859 1306 2026 1353 sepedicte

179 1373 403 1419 Znoymensis
439 1372 584 1406 Ciuitatis
618 1371 890 1405 consuetudinem
923 1372 1042 1414 jurium
1079 1370 1237 1403 hacteuus
1271 1369 1537 1415 approbatorum,
1576 1369 1729 1402 duximus
1766 1367 2026 1409 concedendam,

181 1434 335 1468 fauentes
366 1436 446 1479 ipsis
475 1437 505 1466 et
535 1432 759 1466 concedentes
789 1431 829 1465 de
858 1434 963 1476 gratia
993 1431 1139 1476 speciali,
1169 1435 1201 1463 ut
1230 1442 1246 1463 a
1277 1429 1412 1463 Villanis
1442 1429 1526 1463 Villc
1555 1429 1737 1475 sepedicte,
1767 1440 1866 1473 agros
1904 1433 1937 1461 et
1965 1428 2026 1462 alia

181 1495 267 1528 bona
304 1506 374 1531 sua,
412 1493 591 1527 secundum
629 1495 831 1526 taxationem
870 1491 1095 1525 rationabilem
1132 1493 1310 1524 uicinorum
1347 1490 1386 1523 de
1429 1489 1654 1523 adiacentibus
1692 1490 1777 1523 villis
1814 1500 1852 1522 ac
1894 1488 2026 1534 prediis,

183 1554 345 1601 sepedicti
376 1554 475 1588 Ciues
504 1553 667 1587 redimere
696 1557 727 1586 et
755 1564 949 1598 comparare
979 1552 1120 1593 ualeant,
1151 1554 1219 1585 suis
1248 1550 1358 1584 usibus
1382 1552 1458 1594 jure
1488 1551 1636 1596 plenario
1657 1550 1863 1596 applicanda,
1894 1561 1934 1582 co
1964 1559 2028 1582 non

182 1616 348 1652 obstante,
378 1618 405 1649 si
435 1614 555 1648 Villani
585 1614 713 1660 prefati,
744 1616 823 1659 ipsis
853 1612 985 1646 Ciuibus
1015 1611 1278 1657 Znoymensibus
1309 1615 1477 1645 resistere.
1516 1614 1545 1644 111
1577 1610 1637 1644 liae
1667 1615 1758 1656 parte
1788 1610 1949 1644 uolucriut
1978 1609 2029 1643 uel

182 1680 288 1712 reniti.
322 1675 505 1720 Adijcimus
534 1679 685 1721 preterea
716 1679 747 1708 ut
774 1674 891 1719 prefati
922 1675 1020 1707 Ciues
1059 1678 1168 1706 cetera
1210 1671 1293 1705 bona
1329 1683 1399 1713 sua,
1431 1672 1593 1708 uidelicet,
1629 1671 1786 1709 Etluuicz,
1816 1670 2030 1711 Kukrowicz,

183 1736 431 1772 Schalersdorff
455 1741 486 1769 et
513 1734 809 1777 Walternuczsetd,
839 1745 912 1768 eum
942 1734 1129 1768 molendino
1159 1736 1190 1767 in
1220 1732 1415 1766 Polmieliez.
1446 1744 1508 1777 que
1539 1743 1623 1765 minc
1654 1731 1832 1776 possident,
1871 1742 1932 1764 nec
1961 1740 2027 1764 non

184 1810 235 1832 ea.
265 1809 328 1842 que
358 1800 569 1843 imposterum
595 1798 670 1840 jure
698 1798 911 1841 proprietatis
941 1797 1130 1840 possessuri
1158 1798 1244 1833 sunt,
1273 1792 1333 1827 sub
1362 1804 1399 1826 ca
1431 1793 1525 1837 plena
1553 1795 1763 1837 exceptione,
1785 1803 1847 1837 qua
1869 1790 2028 1837 prefatam

183 1858 301 1892 Villam
333 1857 514 1899 Seliattaw,
545 1868 603 1890 eos
633 1857 791 1901 deinceps
820 1860 933 1889 tenere
963 1856 1112 1889 uolumus
1142 1859 1173 1889 et
1201 1857 1282 1888 sicut
1311 1857 1378 1899 ipsa
1408 1853 1594 1898 supradicta
1626 1853 1709 1886 bona
1739 1864 1781 1886 ex
1808 1854 2029 1886 concessione

184 1919 464 1953 Predecessormn
495 1917 702 1958 Nostrorum,
733 1916 906 1950 illustrium
936 1916 1098 1960 quondam
1120 1915 1267 1949 Morauic
1287 1914 1525 1956 lilarcliiouuui,
1548 1915 1716 1946 memorati
1738 1914 1835 1946 Ciues
1856 1915 2029 1957 antiquitus

186 1983 373 2019 tenuerunt,
405 1983 550 2012 teneant.
582 1977 733 2019 habeant,
764 1982 797 2010 et
825 1977 1016 2022 possideant
1044 1980 1073 2010 111
1105 1980 1295 2022 perpetuum
1325 1975 1461 2020 paciliee
1490 1978 1520 2007 et
1550 1977 1670 2019 quiete.
1703 1974 1858 2007 l'rcterea
1887 1972 1926 2006 ad
1947 1983 2030 2018 pro-

184 2040 306 2074 sectum
336 2044 368 2072 et
397 2039 654 2072 meliorationem
685 2041 828 2083 ipsorum
860 2040 978 2071 ciuium
1008 2042 1039 2071 et
1067 2037 1212 2071 Ciuitatis
1232 2036 1464 2081 Znoymeusis,
1493 2035 1597 2080 plenis
1618 2033 1788 2067 all'ectibus
1810 2033 2029 2071 intendentes.

186 2105 217 2134 ut
246 2100 285 2134 ab
316 2099 530 2133 incommodis
560 2104 591 2133 et
621 2101 786 2144 pressuris
816 2098 1028 2144 supradictis,
1057 2102 1089 2131 et
1116 2098 1187 2131 aliis
1208 2100 1350 2143 ipsorum
1370 2094 1631 2140 grauaminibuS.
1654 2099 1740 2128 tanto
1762 2094 1887 2135 melius,
1908 2097 2030 2139 quanto

187 2160 314 2202 fortius,
352 2163 491 2203 gratiam
529 2164 671 2193 nostram
707 2158 768 2192 sibi
805 2159 924 2192 adesse
964 2161 1117 2200 sentiant,
1156 2162 1186 2192 et
1220 2161 1428 2203 imposterum
1463 2159 1627 2200 respirare
1665 2155 1805 2195 ualeant,
1848 2165 1964 2188 omncs
1999 2158 2031 2187 et

187 2221 335 2265 singulas
365 2220 544 2258 libertates,
574 2223 698 2264 gratias
734 2223 764 2252 et
802 2219 972 2265 priuilegia
1009 2230 1067 2264 per
1102 2218 1219 2252 dictum
1255 2218 1428 2251 Dominum
1464 2219 1649 2259 {gt-nitorem
1685 2220 1844 2257 nostrum,
1881 2219 1911 2248 et
1949 2214 2030 2248 alios

187 2281 262 2314 diue
307 2281 546 2314 recordationis
591 2280 703 2324 Reges
747 2279 903 2313 Bolicmie
941 2280 993 2313 uel
1028 2279 1238 2313 marchiones
1279 2277 1438 2311 Morauie.
1478 2276 1734 2322 predecessores
1772 2280 1914 2315 nostros,
1953 2277 2030 2321 ipsis

190 2341 325 2387 prouide
360 2341 465 2381 datas,
504 2341 606 2375 saetas
642 2352 826 2374 concessas
861 2345 892 2373 et
920 2339 1071 2381 indultas,
1108 2344 1197 2373 ratas
1232 2337 1388 2372 babemus
1422 2341 1451 2370 et
1487 2342 1611 2381 gratas.
1649 2348 1706 2370 eas
1744 2335 1965 2382 approbamus
2000 2339 2029 2369 et

189 2404 309 2434 virtute
338 2401 501 2435 literarum
532 2406 717 2435 nostrarum
747 2403 947 2446 presentium
977 2400 1219 2434 confirmamus.
1275 2398 1356 2431 Date
1386 2397 1529 2439 Brunne,
1560 2398 1658 2430 Anno
1687 2396 1829 2440 Domini,
1859 2395 2032 2431 Millesimo

190 2462 441 2495 'Trecentesimo
470 2461 653 2495 Tricesimo
681 2465 810 2502 octauo,
848 2460 928 2494 scria
967 2465 1061 2495 sexta
1092 2465 1166 2493 antc
1204 2459 1419 2499 Dominicaui,
1450 2470 1511 2503 qua
1540 2461 1668 2491 canitur
1697 2457 1814 2491 Letare
1847 2456 2030 2490 Jerusalem

190 2533 350 2568 PPOXUHU.

499 2593 564 2617 tlt..
582 2595 654 2624 (trag,
681 2593 726 2617 aus
744 2593 899 2622 Pergami-ut
924 2593 966 2617 init
991 2594 1074 2618 eiuem
1100 2600 1212 2625 grossa-u
1239 2589 1464 2614 uolilerliultcueu
1483 2589 1574 2618 sigule
1593 2590 1624 2614 im
1644 2589 1757 2614 Arctum·
1775 2587 1914 2614 ‹tvi-selben
1933 2587 2031 2617 stadt.)
