<?xml version="1.0" encoding="UTF-8"?>
<!DOCTYPE html PUBLIC "-//W3C//DTD XHTML 1.0 Transitional//EN"
    "http://www.w3.org/TR/xhtml1/DTD/xhtml1-transitional.dtd">
<html xmlns="http://www.w3.org/1999/xhtml" xml:lang="en" lang="en">
 <head>
  <title>
</title>
<meta http-equiv="Content-Type" content="text/html;charset=utf-8" />
  <meta name='ocr-system' content='tesseract 3.04.00' />
  <meta name='ocr-capabilities' content='ocr_page ocr_carea ocr_par ocr_line ocrx_word'/>
</head>
<body>
  <div class='ocr_page' id='page_1' title='image "./codexdiplomaticu07morauoft_0020.png"; bbox 0 0 2184 2828; ppageno 0'>
   <div class='ocr_carea' id='block_1_1' title="bbox 170 200 2008 850">
    <p class='ocr_par' dir='ltr' id='par_1_1' title="bbox 170 200 2008 850">
     <span class='ocr_line' id='line_1_1' title="bbox 171 200 2005 247; baseline 0 -10"><span class='ocrx_word' id='word_1_1' title='bbox 171 203 292 237; x_wconf 86' lang='lat' dir='ltr'>domini</span> <span class='ocrx_word' id='word_1_2' title='bbox 328 202 454 246; x_wconf 84' lang='lat' dir='ltr'>Karuli,</span> <span class='ocrx_word' id='word_1_3' title='bbox 487 202 685 236; x_wconf 91' lang='lat' dir='ltr'>marchionis</span> <span class='ocrx_word' id='word_1_4' title='bbox 718 201 879 245; x_wconf 85' lang='lat' dir='ltr'>Morauie,</span> <span class='ocrx_word' id='word_1_5' title='bbox 914 204 1123 247; x_wconf 81' lang='lat' dir='ltr'>primogeniti</span> <span class='ocrx_word' id='word_1_6' title='bbox 1159 200 1279 234; x_wconf 89' lang='lat' dir='ltr'>domini</span> <span class='ocrx_word' id='word_1_7' title='bbox 1314 203 1430 244; x_wconf 81' lang='lat' dir='ltr'>nostri,</span> <span class='ocrx_word' id='word_1_8' title='bbox 1468 201 1677 236; x_wconf 89' lang='lat' dir='ltr'>Serenissimi</span> <span class='ocrx_word' id='word_1_9' title='bbox 1720 202 1824 247; x_wconf 85' lang='lat' dir='ltr'>Regis</span> <span class='ocrx_word' id='word_1_10' title='bbox 1861 202 2005 237; x_wconf 71' lang='lat' dir='ltr'>Boemie.</span> 
     </span>
     <span class='ocr_line' id='line_1_2' title="bbox 170 261 2008 309; baseline -0.001 -12"><span class='ocrx_word' id='word_1_11' title='bbox 170 263 264 297; x_wconf 91' lang='lat' dir='ltr'>nobis</span> <span class='ocrx_word' id='word_1_12' title='bbox 293 263 481 309; x_wconf 82' lang='lat' dir='ltr'>specialiter</span> <span class='ocrx_word' id='word_1_13' title='bbox 508 264 678 297; x_wconf 79' lang='lat' dir='ltr'>concessis</span> <span class='ocrx_word' id='word_1_14' title='bbox 706 264 737 295; x_wconf 92' lang='lat' dir='ltr'>in</span> <span class='ocrx_word' id='word_1_15' title='bbox 766 261 938 306; x_wconf 82' lang='lat' dir='ltr'>Iglawiam</span> <span class='ocrx_word' id='word_1_16' title='bbox 967 265 1132 295; x_wconf 89' lang='lat' dir='ltr'>ciuitatem</span> <span class='ocrx_word' id='word_1_17' title='bbox 1160 263 1336 295; x_wconf 85' lang='lat' dir='ltr'>venientes</span> <span class='ocrx_word' id='word_1_18' title='bbox 1356 261 1591 305; x_wconf 79' lang='lat' dir='ltr'>dissensiones,</span> <span class='ocrx_word' id='word_1_19' title='bbox 1612 263 1765 307; x_wconf 82' lang='lat' dir='ltr'>querelas</span> <span class='ocrx_word' id='word_1_20' title='bbox 1785 266 1817 296; x_wconf 85' lang='lat' dir='ltr'>et</span> <span class='ocrx_word' id='word_1_21' title='bbox 1844 261 2008 307; x_wconf 88' lang='lat' dir='ltr'>quaslibet</span> 
     </span>
     <span class='ocr_line' id='line_1_3' title="bbox 170 321 2007 369; baseline -0.002 -11"><span class='ocrx_word' id='word_1_22' title='bbox 170 327 272 366; x_wconf 59' lang='lat' dir='ltr'>rixas,</span> <span class='ocrx_word' id='word_1_23' title='bbox 301 335 382 369; x_wconf 92' lang='lat' dir='ltr'>quas</span> <span class='ocrx_word' id='word_1_24' title='bbox 410 323 529 357; x_wconf 85' lang='lat' dir='ltr'>ibidem</span> <span class='ocrx_word' id='word_1_25' title='bbox 559 333 658 368; x_wconf 90' lang='lat' dir='ltr'>super</span> <span class='ocrx_word' id='word_1_26' title='bbox 686 322 826 356; x_wconf 88' lang='lat' dir='ltr'>diuersis</span> <span class='ocrx_word' id='word_1_27' title='bbox 854 325 999 356; x_wconf 89' lang='lat' dir='ltr'>materiis</span> <span class='ocrx_word' id='word_1_28' title='bbox 1028 333 1046 355; x_wconf 89' lang='lat' dir='ltr'>a</span> <span class='ocrx_word' id='word_1_29' title='bbox 1073 321 1196 355; x_wconf 85' lang='lat' dir='ltr'>Juratis</span> <span class='ocrx_word' id='word_1_30' title='bbox 1223 321 1370 366; x_wconf 87' lang='lat' dir='ltr'>predicte</span> <span class='ocrx_word' id='word_1_31' title='bbox 1398 324 1537 356; x_wconf 85' lang='lat' dir='ltr'>ciuitatis</span> <span class='ocrx_word' id='word_1_32' title='bbox 1562 327 1638 356; x_wconf 90' lang='lat' dir='ltr'>tunc</span> <span class='ocrx_word' id='word_1_33' title='bbox 1666 327 1815 368; x_wconf 89' lang='lat' dir='ltr'>tempore</span> <span class='ocrx_word' id='word_1_34' title='bbox 1843 333 1887 356; x_wconf 80' lang='lat' dir='ltr'>ex</span> <span class='ocrx_word' id='word_1_35' title='bbox 1914 326 2007 368; x_wconf 87' lang='lat' dir='ltr'>parte</span> 
     </span>
     <span class='ocr_line' id='line_1_4' title="bbox 171 380 2007 429; baseline 0 -13"><span class='ocrx_word' id='word_1_36' title='bbox 171 395 249 427; x_wconf 75' lang='lat' dir='ltr'>vna,</span> <span class='ocrx_word' id='word_1_37' title='bbox 279 388 310 419; x_wconf 88' lang='lat' dir='ltr'>et</span> <span class='ocrx_word' id='word_1_38' title='bbox 338 383 465 417; x_wconf 91' lang='lat' dir='ltr'>ciuibus</span> <span class='ocrx_word' id='word_1_39' title='bbox 494 387 587 429; x_wconf 88' lang='lat' dir='ltr'>parte</span> <span class='ocrx_word' id='word_1_40' title='bbox 615 393 660 416; x_wconf 81' lang='lat' dir='ltr'>ex</span> <span class='ocrx_word' id='word_1_41' title='bbox 688 382 790 416; x_wconf 90' lang='lat' dir='ltr'>altera</span> <span class='ocrx_word' id='word_1_42' title='bbox 819 382 1001 416; x_wconf 90' lang='lat' dir='ltr'>audiuimus</span> <span class='ocrx_word' id='word_1_43' title='bbox 1030 380 1256 416; x_wconf 88' lang='lat' dir='ltr'>communibus</span> <span class='ocrx_word' id='word_1_44' title='bbox 1284 386 1316 415; x_wconf 90' lang='lat' dir='ltr'>et</span> <span class='ocrx_word' id='word_1_45' title='bbox 1344 385 1561 426; x_wconf 89' lang='lat' dir='ltr'>cognouimus</span> <span class='ocrx_word' id='word_1_46' title='bbox 1589 382 1741 416; x_wconf 91' lang='lat' dir='ltr'>beniuole</span> <span class='ocrx_word' id='word_1_47' title='bbox 1761 385 2007 416; x_wconf 85' lang='lat' dir='ltr'>terminauimus</span> 
     </span>
     <span class='ocr_line' id='line_1_5' title="bbox 171 442 2006 490; baseline -0.001 -12"><span class='ocrx_word' id='word_1_48' title='bbox 171 449 203 478; x_wconf 90' lang='lat' dir='ltr'>et</span> <span class='ocrx_word' id='word_1_49' title='bbox 231 444 471 490; x_wconf 82' lang='lat' dir='ltr'>expediuimns,</span> <span class='ocrx_word' id='word_1_50' title='bbox 501 442 662 476; x_wconf 89' lang='lat' dir='ltr'>habentes</span> <span class='ocrx_word' id='word_1_51' title='bbox 690 442 827 476; x_wconf 89' lang='lat' dir='ltr'>liberum</span> <span class='ocrx_word' id='word_1_52' title='bbox 856 442 1021 476; x_wconf 81' lang='lat' dir='ltr'>arbitrium</span> <span class='ocrx_word' id='word_1_53' title='bbox 1050 445 1219 486; x_wconf 90' lang='lat' dir='ltr'>utriusque</span> <span class='ocrx_word' id='word_1_54' title='bbox 1247 445 1359 487; x_wconf 82' lang='lat' dir='ltr'>partis.</span> <span class='ocrx_word' id='word_1_55' title='bbox 1389 442 1429 476; x_wconf 90' lang='lat' dir='ltr'>de</span> <span class='ocrx_word' id='word_1_56' title='bbox 1460 445 1605 489; x_wconf 90' lang='lat' dir='ltr'>ipsorum</span> <span class='ocrx_word' id='word_1_57' title='bbox 1634 442 1734 476; x_wconf 90' lang='lat' dir='ltr'>libera</span> <span class='ocrx_word' id='word_1_58' title='bbox 1764 446 1795 476; x_wconf 89' lang='lat' dir='ltr'>et</span> <span class='ocrx_word' id='word_1_59' title='bbox 1824 447 2006 488; x_wconf 87' lang='lat' dir='ltr'>spontanea</span> 
     </span>
     <span class='ocr_line' id='line_1_6' title="bbox 172 501 2006 548; baseline -0.001 -10"><span class='ocrx_word' id='word_1_60' title='bbox 172 505 350 548; x_wconf 80' lang='lat' dir='ltr'>voluntate,</span> <span class='ocrx_word' id='word_1_61' title='bbox 380 504 427 538; x_wconf 87' lang='lat' dir='ltr'>Ita</span> <span class='ocrx_word' id='word_1_62' title='bbox 456 503 541 548; x_wconf 88' lang='lat' dir='ltr'>quod</span> <span class='ocrx_word' id='word_1_63' title='bbox 569 505 653 536; x_wconf 90' lang='lat' dir='ltr'>inter</span> <span class='ocrx_word' id='word_1_64' title='bbox 680 508 792 548; x_wconf 87' lang='lat' dir='ltr'>partes</span> <span class='ocrx_word' id='word_1_65' title='bbox 821 503 956 537; x_wconf 88' lang='lat' dir='ltr'>easdem</span> <span class='ocrx_word' id='word_1_66' title='bbox 985 502 1125 536; x_wconf 89' lang='lat' dir='ltr'>medium</span> <span class='ocrx_word' id='word_1_67' title='bbox 1154 501 1323 536; x_wconf 82' lang='lat' dir='ltr'>amicabile</span> <span class='ocrx_word' id='word_1_68' title='bbox 1351 501 1488 537; x_wconf 83' lang='lat' dir='ltr'>fecimus</span> <span class='ocrx_word' id='word_1_69' title='bbox 1517 507 1548 536; x_wconf 91' lang='lat' dir='ltr'>et</span> <span class='ocrx_word' id='word_1_70' title='bbox 1575 506 1667 536; x_wconf 90' lang='lat' dir='ltr'>ciues</span> <span class='ocrx_word' id='word_1_71' title='bbox 1695 506 1786 548; x_wconf 90' lang='lat' dir='ltr'>ipsos</span> <span class='ocrx_word' id='word_1_72' title='bbox 1815 513 1854 536; x_wconf 89' lang='lat' dir='ltr'>ac</span> <span class='ocrx_word' id='word_1_73' title='bbox 1873 501 2006 536; x_wconf 84' lang='lat' dir='ltr'>Juratos</span> 
     </span>
     <span class='ocr_line' id='line_1_7' title="bbox 170 562 2006 609; baseline -0.002 -10"><span class='ocrx_word' id='word_1_74' title='bbox 170 570 283 599; x_wconf 84' lang='lat' dir='ltr'>nostro</span> <span class='ocrx_word' id='word_1_75' title='bbox 319 564 450 598; x_wconf 87' lang='lat' dir='ltr'>arbitrio</span> <span class='ocrx_word' id='word_1_76' title='bbox 485 566 714 609; x_wconf 86' lang='lat' dir='ltr'>pronunctiato</span> <span class='ocrx_word' id='word_1_77' title='bbox 749 563 788 597; x_wconf 88' lang='lat' dir='ltr'>ad</span> <span class='ocrx_word' id='word_1_78' title='bbox 827 563 1004 597; x_wconf 86' lang='lat' dir='ltr'>concordie</span> <span class='ocrx_word' id='word_1_79' title='bbox 1038 564 1169 608; x_wconf 85' lang='lat' dir='ltr'>plenam</span> <span class='ocrx_word' id='word_1_80' title='bbox 1208 562 1398 596; x_wconf 82' lang='lat' dir='ltr'>reduximus</span> <span class='ocrx_word' id='word_1_81' title='bbox 1432 566 1599 606; x_wconf 85' lang='lat' dir='ltr'>vnionem,</span> <span class='ocrx_word' id='word_1_82' title='bbox 1635 563 1682 596; x_wconf 89' lang='lat' dir='ltr'>lta</span> <span class='ocrx_word' id='word_1_83' title='bbox 1718 562 1803 607; x_wconf 88' lang='lat' dir='ltr'>quod</span> <span class='ocrx_word' id='word_1_84' title='bbox 1836 562 2006 608; x_wconf 84' lang='lat' dir='ltr'>deinceps,</span> 
     </span>
     <span class='ocr_line' id='line_1_8' title="bbox 170 622 2007 671; baseline -0.002 -12"><span class='ocrx_word' id='word_1_85' title='bbox 170 626 275 659; x_wconf 88' lang='lat' dir='ltr'>nullus</span> <span class='ocrx_word' id='word_1_86' title='bbox 309 628 451 671; x_wconf 90' lang='lat' dir='ltr'>ipsorum</span> <span class='ocrx_word' id='word_1_87' title='bbox 481 635 581 670; x_wconf 87' lang='lat' dir='ltr'>super</span> <span class='ocrx_word' id='word_1_88' title='bbox 610 624 734 657; x_wconf 86' lang='lat' dir='ltr'>eisdem</span> <span class='ocrx_word' id='word_1_89' title='bbox 763 623 1026 658; x_wconf 81' lang='lat' dir='ltr'>contentionibus</span> <span class='ocrx_word' id='word_1_90' title='bbox 1062 622 1258 657; x_wconf 81' lang='lat' dir='ltr'>excessibus</span> <span class='ocrx_word' id='word_1_91' title='bbox 1293 634 1352 669; x_wconf 93' lang='lat' dir='ltr'>pro</span> <span class='ocrx_word' id='word_1_92' title='bbox 1381 627 1456 657; x_wconf 90' lang='lat' dir='ltr'>tunc</span> <span class='ocrx_word' id='word_1_93' title='bbox 1483 635 1594 657; x_wconf 87' lang='lat' dir='ltr'>coram</span> <span class='ocrx_word' id='word_1_94' title='bbox 1623 622 1718 657; x_wconf 89' lang='lat' dir='ltr'>nobis</span> <span class='ocrx_word' id='word_1_95' title='bbox 1746 625 1937 668; x_wconf 87' lang='lat' dir='ltr'>propositis,</span> <span class='ocrx_word' id='word_1_96' title='bbox 1967 622 2007 656; x_wconf 89' lang='lat' dir='ltr'>de</span> 
     </span>
     <span class='ocr_line' id='line_1_9' title="bbox 170 675 2007 730; baseline -0.002 -11"><span class='ocrx_word' id='word_1_97' title='bbox 170 686 232 720; x_wconf 90' lang='lat' dir='ltr'>alio</span> <span class='ocrx_word' id='word_1_98' title='bbox 261 689 432 730; x_wconf 81' lang='lat' dir='ltr'>quicquam</span> <span class='ocrx_word' id='word_1_99' title='bbox 465 684 562 718; x_wconf 88' lang='lat' dir='ltr'>debet</span> <span class='ocrx_word' id='word_1_100' title='bbox 596 685 647 718; x_wconf 90' lang='lat' dir='ltr'>uel</span> <span class='ocrx_word' id='word_1_101' title='bbox 682 686 801 730; x_wconf 88' lang='lat' dir='ltr'>poterit</span> <span class='ocrx_word' id='word_1_102' title='bbox 828 685 1006 729; x_wconf 76' lang='lat' dir='ltr'>querulari,</span> <span class='ocrx_word' id='word_1_103' title='bbox 1039 682 1075 717; x_wconf 92' lang='lat' dir='ltr'>In</span> <span class='ocrx_word' id='word_1_104' title='bbox 1104 686 1196 717; x_wconf 84' lang='lat' dir='ltr'>cuius</span> <span class='ocrx_word' id='word_1_105' title='bbox 1224 675 1401 717; x_wconf 86' lang='lat' dir='ltr'>concordie</span> <span class='ocrx_word' id='word_1_106' title='bbox 1436 686 1654 717; x_wconf 89' lang='lat' dir='ltr'>testimonium</span> <span class='ocrx_word' id='word_1_107' title='bbox 1691 687 1865 729; x_wconf 82' lang='lat' dir='ltr'>presentes</span> <span class='ocrx_word' id='word_1_108' title='bbox 1896 682 2007 717; x_wconf 82' lang='lat' dir='ltr'>literas</span> 
     </span>
     <span class='ocr_line' id='line_1_10' title="bbox 170 742 2008 789; baseline -0.002 -9"><span class='ocrx_word' id='word_1_109' title='bbox 170 747 239 780; x_wconf 89' lang='lat' dir='ltr'>lieri</span> <span class='ocrx_word' id='word_1_110' title='bbox 277 746 414 779; x_wconf 85' lang='lat' dir='ltr'>fecimus</span> <span class='ocrx_word' id='word_1_111' title='bbox 455 747 556 779; x_wconf 90' lang='lat' dir='ltr'>nostri</span> <span class='ocrx_word' id='word_1_112' title='bbox 593 744 697 789; x_wconf 85' lang='lat' dir='ltr'>Sigilli</span> <span class='ocrx_word' id='word_1_113' title='bbox 727 747 904 778; x_wconf 88' lang='lat' dir='ltr'>munimine</span> <span class='ocrx_word' id='word_1_114' title='bbox 938 744 1119 778; x_wconf 86' lang='lat' dir='ltr'>roboratas.</span> <span class='ocrx_word' id='word_1_115' title='bbox 1174 743 1292 777; x_wconf 88' lang='lat' dir='ltr'>Datum</span> <span class='ocrx_word' id='word_1_116' title='bbox 1328 747 1360 778; x_wconf 92' lang='lat' dir='ltr'>in</span> <span class='ocrx_word' id='word_1_117' title='bbox 1394 744 1532 789; x_wconf 81' lang='lat' dir='ltr'>lglauia,</span> <span class='ocrx_word' id='word_1_118' title='bbox 1571 755 1657 778; x_wconf 88' lang='lat' dir='ltr'>anno</span> <span class='ocrx_word' id='word_1_119' title='bbox 1686 744 1806 777; x_wconf 88' lang='lat' dir='ltr'>domini</span> <span class='ocrx_word' id='word_1_120' title='bbox 1834 742 2008 778; x_wconf 84' lang='lat' dir='ltr'>Millesimo</span> 
     </span>
     <span class='ocr_line' id='line_1_11' title="bbox 170 804 1475 850; baseline -0.002 -10"><span class='ocrx_word' id='word_1_121' title='bbox 170 807 419 840; x_wconf 86' lang='lat' dir='ltr'>Trecentesimo</span> <span class='ocrx_word' id='word_1_122' title='bbox 448 805 631 839; x_wconf 83' lang='lat' dir='ltr'>Tricesimo</span> <span class='ocrx_word' id='word_1_123' title='bbox 660 809 787 850; x_wconf 88' lang='lat' dir='ltr'>quarto,</span> <span class='ocrx_word' id='word_1_124' title='bbox 817 804 941 838; x_wconf 89' lang='lat' dir='ltr'>Sabato</span> <span class='ocrx_word' id='word_1_125' title='bbox 970 809 1042 850; x_wconf 89' lang='lat' dir='ltr'>post</span> <span class='ocrx_word' id='word_1_126' title='bbox 1070 805 1315 838; x_wconf 78' lang='lat' dir='ltr'>Accensionem</span> <span class='ocrx_word' id='word_1_127' title='bbox 1343 804 1475 839; x_wconf 88' lang='lat' dir='ltr'>domini.</span> 
     </span>
    </p>
   </div>
   <div class='ocr_carea' id='block_1_2' title="bbox 475 882 2008 969">
    <p class='ocr_par' dir='ltr' id='par_1_2' title="bbox 475 882 2008 969">
     <span class='ocr_line' id='line_1_12' title="bbox 475 882 2007 917; baseline -0.001 -8"><span class='ocrx_word' id='word_1_128' title='bbox 475 885 545 916; x_wconf 73' lang='lat' dir='ltr'>(Ans</span> <span class='ocrx_word' id='word_1_129' title='bbox 576 884 634 909; x_wconf 87' lang='lat' dir='ltr'>dem</span> <span class='ocrx_word' id='word_1_130' title='bbox 665 882 738 917; x_wconf 71' lang='lat' dir='ltr'>sii-ig.</span> <span class='ocrx_word' id='word_1_131' title='bbox 770 884 814 910; x_wconf 87' lang='lat' dir='ltr'>mit</span> <span class='ocrx_word' id='word_1_132' title='bbox 847 884 931 909; x_wconf 83' lang='lat' dir='ltr'>ciuem</span> <span class='ocrx_word' id='word_1_133' title='bbox 961 883 1210 912; x_wconf 72' lang='lat' dir='ltr'>Rosenberg&#39;sclieu</span> <span class='ocrx_word' id='word_1_134' title='bbox 1246 883 1337 917; x_wconf 78' lang='lat' dir='ltr'>Sigille</span> <span class='ocrx_word' id='word_1_135' title='bbox 1372 884 1404 909; x_wconf 90' lang='lat' dir='ltr'>im</span> <span class='ocrx_word' id='word_1_136' title='bbox 1439 883 1545 916; x_wconf 71' lang='lat' dir='ltr'>lglauer</span> <span class='ocrx_word' id='word_1_137' title='bbox 1579 883 1761 909; x_wconf 68' lang='lat' dir='ltr'>Stadtarcliive</span> <span class='ocrx_word' id='word_1_138' title='bbox 1796 882 2007 916; x_wconf 80' lang='lat' dir='ltr'>abgesclirieben</span> 
     </span>
     <span class='ocr_line' id='line_1_13' title="bbox 578 934 2008 969; baseline -0.001 -8"><span class='ocrx_word' id='word_1_139' title='bbox 578 934 614 961; x_wconf 83' lang='lat' dir='ltr'>A.</span> <span class='ocrx_word' id='word_1_140' title='bbox 641 935 754 961; x_wconf 78' lang='lat' dir='ltr'>Boczek.</span> <span class='ocrx_word' id='word_1_141' title='bbox 779 937 805 961; x_wconf 65' lang='lat' dir='ltr'>S⁴</span> <span class='ocrx_word' id='word_1_142' title='bbox 831 935 856 961; x_wconf 85' lang='lat' dir='ltr'>P.</span> <span class='ocrx_word' id='word_1_143' title='bbox 883 935 910 961; x_wconf 68' lang='lat' dir='ltr'>tt.</span> <span class='ocrx_word' id='word_1_144' title='bbox 936 943 959 960; x_wconf 77' lang='lat' dir='ltr'>v.</span> <span class='ocrx_word' id='word_1_145' title='bbox 985 936 1156 967; x_wconf 59' lang='lat' dir='ltr'>(tuamet-ky.</span> <span class='ocrx_word' id='word_1_146' title='bbox 1175 935 1305 969; x_wconf 73' lang='lat' dir='ltr'>Regesten</span> <span class='ocrx_word' id='word_1_147' title='bbox 1329 935 1376 961; x_wconf 89' lang='lat' dir='ltr'>der</span> <span class='ocrx_word' id='word_1_148' title='bbox 1394 935 1508 961; x_wconf 66' lang='lat' dir='ltr'>Arctove</span> <span class='ocrx_word' id='word_1_149' title='bbox 1532 936 1568 962; x_wconf 88' lang='lat' dir='ltr'>im</span> <span class='ocrx_word' id='word_1_150' title='bbox 1587 935 1619 961; x_wconf 79' lang='lat' dir='ltr'>M.</span> <span class='ocrx_word' id='word_1_151' title='bbox 1638 935 1753 961; x_wconf 75' lang='lat' dir='ltr'>Malli-en.</span> <span class='ocrx_word' id='word_1_152' title='bbox 1780 935 1806 960; x_wconf 90' lang='lat' dir='ltr'>S.</span> <span class='ocrx_word' id='word_1_153' title='bbox 1826 934 1871 960; x_wconf 84' lang='lat'>15.</span> <span class='ocrx_word' id='word_1_154' title='bbox 1886 935 1928 961; x_wconf 73' lang='lat' dir='ltr'>M.</span> <span class='ocrx_word' id='word_1_155' title='bbox 1944 934 2008 965; x_wconf 82' lang='lat'>20.)</span> 
     </span>
    </p>
   </div>
   <div class='ocr_carea' id='block_1_3' title="bbox 172 1056 2004 1238">
    <p class='ocr_par' dir='ltr' id='par_1_3' title="bbox 172 1056 2004 1238">
     <span class='ocr_line' id='line_1_14' title="bbox 1057 1056 1126 1091; baseline -0.014 0"><span class='ocrx_word' id='word_1_156' title='bbox 1057 1056 1126 1091; x_wconf 77' lang='lat'>13.</span> 
     </span>
     <span class='ocr_line' id='line_1_15' title="bbox 172 1132 2004 1179; baseline -0.002 -11"><span class='ocrx_word' id='word_1_157' title='bbox 172 1135 260 1168; x_wconf 67' lang='lat' dir='ltr'>Pella</span> <span class='ocrx_word' id='word_1_158' title='bbox 291 1146 352 1168; x_wconf 81' lang='lat' dir='ltr'>ron</span> <span class='ocrx_word' id='word_1_159' title='bbox 373 1134 508 1179; x_wconf 68' lang='lat' dir='ltr'>Aujezd</span> <span class='ocrx_word' id='word_1_160' title='bbox 535 1133 695 1167; x_wconf 66' lang='lat' dir='ltr'>soleant-et</span> <span class='ocrx_word' id='word_1_161' title='bbox 716 1134 787 1167; x_wconf 71' lang='lat' dir='ltr'>(lem</span> <span class='ocrx_word' id='word_1_162' title='bbox 808 1133 1081 1167; x_wconf 67' lang='lat' dir='ltr'>Nmmenlcloster</span> <span class='ocrx_word' id='word_1_163' title='bbox 1109 1145 1150 1166; x_wconf 70' lang='lat' dir='ltr'>zu</span> <span class='ocrx_word' id='word_1_164' title='bbox 1169 1132 1401 1167; x_wconf 70' lang='lat' dir='ltr'>Daubrawm&#39;la·</span> <span class='ocrx_word' id='word_1_165' title='bbox 1428 1134 1489 1167; x_wconf 80' lang='lat' dir='ltr'>(Ias</span> <span class='ocrx_word' id='word_1_166' title='bbox 1510 1134 1680 1167; x_wconf 77' lang='lat' dir='ltr'>Patrona!</span> <span class='ocrx_word' id='word_1_167' title='bbox 1702 1132 1783 1166; x_wconf 70' lang='lat' dir='ltr'>iiber</span> <span class='ocrx_word' id='word_1_168' title='bbox 1802 1132 1855 1166; x_wconf 77' lang='lat' dir='ltr'>die</span> <span class='ocrx_word' id='word_1_169' title='bbox 1877 1132 2004 1166; x_wconf 75' lang='lat' dir='ltr'>[sit-che</span> 
     </span>
     <span class='ocr_line' id='line_1_16' title="bbox 591 1193 1588 1238; baseline -0.001 -10"><span class='ocrx_word' id='word_1_170' title='bbox 591 1196 623 1227; x_wconf 74' lang='lat' dir='ltr'>in</span> <span class='ocrx_word' id='word_1_171' title='bbox 653 1195 799 1238; x_wconf 72' lang='lat' dir='ltr'>Aujez-d.</span> <span class='ocrx_word' id='word_1_172' title='bbox 830 1194 890 1228; x_wconf 80' lang='lat' dir='ltr'>Dt.</span> <span class='ocrx_word' id='word_1_173' title='bbox 920 1195 974 1228; x_wconf 72' lang='lat' dir='ltr'>(lie</span> <span class='ocrx_word' id='word_1_174' title='bbox 1003 1194 1040 1228; x_wconf 85' lang='lat' dir='ltr'>S.</span> <span class='ocrx_word' id='word_1_175' title='bbox 1072 1194 1244 1227; x_wconf 76' lang='lat' dir='ltr'>Slsmislai</span> <span class='ocrx_word' id='word_1_176' title='bbox 1271 1194 1323 1237; x_wconf 87' lang='lat'>(7.</span> <span class='ocrx_word' id='word_1_177' title='bbox 1354 1194 1446 1237; x_wconf 75' lang='lat' dir='ltr'>Mai)</span> <span class='ocrx_word' id='word_1_178' title='bbox 1480 1193 1588 1227; x_wconf 67' lang='lat'><em>1334.</em></span> 
     </span>
    </p>
   </div>
   <div class='ocr_carea' id='block_1_4' title="bbox 168 1270 2008 2603">
    <p class='ocr_par' dir='ltr' id='par_1_4' title="bbox 168 1270 2008 2422">
     <span class='ocr_line' id='line_1_17' title="bbox 322 1270 2006 1335; baseline -0.002 -11"><span class='ocrx_word' id='word_1_179' title='bbox 322 1270 369 1324; x_wconf 75' lang='lat' dir='ltr'>ln</span> <span class='ocrx_word' id='word_1_180' title='bbox 398 1293 529 1323; x_wconf 89' lang='lat' dir='ltr'>nomine</span> <span class='ocrx_word' id='word_1_181' title='bbox 558 1289 678 1323; x_wconf 90' lang='lat' dir='ltr'>domini</span> <span class='ocrx_word' id='word_1_182' title='bbox 708 1301 817 1324; x_wconf 86' lang='lat' dir='ltr'>amen.</span> <span class='ocrx_word' id='word_1_183' title='bbox 852 1289 989 1323; x_wconf 80' lang='lat' dir='ltr'>Nouerit</span> <span class='ocrx_word' id='word_1_184' title='bbox 1023 1292 1121 1333; x_wconf 89' lang='lat' dir='ltr'>igitur</span> <span class='ocrx_word' id='word_1_185' title='bbox 1154 1291 1360 1335; x_wconf 89' lang='lat' dir='ltr'>presencium</span> <span class='ocrx_word' id='word_1_186' title='bbox 1396 1291 1611 1323; x_wconf 87' lang='lat' dir='ltr'>communitas</span> <span class='ocrx_word' id='word_1_187' title='bbox 1647 1299 1777 1322; x_wconf 85' lang='lat' dir='ltr'>necnon</span> <span class='ocrx_word' id='word_1_188' title='bbox 1811 1286 2006 1330; x_wconf 84' lang='lat' dir='ltr'>futurorum,</span> 
     </span>
     <span class='ocr_line' id='line_1_18' title="bbox 169 1348 2006 1396; baseline -0.001 -12"><span class='ocrx_word' id='word_1_189' title='bbox 169 1350 206 1384; x_wconf 91' lang='lat' dir='ltr'>ad</span> <span class='ocrx_word' id='word_1_190' title='bbox 236 1361 317 1396; x_wconf 83' lang='lat' dir='ltr'>quos</span> <span class='ocrx_word' id='word_1_191' title='bbox 346 1361 485 1396; x_wconf 86' lang='lat' dir='ltr'>presens</span> <span class='ocrx_word' id='word_1_192' title='bbox 514 1353 670 1396; x_wconf 87' lang='lat' dir='ltr'>scriptum</span> <span class='ocrx_word' id='word_1_193' title='bbox 691 1349 787 1384; x_wconf 87' lang='lat' dir='ltr'>fucrit</span> <span class='ocrx_word' id='word_1_194' title='bbox 807 1350 1006 1393; x_wconf 85' lang='lat' dir='ltr'>deuolutuni,</span> <span class='ocrx_word' id='word_1_195' title='bbox 1028 1349 1121 1390; x_wconf 78' lang='lat' dir='ltr'>Quod</span> <span class='ocrx_word' id='word_1_196' title='bbox 1150 1360 1212 1383; x_wconf 90' lang='lat' dir='ltr'>nos</span> <span class='ocrx_word' id='word_1_197' title='bbox 1239 1349 1317 1383; x_wconf 90' lang='lat' dir='ltr'>Poto</span> <span class='ocrx_word' id='word_1_198' title='bbox 1341 1349 1446 1383; x_wconf 84' lang='lat' dir='ltr'>dictus</span> <span class='ocrx_word' id='word_1_199' title='bbox 1467 1349 1507 1383; x_wconf 89' lang='lat' dir='ltr'>de</span> <span class='ocrx_word' id='word_1_200' title='bbox 1527 1348 1634 1393; x_wconf 83' lang='lat' dir='ltr'>Vgizd</span> <span class='ocrx_word' id='word_1_201' title='bbox 1662 1359 1868 1394; x_wconf 84' lang='lat' dir='ltr'>consorsque</span> <span class='ocrx_word' id='word_1_202' title='bbox 1896 1352 2006 1382; x_wconf 86' lang='lat' dir='ltr'>nostra</span> 
     </span>
     <span class='ocr_line' id='line_1_19' title="bbox 168 1407 2006 1456; baseline -0.002 -11"><span class='ocrx_word' id='word_1_203' title='bbox 168 1410 358 1455; x_wconf 83' lang='lat' dir='ltr'>Margareta</span> <span class='ocrx_word' id='word_1_204' title='bbox 386 1414 554 1456; x_wconf 82' lang='lat' dir='ltr'>ceterique</span> <span class='ocrx_word' id='word_1_205' title='bbox 584 1410 726 1445; x_wconf 87' lang='lat' dir='ltr'>heredes</span> <span class='ocrx_word' id='word_1_206' title='bbox 755 1413 858 1445; x_wconf 87' lang='lat' dir='ltr'>nostri</span> <span class='ocrx_word' id='word_1_207' title='bbox 887 1415 1012 1444; x_wconf 89' lang='lat' dir='ltr'>matura</span> <span class='ocrx_word' id='word_1_208' title='bbox 1043 1409 1286 1444; x_wconf 86' lang='lat' dir='ltr'>deliberacione</span> <span class='ocrx_word' id='word_1_209' title='bbox 1310 1409 1418 1443; x_wconf 88' lang='lat' dir='ltr'>habita</span> <span class='ocrx_word' id='word_1_210' title='bbox 1439 1409 1654 1443; x_wconf 88' lang='lat' dir='ltr'>collacionem</span> <span class='ocrx_word' id='word_1_211' title='bbox 1675 1409 1827 1443; x_wconf 89' lang='lat' dir='ltr'>Ecclesie</span> <span class='ocrx_word' id='word_1_212' title='bbox 1847 1411 1878 1442; x_wconf 94' lang='lat' dir='ltr'>in</span> <span class='ocrx_word' id='word_1_213' title='bbox 1899 1407 2006 1453; x_wconf 88' lang='lat' dir='ltr'>Vgizd</span> 
     </span>
     <span class='ocr_line' id='line_1_20' title="bbox 168 1468 2007 1517; baseline -0.002 -12"><span class='ocrx_word' id='word_1_214' title='bbox 168 1475 273 1514; x_wconf 78' lang='lat' dir='ltr'>sitam,</span> <span class='ocrx_word' id='word_1_215' title='bbox 302 1482 399 1516; x_wconf 89' lang='lat' dir='ltr'>quam</span> <span class='ocrx_word' id='word_1_216' title='bbox 427 1474 497 1505; x_wconf 91' lang='lat' dir='ltr'>iure</span> <span class='ocrx_word' id='word_1_217' title='bbox 526 1475 716 1517; x_wconf 86' lang='lat' dir='ltr'>patronatus</span> <span class='ocrx_word' id='word_1_218' title='bbox 753 1471 949 1505; x_wconf 81' lang='lat' dir='ltr'>hereditarie</span> <span class='ocrx_word' id='word_1_219' title='bbox 978 1482 1036 1517; x_wconf 89' lang='lat' dir='ltr'>per</span> <span class='ocrx_word' id='word_1_220' title='bbox 1068 1474 1215 1516; x_wconf 82' lang='lat' dir='ltr'>spacium</span> <span class='ocrx_word' id='word_1_221' title='bbox 1242 1471 1374 1515; x_wconf 91' lang='lat' dir='ltr'>longeui</span> <span class='ocrx_word' id='word_1_222' title='bbox 1403 1473 1558 1516; x_wconf 86' lang='lat' dir='ltr'>temporis</span> <span class='ocrx_word' id='word_1_223' title='bbox 1587 1472 1648 1503; x_wconf 87' lang='lat' dir='ltr'>rite</span> <span class='ocrx_word' id='word_1_224' title='bbox 1689 1474 1721 1503; x_wconf 88' lang='lat' dir='ltr'>et</span> <span class='ocrx_word' id='word_1_225' title='bbox 1761 1468 2007 1503; x_wconf 86' lang='lat' dir='ltr'>racionabiliter</span> 
     </span>
     <span class='ocr_line' id='line_1_21' title="bbox 169 1529 2006 1579; baseline -0.001 -14"><span class='ocrx_word' id='word_1_226' title='bbox 169 1532 375 1579; x_wconf 75' lang='lat' dir='ltr'>possedimus</span> <span class='ocrx_word' id='word_1_227' title='bbox 404 1536 435 1565; x_wconf 90' lang='lat' dir='ltr'>et</span> <span class='ocrx_word' id='word_1_228' title='bbox 464 1531 634 1578; x_wconf 84' lang='lat' dir='ltr'>possidere</span> <span class='ocrx_word' id='word_1_229' title='bbox 663 1531 845 1575; x_wconf 89' lang='lat' dir='ltr'>debuimus,</span> <span class='ocrx_word' id='word_1_230' title='bbox 882 1532 922 1565; x_wconf 90' lang='lat' dir='ltr'>ob</span> <span class='ocrx_word' id='word_1_231' title='bbox 957 1534 1186 1565; x_wconf 85' lang='lat' dir='ltr'>remissionem</span> <span class='ocrx_word' id='word_1_232' title='bbox 1220 1535 1429 1577; x_wconf 88' lang='lat' dir='ltr'>peccatorum</span> <span class='ocrx_word' id='word_1_233' title='bbox 1464 1534 1649 1564; x_wconf 89' lang='lat' dir='ltr'>nostrorum</span> <span class='ocrx_word' id='word_1_234' title='bbox 1677 1534 1711 1564; x_wconf 86' lang='lat' dir='ltr'>et</span> <span class='ocrx_word' id='word_1_235' title='bbox 1737 1529 2006 1576; x_wconf 84' lang='lat' dir='ltr'>redempcionein</span> 
     </span>
     <span class='ocr_line' id='line_1_22' title="bbox 169 1590 2006 1638; baseline -0.001 -13"><span class='ocrx_word' id='word_1_236' title='bbox 169 1596 350 1626; x_wconf 86' lang='lat' dir='ltr'>animarum</span> <span class='ocrx_word' id='word_1_237' title='bbox 379 1597 576 1635; x_wconf 78' lang='lat' dir='ltr'>nostrarum,</span> <span class='ocrx_word' id='word_1_238' title='bbox 606 1604 663 1626; x_wconf 88' lang='lat' dir='ltr'>scu</span> <span class='ocrx_word' id='word_1_239' title='bbox 695 1592 968 1638; x_wconf 83' lang='lat' dir='ltr'>predecessorum</span> <span class='ocrx_word' id='word_1_240' title='bbox 997 1597 1181 1626; x_wconf 89' lang='lat' dir='ltr'>nostrorum</span> <span class='ocrx_word' id='word_1_241' title='bbox 1216 1591 1418 1626; x_wconf 86' lang='lat' dir='ltr'>Monasterio</span> <span class='ocrx_word' id='word_1_242' title='bbox 1460 1595 1575 1624; x_wconf 89' lang='lat' dir='ltr'>sancte</span> <span class='ocrx_word' id='word_1_243' title='bbox 1610 1590 1725 1624; x_wconf 90' lang='lat' dir='ltr'>Crucis</span> <span class='ocrx_word' id='word_1_244' title='bbox 1760 1601 1799 1624; x_wconf 89' lang='lat' dir='ltr'>ac</span> <span class='ocrx_word' id='word_1_245' title='bbox 1836 1590 2006 1635; x_wconf 86' lang='lat' dir='ltr'>Religiose</span> 
     </span>
     <span class='ocr_line' id='line_1_23' title="bbox 168 1649 2006 1698; baseline -0.002 -11"><span class='ocrx_word' id='word_1_246' title='bbox 168 1654 298 1687; x_wconf 89' lang='lat' dir='ltr'>domine</span> <span class='ocrx_word' id='word_1_247' title='bbox 340 1652 490 1687; x_wconf 84' lang='lat' dir='ltr'>Eufemie</span> <span class='ocrx_word' id='word_1_248' title='bbox 533 1652 710 1686; x_wconf 87' lang='lat' dir='ltr'>Abbatisse</span> <span class='ocrx_word' id='word_1_249' title='bbox 745 1655 778 1686; x_wconf 90' lang='lat' dir='ltr'>in</span> <span class='ocrx_word' id='word_1_250' title='bbox 814 1652 983 1686; x_wconf 84' lang='lat' dir='ltr'>Dubranik</span> <span class='ocrx_word' id='word_1_251' title='bbox 1025 1656 1146 1698; x_wconf 85' lang='lat' dir='ltr'>totique</span> <span class='ocrx_word' id='word_1_252' title='bbox 1187 1654 1361 1687; x_wconf 90' lang='lat' dir='ltr'>conuentui</span> <span class='ocrx_word' id='word_1_253' title='bbox 1395 1663 1434 1685; x_wconf 89' lang='lat' dir='ltr'>ac</span> <span class='ocrx_word' id='word_1_254' title='bbox 1470 1662 1581 1685; x_wconf 90' lang='lat' dir='ltr'>earum</span> <span class='ocrx_word' id='word_1_255' title='bbox 1617 1650 1870 1686; x_wconf 89' lang='lat' dir='ltr'>successoribus</span> <span class='ocrx_word' id='word_1_256' title='bbox 1904 1649 2006 1684; x_wconf 89' lang='lat' dir='ltr'>libere</span> 
     </span>
     <span class='ocr_line' id='line_1_24' title="bbox 168 1710 2005 1758; baseline -0.002 -11"><span class='ocrx_word' id='word_1_257' title='bbox 168 1714 282 1747; x_wconf 87' lang='lat' dir='ltr'>damus</span> <span class='ocrx_word' id='word_1_258' title='bbox 311 1718 343 1747; x_wconf 92' lang='lat' dir='ltr'>et</span> <span class='ocrx_word' id='word_1_259' title='bbox 371 1713 585 1747; x_wconf 87' lang='lat' dir='ltr'>collacionem</span> <span class='ocrx_word' id='word_1_260' title='bbox 615 1713 781 1747; x_wconf 82' lang='lat' dir='ltr'>antedicto</span> <span class='ocrx_word' id='word_1_261' title='bbox 808 1713 962 1747; x_wconf 81' lang='lat' dir='ltr'>Ecclesie</span> <span class='ocrx_word' id='word_1_262' title='bbox 990 1716 1210 1757; x_wconf 82' lang='lat' dir='ltr'>resignamus.</span> <span class='ocrx_word' id='word_1_263' title='bbox 1265 1712 1309 1746; x_wconf 90' lang='lat' dir='ltr'>Vt</span> <span class='ocrx_word' id='word_1_264' title='bbox 1338 1712 1474 1758; x_wconf 86' lang='lat' dir='ltr'>predicti</span> <span class='ocrx_word' id='word_1_265' title='bbox 1513 1711 1706 1755; x_wconf 87' lang='lat' dir='ltr'>Monasterij</span> <span class='ocrx_word' id='word_1_266' title='bbox 1736 1710 2005 1745; x_wconf 85' lang='lat' dir='ltr'>sanctimoniales</span> 
     </span>
     <span class='ocr_line' id='line_1_25' title="bbox 168 1772 2005 1820; baseline -0.001 -13"><span class='ocrx_word' id='word_1_267' title='bbox 168 1777 254 1808; x_wconf 90' lang='lat' dir='ltr'>omni</span> <span class='ocrx_word' id='word_1_268' title='bbox 284 1774 528 1817; x_wconf 83' lang='lat' dir='ltr'>iurisdiccione,</span> <span class='ocrx_word' id='word_1_269' title='bbox 558 1785 620 1819; x_wconf 83' lang='lat' dir='ltr'>qua</span> <span class='ocrx_word' id='word_1_270' title='bbox 650 1777 752 1820; x_wconf 85' lang='lat' dir='ltr'>ipsam</span> <span class='ocrx_word' id='word_1_271' title='bbox 781 1774 965 1808; x_wconf 86' lang='lat' dir='ltr'>Ecclesiam</span> <span class='ocrx_word' id='word_1_272' title='bbox 995 1777 1169 1817; x_wconf 86' lang='lat' dir='ltr'>tenuimus,</span> <span class='ocrx_word' id='word_1_273' title='bbox 1198 1774 1333 1808; x_wconf 80' lang='lat' dir='ltr'>exclusa</span> <span class='ocrx_word' id='word_1_274' title='bbox 1362 1773 1506 1817; x_wconf 86' lang='lat' dir='ltr'>qualibet</span> <span class='ocrx_word' id='word_1_275' title='bbox 1533 1772 1728 1806; x_wconf 88' lang='lat' dir='ltr'>condicione</span> <span class='ocrx_word' id='word_1_276' title='bbox 1749 1774 1871 1806; x_wconf 92' lang='lat' dir='ltr'>erroris</span> <span class='ocrx_word' id='word_1_277' title='bbox 1899 1774 2005 1817; x_wconf 84' lang='lat' dir='ltr'>ipsam</span> 
     </span>
     <span class='ocr_line' id='line_1_26' title="bbox 170 1831 2006 1881; baseline -0.001 -13"><span class='ocrx_word' id='word_1_278' title='bbox 170 1834 354 1868; x_wconf 85' lang='lat' dir='ltr'>Ecclesiam</span> <span class='ocrx_word' id='word_1_279' title='bbox 382 1835 479 1880; x_wconf 84' lang='lat' dir='ltr'>pleno</span> <span class='ocrx_word' id='word_1_280' title='bbox 508 1837 774 1881; x_wconf 89' lang='lat' dir='ltr'>iurepatronatus</span> <span class='ocrx_word' id='word_1_281' title='bbox 805 1834 996 1880; x_wconf 85' lang='lat' dir='ltr'>possideant</span> <span class='ocrx_word' id='word_1_282' title='bbox 1024 1840 1057 1869; x_wconf 88' lang='lat' dir='ltr'>et</span> <span class='ocrx_word' id='word_1_283' title='bbox 1084 1834 1256 1869; x_wconf 84' lang='lat' dir='ltr'>conferant</span> <span class='ocrx_word' id='word_1_284' title='bbox 1284 1845 1341 1880; x_wconf 89' lang='lat' dir='ltr'>pro</span> <span class='ocrx_word' id='word_1_285' title='bbox 1370 1844 1440 1871; x_wconf 80' lang='lat' dir='ltr'>suo,</span> <span class='ocrx_word' id='word_1_286' title='bbox 1459 1833 1548 1867; x_wconf 91' lang='lat' dir='ltr'>libito</span> <span class='ocrx_word' id='word_1_287' title='bbox 1569 1833 1756 1876; x_wconf 89' lang='lat' dir='ltr'>voluntatis,</span> <span class='ocrx_word' id='word_1_288' title='bbox 1777 1831 2006 1867; x_wconf 86' lang='lat' dir='ltr'>Adtendentes</span> 
     </span>
     <span class='ocr_line' id='line_1_27' title="bbox 169 1895 2004 1941; baseline -0.001 -13"><span class='ocrx_word' id='word_1_289' title='bbox 169 1895 253 1940; x_wconf 89' lang='lat' dir='ltr'>quod</span> <span class='ocrx_word' id='word_1_290' title='bbox 282 1897 412 1941; x_wconf 90' lang='lat' dir='ltr'>pietatis</span> <span class='ocrx_word' id='word_1_291' title='bbox 440 1898 573 1929; x_wconf 89' lang='lat' dir='ltr'>viscera</span> <span class='ocrx_word' id='word_1_292' title='bbox 602 1898 634 1928; x_wconf 90' lang='lat' dir='ltr'>in</span> <span class='ocrx_word' id='word_1_293' title='bbox 664 1895 843 1939; x_wconf 85' lang='lat' dir='ltr'>Religiosis</span> <span class='ocrx_word' id='word_1_294' title='bbox 878 1895 1156 1939; x_wconf 84' lang='lat' dir='ltr'>demonstrantur,</span> <span class='ocrx_word' id='word_1_295' title='bbox 1185 1906 1258 1929; x_wconf 90' lang='lat' dir='ltr'>cum</span> <span class='ocrx_word' id='word_1_296' title='bbox 1294 1896 1440 1928; x_wconf 88' lang='lat' dir='ltr'>caritatis</span> <span class='ocrx_word' id='word_1_297' title='bbox 1475 1904 1575 1939; x_wconf 89' lang='lat' dir='ltr'>opera</span> <span class='ocrx_word' id='word_1_298' title='bbox 1612 1904 1671 1939; x_wconf 88' lang='lat' dir='ltr'>per</span> <span class='ocrx_word' id='word_1_299' title='bbox 1705 1904 1764 1927; x_wconf 90' lang='lat' dir='ltr'>eos</span> <span class='ocrx_word' id='word_1_300' title='bbox 1793 1896 2004 1927; x_wconf 77' lang='lat' dir='ltr'>exercentur.</span> 
     </span>
     <span class='ocr_line' id='line_1_28' title="bbox 170 1952 2007 2002; baseline -0.001 -14"><span class='ocrx_word' id='word_1_301' title='bbox 170 1955 349 2001; x_wconf 79' lang='lat' dir='ltr'>Cupientes</span> <span class='ocrx_word' id='word_1_302' title='bbox 378 1955 471 1989; x_wconf 80' lang='lat' dir='ltr'>saluti</span> <span class='ocrx_word' id='word_1_303' title='bbox 500 1958 682 1989; x_wconf 82' lang='lat' dir='ltr'>ammarum</span> <span class='ocrx_word' id='word_1_304' title='bbox 718 1960 900 1989; x_wconf 87' lang='lat' dir='ltr'>nostrarum</span> <span class='ocrx_word' id='word_1_305' title='bbox 934 1956 1043 1990; x_wconf 79' lang='lat' dir='ltr'>vtilius</span> <span class='ocrx_word' id='word_1_306' title='bbox 1078 1956 1252 2002; x_wconf 90' lang='lat' dir='ltr'>prouidere</span> <span class='ocrx_word' id='word_1_307' title='bbox 1285 1959 1317 1988; x_wconf 92' lang='lat' dir='ltr'>et</span> <span class='ocrx_word' id='word_1_308' title='bbox 1353 1956 1556 2000; x_wconf 86' lang='lat' dir='ltr'>participium</span> <span class='ocrx_word' id='word_1_309' title='bbox 1593 1956 1624 1987; x_wconf 93' lang='lat' dir='ltr'>in</span> <span class='ocrx_word' id='word_1_310' title='bbox 1659 1956 1805 1999; x_wconf 87' lang='lat' dir='ltr'>presenti</span> <span class='ocrx_word' id='word_1_311' title='bbox 1834 1957 1866 1987; x_wconf 86' lang='lat' dir='ltr'>et</span> <span class='ocrx_word' id='word_1_312' title='bbox 1898 1952 2007 1987; x_wconf 81' lang='lat' dir='ltr'>futuro</span> 
     </span>
     <span class='ocr_line' id='line_1_29' title="bbox 169 2014 2007 2062; baseline -0.002 -12"><span class='ocrx_word' id='word_1_313' title='bbox 169 2018 312 2050; x_wconf 91' lang='lat' dir='ltr'>omnium</span> <span class='ocrx_word' id='word_1_314' title='bbox 340 2015 499 2050; x_wconf 89' lang='lat' dir='ltr'>bonorum</span> <span class='ocrx_word' id='word_1_315' title='bbox 528 2018 689 2062; x_wconf 74' lang='lat' dir='ltr'>optinere,</span> <span class='ocrx_word' id='word_1_316' title='bbox 718 2019 865 2060; x_wconf 82' lang='lat' dir='ltr'>graciam</span> <span class='ocrx_word' id='word_1_317' title='bbox 894 2027 991 2061; x_wconf 86' lang='lat' dir='ltr'>quam</span> <span class='ocrx_word' id='word_1_318' title='bbox 1020 2016 1059 2050; x_wconf 90' lang='lat' dir='ltr'>ad</span> <span class='ocrx_word' id='word_1_319' title='bbox 1088 2016 1268 2062; x_wconf 90' lang='lat' dir='ltr'>predictum</span> <span class='ocrx_word' id='word_1_320' title='bbox 1296 2014 1443 2049; x_wconf 89' lang='lat' dir='ltr'>ordinem</span> <span class='ocrx_word' id='word_1_321' title='bbox 1473 2014 1645 2048; x_wconf 89' lang='lat' dir='ltr'>babuimus</span> <span class='ocrx_word' id='word_1_322' title='bbox 1672 2014 1855 2047; x_wconf 75' lang='lat' dir='ltr'>firmitatem</span> <span class='ocrx_word' id='word_1_323' title='bbox 1885 2023 2007 2048; x_wconf 87' lang='lat' dir='ltr'>susce-</span> 
     </span>
     <span class='ocr_line' id='line_1_30' title="bbox 171 2073 2006 2121; baseline -0.001 -13"><span class='ocrx_word' id='word_1_324' title='bbox 171 2079 285 2121; x_wconf 78' lang='lat' dir='ltr'>pimus,</span> <span class='ocrx_word' id='word_1_325' title='bbox 307 2079 347 2109; x_wconf 88' lang='lat' dir='ltr'>ita</span> <span class='ocrx_word' id='word_1_326' title='bbox 368 2081 403 2110; x_wconf 89' lang='lat' dir='ltr'>vt</span> <span class='ocrx_word' id='word_1_327' title='bbox 421 2075 555 2121; x_wconf 86' lang='lat' dir='ltr'>quilibet</span> <span class='ocrx_word' id='word_1_328' title='bbox 576 2087 619 2109; x_wconf 77' lang='lat' dir='ltr'>ex</span> <span class='ocrx_word' id='word_1_329' title='bbox 640 2076 733 2110; x_wconf 89' lang='lat' dir='ltr'>nobis</span> <span class='ocrx_word' id='word_1_330' title='bbox 755 2081 917 2121; x_wconf 87' lang='lat' dir='ltr'>tamquam</span> <span class='ocrx_word' id='word_1_331' title='bbox 944 2088 1008 2111; x_wconf 83' lang='lat' dir='ltr'>vna</span> <span class='ocrx_word' id='word_1_332' title='bbox 1034 2088 1078 2110; x_wconf 73' lang='lat' dir='ltr'>ex</span> <span class='ocrx_word' id='word_1_333' title='bbox 1104 2079 1151 2111; x_wconf 86' lang='lat' dir='ltr'>eis</span> <span class='ocrx_word' id='word_1_334' title='bbox 1178 2087 1289 2111; x_wconf 89' lang='lat' dir='ltr'>coram</span> <span class='ocrx_word' id='word_1_335' title='bbox 1309 2075 1467 2109; x_wconf 84' lang='lat' dir='ltr'>altissimo</span> <span class='ocrx_word' id='word_1_336' title='bbox 1487 2077 1518 2108; x_wconf 92' lang='lat' dir='ltr'>in</span> <span class='ocrx_word' id='word_1_337' title='bbox 1544 2073 1766 2108; x_wconf 88' lang='lat' dir='ltr'>retribucione</span> <span class='ocrx_word' id='word_1_338' title='bbox 1796 2078 2006 2119; x_wconf 87' lang='lat' dir='ltr'>conputetur,</span> 
     </span>
     <span class='ocr_line' id='line_1_31' title="bbox 170 2134 2008 2181; baseline -0.002 -11"><span class='ocrx_word' id='word_1_339' title='bbox 170 2136 405 2171; x_wconf 83' lang='lat' dir='ltr'>Desiderantes</span> <span class='ocrx_word' id='word_1_340' title='bbox 434 2141 469 2171; x_wconf 89' lang='lat' dir='ltr'>vt</span> <span class='ocrx_word' id='word_1_341' title='bbox 496 2139 627 2170; x_wconf 86' lang='lat' dir='ltr'>nomina</span> <span class='ocrx_word' id='word_1_342' title='bbox 649 2136 807 2170; x_wconf 88' lang='lat' dir='ltr'>Carorum</span> <span class='ocrx_word' id='word_1_343' title='bbox 837 2142 1022 2171; x_wconf 72' lang='lat' dir='ltr'>nostrorum</span> <span class='ocrx_word' id='word_1_344' title='bbox 1051 2140 1081 2171; x_wconf 96' lang='lat' dir='ltr'>in</span> <span class='ocrx_word' id='word_1_345' title='bbox 1103 2136 1300 2171; x_wconf 83' lang='lat' dir='ltr'>Kalendario</span> <span class='ocrx_word' id='word_1_346' title='bbox 1329 2138 1474 2181; x_wconf 88' lang='lat' dir='ltr'>ipsorum</span> <span class='ocrx_word' id='word_1_347' title='bbox 1504 2134 1702 2177; x_wconf 90' lang='lat' dir='ltr'>scribantur,</span> <span class='ocrx_word' id='word_1_348' title='bbox 1733 2138 1763 2168; x_wconf 91' lang='grc'>61</span> <span class='ocrx_word' id='word_1_349' title='bbox 1793 2136 1825 2167; x_wconf 90' lang='grc'>111</span> <span class='ocrx_word' id='word_1_350' title='bbox 1845 2136 2008 2168; x_wconf 88' lang='lat' dir='ltr'>anniuer-</span> 
     </span>
     <span class='ocr_line' id='line_1_32' title="bbox 170 2194 2008 2244; baseline -0.001 -15"><span class='ocrx_word' id='word_1_351' title='bbox 170 2198 267 2240; x_wconf 82' lang='lat' dir='ltr'>sarijs</span> <span class='ocrx_word' id='word_1_352' title='bbox 295 2208 367 2229; x_wconf 92' lang='lat' dir='ltr'>cum</span> <span class='ocrx_word' id='word_1_353' title='bbox 396 2197 520 2242; x_wconf 87' lang='lat' dir='ltr'>vigilijs</span> <span class='ocrx_word' id='word_1_354' title='bbox 545 2202 578 2231; x_wconf 88' lang='lat' dir='ltr'>ct</span> <span class='ocrx_word' id='word_1_355' title='bbox 605 2200 776 2231; x_wconf 85' lang='lat' dir='ltr'>missarum</span> <span class='ocrx_word' id='word_1_356' title='bbox 804 2198 994 2243; x_wconf 88' lang='lat' dir='ltr'>solempniis</span> <span class='ocrx_word' id='word_1_357' title='bbox 1020 2201 1177 2232; x_wconf 89' lang='lat' dir='ltr'>memoria</span> <span class='ocrx_word' id='word_1_358' title='bbox 1197 2200 1384 2244; x_wconf 75' lang='lat' dir='ltr'>peragatur,</span> <span class='ocrx_word' id='word_1_359' title='bbox 1407 2195 1446 2229; x_wconf 67' lang='lat' dir='ltr'>lit</span> <span class='ocrx_word' id='word_1_360' title='bbox 1464 2206 1506 2229; x_wconf 90' lang='grc'>116</span> <span class='ocrx_word' id='word_1_361' title='bbox 1526 2199 1637 2228; x_wconf 80' lang='lat' dir='ltr'>nostre</span> <span class='ocrx_word' id='word_1_362' title='bbox 1657 2195 1848 2229; x_wconf 87' lang='lat' dir='ltr'>collacionis</span> <span class='ocrx_word' id='word_1_363' title='bbox 1868 2194 2008 2228; x_wconf 90' lang='lat' dir='ltr'>donacio</span> 
     </span>
     <span class='ocr_line' id='line_1_33' title="bbox 171 2255 2006 2304; baseline -0.001 -15"><span class='ocrx_word' id='word_1_364' title='bbox 171 2257 306 2290; x_wconf 86' lang='lat' dir='ltr'>alicuius</span> <span class='ocrx_word' id='word_1_365' title='bbox 335 2256 537 2291; x_wconf 77' lang='lat' dir='ltr'>oliieccionis</span> <span class='ocrx_word' id='word_1_366' title='bbox 566 2258 694 2291; x_wconf 87' lang='lat' dir='ltr'>stimulo</span> <span class='ocrx_word' id='word_1_367' title='bbox 723 2260 826 2303; x_wconf 84' lang='lat' dir='ltr'>possit</span> <span class='ocrx_word' id='word_1_368' title='bbox 855 2258 1000 2303; x_wconf 83' lang='lat' dir='ltr'>infringi,</span> <span class='ocrx_word' id='word_1_369' title='bbox 1029 2258 1070 2292; x_wconf 90' lang='lat' dir='ltr'>ob</span> <span class='ocrx_word' id='word_1_370' title='bbox 1099 2258 1161 2292; x_wconf 89' lang='lat' dir='ltr'>hoc</span> <span class='ocrx_word' id='word_1_371' title='bbox 1189 2259 1352 2304; x_wconf 88' lang='lat' dir='ltr'>presentis</span> <span class='ocrx_word' id='word_1_372' title='bbox 1380 2258 1502 2302; x_wconf 81' lang='lat' dir='ltr'>pagine</span> <span class='ocrx_word' id='word_1_373' title='bbox 1530 2258 1650 2289; x_wconf 87' lang='lat' dir='ltr'>seriem</span> <span class='ocrx_word' id='word_1_374' title='bbox 1679 2257 1882 2300; x_wconf 88' lang='lat' dir='ltr'>appensione</span> <span class='ocrx_word' id='word_1_375' title='bbox 1910 2255 2006 2300; x_wconf 81' lang='lat' dir='ltr'>sigilli</span> 
     </span>
     <span class='ocr_line' id='line_1_34' title="bbox 171 2314 2006 2364; baseline -0.001 -14"><span class='ocrx_word' id='word_1_376' title='bbox 171 2319 271 2350; x_wconf 76' lang='lat' dir='ltr'>nostri</span> <span class='ocrx_word' id='word_1_377' title='bbox 300 2328 429 2350; x_wconf 88' lang='lat' dir='ltr'>necnon</span> <span class='ocrx_word' id='word_1_378' title='bbox 458 2317 663 2352; x_wconf 90' lang='lat' dir='ltr'>dominorum</span> <span class='ocrx_word' id='word_1_379' title='bbox 693 2318 952 2364; x_wconf 88' lang='lat' dir='ltr'>subscriptorum</span> <span class='ocrx_word' id='word_1_380' title='bbox 988 2318 1141 2352; x_wconf 86' lang='lat' dir='ltr'>videlicet</span> <span class='ocrx_word' id='word_1_381' title='bbox 1175 2318 1294 2353; x_wconf 92' lang='lat' dir='ltr'>domini</span> <span class='ocrx_word' id='word_1_382' title='bbox 1327 2316 1471 2350; x_wconf 65' lang='lat' dir='ltr'>W&#39;znatc</span> <span class='ocrx_word' id='word_1_383' title='bbox 1509 2315 1549 2349; x_wconf 89' lang='lat' dir='ltr'>dc</span> <span class='ocrx_word' id='word_1_384' title='bbox 1577 2314 1765 2361; x_wconf 81' lang='lat' dir='ltr'>Lompnicz,</span> <span class='ocrx_word' id='word_1_385' title='bbox 1795 2326 1924 2350; x_wconf 91' lang='lat' dir='ltr'>necnon</span> <span class='ocrx_word' id='word_1_386' title='bbox 1952 2314 2006 2348; x_wconf 85' lang='lat' dir='ltr'>filii</span> 
     </span>
     <span class='ocr_line' id='line_1_35' title="bbox 171 2374 2006 2422; baseline -0.001 -12"><span class='ocrx_word' id='word_1_387' title='bbox 171 2380 241 2410; x_wconf 83' lang='lat' dir='ltr'>eius</span> <span class='ocrx_word' id='word_1_388' title='bbox 271 2376 391 2410; x_wconf 88' lang='lat' dir='ltr'>domini</span> <span class='ocrx_word' id='word_1_389' title='bbox 421 2378 579 2413; x_wconf 89' lang='lat' dir='ltr'>Tassonis</span> <span class='ocrx_word' id='word_1_390' title='bbox 614 2390 652 2412; x_wconf 94' lang='lat' dir='ltr'>ac</span> <span class='ocrx_word' id='word_1_391' title='bbox 687 2379 807 2412; x_wconf 86' lang='lat' dir='ltr'>domini</span> <span class='ocrx_word' id='word_1_392' title='bbox 836 2379 1016 2413; x_wconf 80' lang='lat' dir='ltr'>Jcnczonis</span> <span class='ocrx_word' id='word_1_393' title='bbox 1045 2379 1139 2413; x_wconf 80' lang='lat' dir='ltr'>dictis</span> <span class='ocrx_word' id='word_1_394' title='bbox 1175 2378 1214 2412; x_wconf 88' lang='lat' dir='ltr'>de</span> <span class='ocrx_word' id='word_1_395' title='bbox 1248 2377 1424 2422; x_wconf 81' lang='lat' dir='ltr'>Lompnicz</span> <span class='ocrx_word' id='word_1_396' title='bbox 1463 2375 1600 2410; x_wconf 87' lang='lat' dir='ltr'>fecimus</span> <span class='ocrx_word' id='word_1_397' title='bbox 1629 2378 1832 2410; x_wconf 89' lang='lat' dir='ltr'>communiri.</span> <span class='ocrx_word' id='word_1_398' title='bbox 1889 2374 2006 2411; x_wconf 80' lang='lat' dir='ltr'>Datum</span> 
     </span>
    </p>

    <p class='ocr_par' dir='ltr' id='par_1_5' title="bbox 172 2437 2007 2549">
     <span class='ocr_line' id='line_1_36' title="bbox 172 2437 1763 2483; baseline 0.001 -13"><span class='ocrx_word' id='word_1_399' title='bbox 172 2448 258 2471; x_wconf 90' lang='lat' dir='ltr'>anno</span> <span class='ocrx_word' id='word_1_400' title='bbox 286 2437 416 2471; x_wconf 86' lang='lat' dir='ltr'>Domini</span> <span class='ocrx_word' id='word_1_401' title='bbox 444 2437 617 2473; x_wconf 80' lang='lat' dir='ltr'>Millesimo</span> <span class='ocrx_word' id='word_1_402' title='bbox 647 2438 746 2473; x_wconf 81' lang='lat' dir='ltr'>CCC⁰</span> <span class='ocrx_word' id='word_1_403' title='bbox 774 2439 937 2473; x_wconf 71' lang='lat' dir='ltr'>xxxlvss</span> <span class='ocrx_word' id='word_1_404' title='bbox 965 2443 996 2473; x_wconf 93' lang='lat' dir='ltr'>in</span> <span class='ocrx_word' id='word_1_405' title='bbox 1026 2439 1078 2473; x_wconf 90' lang='lat' dir='ltr'>die</span> <span class='ocrx_word' id='word_1_406' title='bbox 1107 2442 1210 2473; x_wconf 86' lang='lat' dir='ltr'>sancti</span> <span class='ocrx_word' id='word_1_407' title='bbox 1240 2437 1418 2483; x_wconf 71' lang='lat' dir='ltr'>Sdanizlay</span> <span class='ocrx_word' id='word_1_408' title='bbox 1448 2439 1587 2470; x_wconf 88' lang='lat' dir='ltr'>martiris</span> <span class='ocrx_word' id='word_1_409' title='bbox 1615 2437 1763 2480; x_wconf 80' lang='lat' dir='ltr'>gloriosi.</span> 
     </span>
     <span class='ocr_line' id='line_1_37' title="bbox 478 2514 2007 2549; baseline -0.003 -5"><span class='ocrx_word' id='word_1_410' title='bbox 478 2516 543 2544; x_wconf 68' lang='lat' dir='ltr'>(Dus</span> <span class='ocrx_word' id='word_1_411' title='bbox 568 2518 640 2549; x_wconf 70' lang='lat' dir='ltr'>(li-ig.</span> <span class='ocrx_word' id='word_1_412' title='bbox 667 2518 713 2544; x_wconf 77' lang='lat' dir='ltr'>nus</span> <span class='ocrx_word' id='word_1_413' title='bbox 739 2518 895 2548; x_wconf 78' lang='lat' dir='ltr'>Pergament</span> <span class='ocrx_word' id='word_1_414' title='bbox 924 2519 968 2544; x_wconf 83' lang='lat' dir='ltr'>mit</span> <span class='ocrx_word' id='word_1_415' title='bbox 999 2518 1031 2543; x_wconf 85' lang='lat' dir='ltr'>lv</span> <span class='ocrx_word' id='word_1_416' title='bbox 1066 2518 1169 2544; x_wconf 80' lang='lat' dir='ltr'>kleinen</span> <span class='ocrx_word' id='word_1_417' title='bbox 1202 2517 1428 2544; x_wconf 74' lang='lat' dir='ltr'>woutertmltcnen</span> <span class='ocrx_word' id='word_1_418' title='bbox 1460 2516 1569 2549; x_wconf 82' lang='lat' dir='ltr'>Sigillen</span> <span class='ocrx_word' id='word_1_419' title='bbox 1602 2516 1633 2541; x_wconf 85' lang='lat' dir='ltr'>im</span> <span class='ocrx_word' id='word_1_420' title='bbox 1666 2516 1780 2541; x_wconf 71' lang='lat' dir='ltr'>Arrliive</span> <span class='ocrx_word' id='word_1_421' title='bbox 1812 2514 1859 2540; x_wconf 88' lang='lat' dir='ltr'>der</span> <span class='ocrx_word' id='word_1_422' title='bbox 1883 2514 1907 2540; x_wconf 81' lang='lat' dir='ltr'>k.</span> <span class='ocrx_word' id='word_1_423' title='bbox 1933 2514 2007 2539; x_wconf 75' lang='lat' dir='ltr'>studi</span> 
     </span>
    </p>

    <p class='ocr_par' dir='ltr' id='par_1_6' title="bbox 581 2569 929 2603">
     <span class='ocr_line' id='line_1_38' title="bbox 581 2569 929 2603; baseline 0.003 -9"><span class='ocrx_word' id='word_1_424' title='bbox 581 2569 676 2601; x_wconf 66' lang='lat' dir='ltr'>llrunu,</span> <span class='ocrx_word' id='word_1_425' title='bbox 702 2571 732 2595; x_wconf 81' lang='lat' dir='ltr'>t).</span> <span class='ocrx_word' id='word_1_426' title='bbox 759 2570 788 2596; x_wconf 94' lang='lat' dir='ltr'>ll.</span> <span class='ocrx_word' id='word_1_427' title='bbox 815 2579 838 2596; x_wconf 90' lang='grc'>11.</span> <span class='ocrx_word' id='word_1_428' title='bbox 870 2570 929 2603; x_wconf 80' lang='grc'><strong>13.)</strong></span> 
     </span>
    </p>
   </div>
  </div>
 </body>
</html>
