2184 2828
1128 152 1202 187 700

246 275 350 318 possit
382 273 432 306 uel
469 273 584 316 ligare.
614 271 664 305 No
693 276 801 306 tamen
831 283 889 318 pro
919 271 1080 306 dilacione
1109 273 1296 316 penitencie
1324 271 1504 316 periculum
1530 275 1697 306 immineat
1725 275 1907 306 animarum
1937 275 2083 317 presenti

245 337 366 367 statuto
403 332 629 366 fauorabiliter
666 332 891 376 indulgemus,
927 337 961 366 ut
996 331 1127 377 plebani
1165 332 1265 374 socijs
1300 335 1333 365 et
1366 332 1448 375 socij
1478 331 1617 377 plebano
1655 333 1705 365 uel
1745 332 1890 377 pluribus
1920 333 2022 375 socijs
2052 334 2083 365 in

244 393 388 427 ecelesia
424 392 646 427 existentibus
679 403 766 427 vnus
794 393 932 426 alterum
971 392 1012 425 de
1039 391 1205 424 confessis
1235 390 1295 424 sibi
1325 393 1471 436 pcccatis
1506 391 1697 426 absoluendi
1729 392 1847 425 habeat
1877 396 2080 437 potestatem.

244 454 280 487 ln
310 453 443 488 casibus
472 453 566 486 nuliis
595 464 613 485 a
642 452 722 486 Jure
752 454 802 486 uel
831 452 1072 486 consuetudine
1101 454 1281 485 reseruatis
1309 463 1349 485 ac
1377 452 1547 485 dumtaxat
1574 457 1741 498 exceptiS.
1778 453 1852 485 (lum
1882 458 1991 486 tamen
2019 452 2085 486 al)-

243 515 376 548 solnens
413 517 506 548 istius
541 515 687 547 criminis
724 516 891 559 particeps
929 513 1012 546 illius
1048 523 1113 545 non
1143 512 1257 555 fuerit,
1287 515 1359 546 siue
1388 515 1499 546 socius
1533 515 1564 546 in
1603 515 1856 558 perpeti-acione
1891 513 1987 546 illius.
2030 509 2083 546 Ne

247 573 462 611 verecundia„
493 584 556 618 que
577 576 720 607 maxima
741 585 817 619 pars
846 578 896 607 est
926 575 1112 619 penitencie
1140 583 1277 606 cessare
1305 572 1470 614 videaturq
1502 571 1574 613 Quo
1594 584 1674 607 casu
1696 574 1860 613 volumus„
1890 573 1977 617 quod
2006 577 2083 606 tunc

245 634 385 680 plebano
418 636 613 679 proximiori
646 644 705 668 seu
738 637 810 667 eius
845 636 937 667 socio
966 633 1115 666 conliteri
1144 636 1257 678 possit.
1298 632 1515 666 Ratilieantes
1544 644 1675 666 exnunc
1713 645 1755 666 ex
1793 635 1906 677 gracia
1946 633 2082 678 speciali

243 704 359 727 omnes
388 694 620 728 confessiones
650 699 681 727 et
710 693 943 728 absoluciones
972 693 1134 727 haetenus
1162 693 1268 727 factas
1298 704 1357 739 per
1390 704 1614 739 quoscumque
1642 699 1755 727 contra
1785 693 1924 727 formam
1953 697 2084 727 consti-

244 757 384 789 tucionis
413 754 554 800 prefate.
609 755 696 788 Acta
725 759 800 788 sunt
828 754 890 788 lieo
919 764 1006 787 anno
1035 754 1157 787 domini
1186 752 1552 788 MOCCUOXXXXIXO.

546 834 618 865 (Ans
643 834 729 859 vinem
755 833 977 867 Papier-Co‹l‹=x
1001 833 1025 858 in
1051 832 1106 859 Fol.
1132 832 1181 858 (les
1205 832 1262 858 XV.
1287 832 1380 858 Jahrb.
1406 832 1422 858 f.
1449 833 1487 858 65
1514 840 1549 865 12,
1574 833 1638 858 aurh
1664 834 1688 858 in
1714 834 1798 858 vinem
1824 832 1923 857 andern
1948 832 2018 866 sign.
2036 832 2082 858 ins.

651 884 666 909 3
688 885 731 915 ,11.
768 884 798 910 ll
835 885 883 910 der
913 885 938 910 k.
972 885 996 910 k.
1030 884 1164 910 Olmutzer
1193 884 1561 910 Universitiits-Bibliotliek.
1596 884 1650 910 Der
1673 885 1800 910 Abdrnck
1833 884 1922 909 dieser
1946 884 2084 916 Synodal-

650 938 770 962 Statuten
801 936 843 962 hei
876 937 991 962 Fassean
1016 936 1042 962 S.
1073 936 1201 962 16—21
1236 938 1269 962 ist
1293 936 1444 962 l'ehlcrliast.
1475 952 1505 955 —
1534 936 1602 962 Kurz
1626 944 1674 962 vor
1703 936 1751 962 cler
1776 936 1949 970 Vollendung
1972 944 2084 962 unseres

651 988 742 1015 Codex
773 990 806 1015 ist
838 997 886 1014 uns
918 989 1001 1014 durch
1033 988 1075 1013 (lie
1106 988 1271 1014 srcnndliclic
1303 988 1368 1013 Gule
1399 989 1447 1013 ‹les
1479 988 1503 1014 k.
1530 988 1554 1014 k.
1580 988 1662 1014 Herrn
1687 988 1959 1014 Oherstaatsanwalts
1987 988 2033 1014 Dr.
2057 988 2083 1013 J.

650 1040 720 1066 Beck
748 1042 807 1066 cine
833 1041 916 1075 Copie
941 1041 988 1066 ‹ler
1012 1040 1181 1066 llantlsrliril'l
1207 1040 1294 1072 [Ende
1319 1040 1366 1065 (les
1391 1040 1459 1066 MV.
1485 1040 1606 1073 datan),
1636 1040 1740 1066 welche
1765 1041 1812 1066 snb
1838 1041 1879 1065 Μ’.
1906 1040 1944 1066 82
1970 1041 2003 1066 im
2027 1041 2084 1066 Ar-

649 1093 724 1118 chive
749 1093 796 1118 uos
822 1093 845 1118 Ιι.
872 1093 1052 1126 Pressburger
1076 1093 1193 1126 Capitols
1218 1093 1385 1118 aul'liewalnt
1410 1092 1485 1124 nii-dN
1510 1092 1712 1126 zugekommem
1738 1094 1822 1117 worin
1841 1090 1898 1119 sich
1916 1101 1940 1118 u.
1959 1093 1991 1119 Α.
2016 1092 2083 1119 auch

649 1144 691 1170 (lie
721 1144 920 1170 vorstehenden
952 1146 1072 1170 Statuten
1105 1145 1246 1170 liel'anden,
1295 1144 1342 1170 Die
1374 1144 1507 1170 Olmiitzer
1535 1144 1719 1175 Handsehrist,
1751 1145 1793 1170 ‹lie
1826 1144 1883 1170 hier
1910 1153 1967 1170 zum
1993 1148 2082 1170 ersten

650 1197 715 1222 Male
741 1197 864 1230 pnblicirt
889 1196 966 1225 wirdq
991 1198 1087 1222 stinnnt
1112 1198 1156 1222 mit
1180 1197 1227 1222 der
1243 1196 1423 1230 Presshurger
1447 1196 1486 1222 bis
1511 1196 1557 1222 aul*
1576 1197 1683 1230 weuige
1708 1196 1861 1225 Varianlen,
1887 1196 1990 1222 welche
2008 1199 2085 1222 unter

648 1249 706 1274 dem
731 1249 811 1274 Texte
835 1249 987 1274 ersiclitlirh
1011 1249 1133 1282 gviiiaelit
1159 1248 1279 1277 wnrden,
1305 1248 1423 1274 uberem.
1449 1248 1501 1274 Der
1519 1248 1648 1282 Eingang,
1674 1248 1790 1273 weit-lior
1814 1249 1838 1273 in
1856 1248 1904 1274 der
1921 1248 1952 1274 0,
1971 1248 2001 1274 Η.
2019 1248 2082 1274 Sch.

649 1301 726 1333 fehlt,
751 1302 809 1326 eine
832 1301 931 1326 andere
956 1301 1121 1337 Ergauzmig
1145 1301 1196 1326 niul
1222 1301 1264 1326 die
1290 1300 1607 1334 Capitel-Aufsclirit'ten
1638 1300 1685 1326 der
1709 1301 1889 1333 Pressburger
1912 1300 2085 1327 Handschritt

651 1353 761 1379 wnrden
787 1354 818 1378 im
843 1353 924 1379 Texte
950 1354 995 1379 mit
1018 1353 1207 1379 Cui-sivsclirii't
1231 1352 1389 1385 gedrum-kt.)

1109 1472 1217 1508 985.

761 1551 881 1585 Statue
910 1551 970 1584 der
999 1551 1138 1595 Iylauer
1173 1550 1386 1586 t'Vollweber.
1445 1550 1553 1584 1349.

391 1625 544 1679 statuta
578 1650 610 1679 et
644 1648 713 1679 iura
752 1646 914 1680 lanificam
951 1657 1037 1680 anno
1072 1646 1193 1680 domini
1220 1645 1479 1680 MOCGCXLIX.
1509 1645 1593 1680 edita
1632 1657 1692 1692 per
1721 1646 1862 1680 iudicem
1899 1651 1931 1681 et
1954 1648 2083 1692 juratos

237 1709 374 1752 propter
406 1716 581 1739 coninmne
614 1705 736 1740 bonum
766 1706 914 1740 Ciuitatis
949 1706 1145 1740 confirmare
1174 1718 1233 1752 pro
1262 1718 1326 1753 quo
1356 1707 1489 1752 quilibet
1527 1706 1762 1740 fraternitatem
1793 1712 1825 1741 et
1854 1710 2082 1752 magisterium

238 1769 363 1800 intrare
392 1769 531 1812 cupiens
561 1770 610 1800 ius
640 1766 788 1801 Ciuitatis
818 1772 851 1801 ut
880 1767 998 1801 modus
1028 1772 1077 1801 est
1106 1771 1255 1813 acquiret
1285 1773 1317 1802 et
1343 1768 1450 1801 Judici
1478 1778 1550 1801 eum
1580 1766 1708 1801 (luobus
1736 1771 1865 1811 grossis
1893 1772 1925 1802 et
1953 1771 2084 1802 notario

236 1837 310 1860 cuin
339 1837 406 1860 vno
436 1826 552 1860 dandis
583 1838 618 1861 se
649 1827 839 1861 manifestet
866 1839 930 1861 nec
959 1828 1035 1862 dum
1063 1827 1191 1862 laboret
1219 1828 1326 1862 donec
1355 1828 1513 1862 czecham
1544 1827 1728 1861 secundum
1757 1839 1853 1873 quam
1874 1839 1892 1861 a
1913 1831 2083 1873 magistris

237 1890 377 1932 gratiam
406 1886 532 1921 habere
560 1891 679 1933 poterit
707 1887 869 1922 obtinere.
908 1888 989 1922 Item
1021 1888 1183 1923 vollumus
1212 1889 1297 1934 quod
1327 1889 1433 1923 nullus
1461 1891 1694 1932 magistrorum
1724 1891 1787 1922 nisi
1816 1892 1847 1922 in
1876 1892 2022 1922 crastino
2051 1892 2082 1922 in

237 1947 289 1981 die
316 1947 444 1981 forensi
472 1951 505 1981 in
534 1948 607 1981 loco
636 1948 745 1982 debito
775 1953 806 1982 et
834 1949 989 1995 deputato
1018 1954 1050 1983 et
1077 1960 1143 1983 non
1164 1950 1244 1983 alias
1265 1960 1378 1983 emere
1397 1953 1563 1995 presumat
1584 1953 1737 1994 preterea
1758 1949 1912 1994 quidquid
1933 1952 2080 1994 magistri

236 2012 420 2043 statuerunt
450 2019 510 2042 seu
538 2012 684 2042 statuent
712 2009 790 2042 nulli
819 2010 1005 2054 infringere
1026 2010 1124 2044 liceat
1150 2010 1209 2044 sed
1230 2015 1336 2044 ratum
1365 2014 1396 2043 et
1422 2014 1550 2054 gratum
1580 2008 1740 2042 habeatur
1761 2009 1796 2043 Si
1825 2014 1934 2043 autem
1964 2014 2079 2044 contra

236 2072 366 2103 uenerit
395 2080 454 2103 seu
483 2074 599 2102 eontra
629 2072 757 2102 ueniret
787 2070 908 2115 (primo
938 2081 1037 2104 asere
1066 2070 1213 2104 secundo
1242 2075 1358 2117 quarto
1386 2069 1531 2114 fertone)
1560 2073 1735 2115 puniantur
1755 2074 1786 2103 et
1806 2073 1960 2104 terciario
1989 2081 2076 2104 anno

235 2133 268 2163 et
295 2129 347 2163 die
375 2129 535 2164 carebunt
561 2129 687 2163 labore.
718 2131 868 2164 volumus
898 2133 996 2165 etiam
1025 2131 1111 2176 quod
1141 2131 1248 2165 nullus
1278 2131 1371 2165 simul
1399 2133 1558 2175 magister
1586 2130 1641 2163 liet
1670 2135 1701 2163 et
1729 2129 1883 2165 famulus.

544 2210 614 2240 [Ans
638 2209 723 2234 einein
748 2209 794 2235 Ms.
820 2209 913 2236 Codex
938 2209 985 2236 des
1013 2209 1070 2236 XV.
1096 2209 1292 2236 Jahrliunderts
1321 2210 1368 2236 der
1401 2208 1534 2235 Otmutzer
1558 2208 1896 2243 Universitatsbibliothek,
1920 2210 2014 2244 Papier
2038 2211 2078 2241 4.,

648 2260 703 2293 Sig.
731 2261 747 2286 f.
773 2261 837 2296 29.)
