2184 2828
1026 84 1098 118 929

133 205 300 252 quodlibet
327 203 549 249 predictorum
578 208 648 237 rata
683 207 777 248 grata
812 208 843 236 et
872 203 963 236 firma
1000 201 1124 235 habere
1157 206 1256 247 atque
1292 206 1407 236 tenere
1438 202 1624 236 observare
1653 208 1752 249 atque
1781 207 1994 250 excepcione

135 270 258 301 remota
287 264 431 310 qualibet
467 263 665 310 adimplere,
704 263 744 297 ad
782 268 896 298 sancta
932 263 984 296 dei
1020 263 1209 307 ewangelia
1243 266 1274 295 et
1311 263 1474 308 corporali
1509 274 1527 296 a
1562 263 1658 297 nobis
1689 275 1790 309 super
1819 264 1881 298 hoc
1910 275 1994 310 pre-

135 330 210 362 stito
238 329 432 360 iuramento.
464 324 500 358 In
530 328 624 358 cuius
653 329 718 358 ete.

1015 488 1122 523 388.

137 569 182 603 0.
202 596 234 602 ..
262 568 400 611 Herzog]
432 579 493 601 con
524 568 701 601 Pommern
735 567 928 611 cer-sprc'elel
962 578 1025 599 aus
1053 566 1184 599 Aulass
1219 566 1333 599 dieser
1361 565 1511 599 Hem-atla
1543 566 1605 599 den
1636 566 1874 600 Elaecontract
1904 567 1994 600 nach

138 630 317 674 Erlequny
336 629 396 662 der
416 628 648 673 Morqenyabe
668 640 730 661 ron
748 629 831 672 se'lnf
844 628 989 661 lausensi
1016 626 1118 660 Marlz·
1147 625 1282 660 Silbers
1303 627 1568 670 aasz-userliqeu.
1603 627 1641 660 O.
1664 627 1707 660 D.
1740 627 1779 660 O.
1810 627 1875 660 med
1893 627 1994 660 Jahr.

292 705 382 758 Nos
411 723 450 758 Ο.
482 724 534 757 dei
562 726 675 761 gracia
707 724 774 757 dux
804 723 1001 757 Pomoranie
1031 727 1094 756 etc.
1125 727 1158 756 ut
1186 734 1285 768 supra
1319 724 1351 755 in
1380 725 1532 768 proximo
1562 733 1665 768 usque
1694 726 1858 769 tamquam
1893 734 1996 756 verus

137 786 290 820 dominus
318 785 431 819 facere
460 788 596 831 quitquit
625 785 703 818 velit
733 787 821 830 prius
851 789 881 817 et
910 789 943 817 ut
979 783 1065 829 quod
1101 783 1228 816 dicatur
1257 785 1466 828 promisimus
1500 785 1603 816 eciam
1634 783 1721 817 dicto
1750 783 1888 817 domino
1918 783 1998 817 Mo-

138 850 234 881 ravie
262 849 346 892 patri
375 846 480 879 dicte.
499 857 614 891 .quam
643 849 782 891 primum
812 856 885 879 euin
921 844 1066 890 prefata.
1085 844 1167 877 ‚tilia
1204 847 1275 877 eius
1304 843 1471 889 sponsalia
1506 848 1539 876 et
1573 846 1816 877 matrimonium
1846 844 1999 877 contrahi

138 912 293 954 poterunt
321 912 354 940 et
381 907 551 952 compleri.
583 907 618 939 Si
649 911 757 940 autem
788 906 905 939 solutis
934 917 994 952 per
1022 904 1184 951 prefatum
1215 905 1380 938 domiuum
1411 916 1442 937 v.
1474 903 1603 938 nulibus
1634 915 1820 938 marcarum
1845 908 1991 949 argenti.

140 968 226 1003 dotis
255 970 387 1002 nomine
423 967 646 1014 ipsius..silie
683 978 742 1000 sue
779 969 1031 1000 instrumentum
1067 966 1188 999 dotale.
1225 976 1355 999 necnon
1391 969 1423 998 et
1458 964 1653 998 donacionis
1688 969 1824 1011 propter
1857 969 1997 1011 nupcias

140 1029 323 1064 secundum
353 1028 439 1074 quod
469 1029 619 1062 decuerit
653 1033 683 1062 et
717 1032 813 1073 prout
849 1031 899 1061 est
935 1030 1035 1061 moris
1073 1026 1142 1060 sieri
1177 1026 1330 1060 volumus
1366 1025 1527 1059 faciemus
1564 1030 1596 1059 et
1634 1025 1889 1071 procurabimus
1925 1026 1999 1059 dolo

139 1095 174 1124 et
201 1089 419 1124 cavillacione
449 1089 647 1134 quibuslibet
677 1088 791 1135 procul
822 1091 918 1122 motis
947 1093 979 1121 et
1007 1087 1094 1132 quod
1123 1098 1183 1133 pro
1213 1088 1338 1120 eisdem
1368 1086 1580 1132 sponsaliciis
1610 1091 1642 1119 et
1666 1089 1875 1120 matrimonio
1901 1091 1935 1120 ut
1955 1097 1992 1119 es

138 1150 260 1185 dictum
290 1149 525 1184 contrahendis
554 1154 586 1183 et
615 1149 771 1195 predictis
805 1148 957 1182 omnibus
994 1153 1026 1182 et
1063 1149 1202 1193 singulis
1241 1160 1258 1181 a
1293 1146 1388 1180 nobis
1425 1150 1597 1192 promissis
1635 1147 1723 1180 dicto
1761 1146 1894 1181 domiuo
1931 1147 1993 1180 duc

138 1211 359 1246 observandis
388 1215 422 1244 et
450 1210 666 1257 adimplendis
695 1210 881 1254 obligamus
910 1209 1017 1243 eidem
1048 1209 1179 1243 domiuo
1210 1208 1302 1242 duci.
1322 1208 1493 1242 .Castrum
1518 1212 1667 1241 nostrum
1693 1210 1829 1242 nomine
1850 1219 2000 1241 arrarum

138 1272 413 1318 sponsaliciarum
443 1274 685 1305 constituentes
715 1282 776 1304 nos
806 1274 870 1304 etc.
902 1275 936 1304 ut
965 1281 1077 1316 supra.

1018 1434 1126 1470 389.

142 1516 259 1559 0...‚
288 1515 429 1560 Hem-09
465 1526 525 1547 ron
556 1512 747 1559 Pormnern7
782 1513 927 1555 erklarl,
963 1524 1027 1546 von
1061 1513 1134 1546 dem
1170 1512 1396 1557 Marlsqrasen
1432 1514 1465 1546 in
1503 1512 1647 1546 Mt‘ihren
1683 1523 1746 1545 aus
1775 1511 1904 1545 Aulass
1942 1511 2003 1544 der

147 1576 417 1621 Verhez'ratlemey
446 1576 566 1609 (Iessea
600 1575 749 1608 Tocleler
778 1572 844 1608 Cle.
863 1601 896 1608 ..
933 1585 976 1607 cm
1006 1575 1102 1607 einen
1133 1573 1228 1607 Solen
1262 1573 1328 1607 Cli.
1348 1601 1354 1606 .
1373 1601 1380 1606 .
1410 1574 1465 1607 die
1489 1573 1742 1618 ret-sprocleene
1766 1571 2003 1617 Morqeuqabe

139 1649 206 1672 ton
232 1638 314 1681 silus
337 1637 482 1670 tau-send
516 1635 639 1669 Marc-lc
673 1634 820 1677 Se'lbers2
856 1634 1086 1668 Pallam-hen
1123 1634 1327 1675 Gc>11·1'ehles‚
1358 1636 1557 1679 empsanqen
1588 1646 1628 1667 zu
1661 1633 1783 1667 haben.
1816 1634 1854 1666 0.
1884 1632 1929 1666 D.
1962 1632 2001 1666 0.

977 1696 1044 1728 mul
1071 1695 1172 1729 Jaler.

297 1756 388 1810 Nos
418 1776 458 1809 Ο.
489 1775 540 1809 dei
570 1778 684 1819 gracia
713 1774 781 1807 dux
811 1774 1009 1808 Pomoranie
1040 1778 1164 1806 tenore
1193 1776 1359 1819 presentis
1387 1776 1509 1819 pagine
1530 1773 1723 1820 profitemur
1743 1776 1841 1816 atque
1866 1775 2003 1805 content

140 1848 255 1873 sumus
283 1848 345 1871 nos
373 1848 432 1883 pro
468 1841 562 1882 parte
596 1835 656 1870 Ch.
691 1835 744 1869 lilii
781 1838 883 1868 nostri
912 1837 1020 1868 mariti
1054 1834 1305 1868 domine..lilie
1340 1834 1619 1868 domini..lneliti
1657 1833 1750 1866 ducis
1785 1832 1816 1866 δ.
1849 1832 2004 1866 Moravie

140 1901 224 1944 patri
253 1898 338 1932 dicte
367 1898 524 1932 habuisse
553 1901 585 1930 et
612 1899 783 1941 recepisse
813 1907 852 1928 ae
881 1907 898 1929 a
928 1895 1024 1929 nobis
1054 1898 1084 1928 in
1112 1897 1277 1939 integrum
1303 1895 1396 1929 datas
1422 1895 1548 1929 solutas
1585 1897 1776 1928 numeratas
1809 1898 1841 1926 et
1868 1892 2004 1926 traditas

142 1969 221 1994 esse
250 1971 268 1993 a
296 1958 426 2005 prefato
457 1959 588 1992 domino
618 1957 702 1991 duee
732 1956 884 1990 Moravie
913 1956 1066 1989 solvente
1096 1960 1292 1989 numerante
1321 1960 1419 2001 atque
1449 1956 1546 1989 dante
1576 1959 1607 1988 et
1636 1954 1787 1988 tradente
1821 1964 1881 2000 pro
1909 1957 2005 1999 parte

143 2023 177 2053 et
203 2030 263 2065 pro
292 2020 369 2053 dote
406 2019 534 2065 prefate
573 2017 839 2051 domine..lilie
876 2028 936 2050 sue
969 2017 1034 2050 lilio
1071 2020 1185 2049 nostro
1219 2015 1348 2061 prefato
1386 2016 1668 2050 matrimontaliter
1702 2014 1857 2060 copulate
1885 2024 2004 2048 omnes

144 2090 275 2114 marcas
309 2091 391 2124 quas
426 2080 510 2113 idem
548 2079 616 2112 dux
651 2078 770 2111 dudum
807 2081 1033 2113 convenerat.
1072 2076 1227 2110 videlicet
1263 2079 1406 2122 quinque
1444 2076 1532 2110 Milia
1572 2087 1757 2109 marcarum
1796 2078 1925 2119 argenti
1964 2074 2005 2108 ad

144 2139 274 2186 pondus
301 2141 461 2185 generale
495 2140 632 2173 Polonie
668 2138 784 2172 eadem
821 2137 996 2171 domina..
1025 2149 1090 2171 non
1124 2137 1199 2171 dum
1237 2138 1352 2171 tradita
1387 2138 1474 2171 dieto
1510 2137 1580 2170 Cli..
1620 2136 1677 2169 sed
1709 2135 1816 2169 adhuc
1845 2139 1876 2170 in
1907 2135 2005 2169 domo

145 2202 250 2247 patris
289 2203 456 2235 existente
490 2203 688 2246 excepcioni
725 2198 819 2232 nobis
858 2209 923 2231 non
959 2197 1035 2231 date
1068 2209 1133 2231 non
1169 2198 1276 2231 solute
1312 2209 1376 2231 non
1413 2202 1584 2231 numerate
1620 2208 1684 2230 uon
1715 2196 1834 2230 tradite
1862 2200 2005 2242 pecunie

145 2263 219 2294 sive
249 2260 334 2294 dotis
363 2265 496 2295 omnino
526 2263 763 2295 renunciantes
794 2270 923 2292 necnon
954 2263 983 2291 et
1014 2262 1242 2304 promittentes
1278 2270 1336 2304 pro
1373 2271 1445 2292 ine.
1466 2287 1471 2291 .
1490 2263 1518 2290 et
1557 2260 1678 2290 uostris
1708 2256 1887 2291 heredibus
1917 2258 2004 2290 dicto

147 2320 281 2354 domiuo
316 2321 390 2354 duci
424 2319 578 2357 Mor-avio,
615 2332 675 2369 pro
710 2332 746 2354 se
780 2325 809 2353 et
847 2322 915 2352 suis
953 2319 1130 2352 heredibus
1166 2320 1333 2364 stipulanti
1371 2320 1505 2352 solvero
1542 2318 1622 2351 ‹lari-
1652 2324 1683 2351 et
1712 2321 1888 2351 restituere
1918 2318 2004 2350 dicte

147 2381 426 2415 domine..sive
465 2386 568 2428 ipsius
606 2387 639 2416 et
673 2382 748 2415 dicti
784 2381 835 2413 lilii
873 2383 922 2413 sui
961 2378 1189 2413 communibus
1228 2379 1404 2413 heredibus
1443 2384 1494 2412 aut
1532 2382 1583 2411 rui
1615 2382 1664 2411 ius
1694 2383 1724 2411 et
1753 2390 1850 2412 casus
1879 2378 2006 2411 dederit

149 2442 310 2475 dictarum
341 2444 483 2487 quinque
513 2444 598 2476 milia
628 2453 813 2476 marcarum
848 2443 878 2474 in
915 2452 1046 2474 omnem
1081 2445 1237 2473 eventum
1273 2440 1475 2473 restituendi·
1505 2439 1602 2472 dotis.
1634 2450 1763 2472 necnon
1795 2444 1826 2472 ct
1860 2438 1945 2484 quod
1977 2441 2003 2471 si

148 2502 234 2536 forte
267 2502 387 2535 dictum
425 2502 484 2535 Ch.
519 2506 806 2549 emanciparemus
844 2506 875 2534 et
909 2501 1125 2534 liberaremus
1161 2511 1235 2533 cum
1270 2512 1287 2533 a
1324 2505 1435 2535 nostra
1475 2503 1638 2544 potestate
1683 2496 1732 2546 pd'·
1775 2500 1826 2542 (2²)
1868 2502 1908 2533 tis
1945 2498 2005 2532 Ch.

149 2562 422 2607 consignabimus
451 2566 483 2596 et
512 2564 680 2598 solvemus
711 2562 932 2609 predictarum
957 2564 1102 2607 quinque
1121 2560 1209 2595 Milia
1230 2572 1414 2595 marcarum
1437 2563 1564 2605 argenti
1586 2563 1791 2606 integraliter
1813 2560 1850 2593 ad
1878 2560 2006 2606 pondus
