2184 2828
183 229 350 264 reddimus
379 233 412 262 et
447 232 623 262 immunem
654 227 829 262 dummodo
858 226 953 261 nobis
984 236 1063 261 suos
1093 229 1287 260 transmittat
1316 225 1467 260 homines
1497 225 1537 259 ad
1573 225 1827 271 expedicionem
1857 224 2036 270 quamlibet

184 293 213 323 in
243 294 412 335 posterum
442 288 614 322 faciemus.

336 358 511 392 Vniuersis
540 356 735 391 officialibus
764 359 886 390 nostris
916 355 975 390 suh
1004 359 1139 401 optento
1169 359 1280 389 nostre
1309 357 1425 400 gracie
1460 354 1576 389 dantes
1605 365 1767 401 expressa
1803 358 1834 389 in
1871 354 2035 390 mandatis

181 431 222 453 ne
252 419 413 465 prefatum
443 418 654 464 expedicioni
684 421 798 450 nostre
827 416 1024 462 compellant
1059 415 1223 448 ullatenus
1252 418 1384 460 propria
1414 418 1444 449 in
1475 426 1618 461 persona
1648 416 1705 449 sed
1741 419 1927 462 permittant
1960 426 2035 450 eum

181 480 262 513 dare
297 482 397 524 quieti
439 489 575 524 operam
609 488 672 521 que
706 477 808 510 seculi
843 480 931 510 etate
966 479 1038 521 apta
1086 478 1244 520 impetunt
1278 475 1321 508 nil
1357 475 1441 508 adeo
1486 477 1593 519 magis
1640 478 1778 520 exigant
1822 486 1918 520 quam
1959 477 2034 510 ocio

184 540 365 585 indulgere.

614 668 924 702 [tenuatim-iones.-
957 666 1229 709 Ratv’fieace'ones
1257 669 1290 698 et
1319 666 1613 709 confirmaciones.

337 737 449 785 Opere
484 740 630 784 precium
666 736 739 770 fore
772 736 977 769 dinoscimus
1016 739 1079 768 tam
1119 734 1158 768 ad
1194 734 1418 768 extollendam
1453 737 1555 768 nostri
1590 736 1731 767 nominis
1764 734 1904 778 gloriam
1939 743 2036 779 quam

183 805 295 847 partes
334 801 465 833 iusticie
500 797 641 831 fideliter
675 796 916 843 adimplendum
964 800 996 829 ut
1032 798 1141 829 anime
1175 795 1338 841 quondam
1366 796 1534 839 yeteitoris
1562 796 1682 828 nostri.
1715 794 1752 828 0.
1784 795 1885 828 incliti
1915 793 2038 828 domini

182 862 257 895 olim
288 862 379 905 regis
407 859 572 893 Bohemie
601 858 708 892 felicis
739 860 909 899 memorie,
939 868 998 902 per
1027 867 1122 902 quam
1152 856 1203 890 dei
1234 858 1347 901 preuia
1378 855 1548 888 uoluntate
1584 857 1649 888 uite
1683 857 1852 900 presentis
1898 853 2038 888 exordia

182 924 379 967 sumpsimus
409 925 439 953 et
469 924 631 953 terrarum
661 930 699 952 ac
729 920 970 964 principatuum
999 928 1136 962 quorum
1166 916 1286 950 dicioni
1316 914 1492 962 pres‘uinus
1522 915 1620 949 lieres
1650 920 1683 949 et
1710 915 1862 949 dominus
1891 917 2038 949 institui—

183 993 254 1016 mur
282 981 518 1028 prouideamus
548 979 727 1013 liberaliter
756 983 787 1012 et
816 981 845 1012 ei
874 982 1088 1024 peccatorum
1118 982 1148 1011 et
1177 977 1288 1011 forsan
1318 977 1504 1021 degi-auare
1533 975 1734 1022 ponderibus
1763 975 1880 1023 quibus
1909 974 2038 1021 fragilis

182 1043 367 1077 mortalium
397 1041 550 1076 condicio
580 1040 678 1087 pollui
708 1042 883 1074 consueuit
911 1039 1124 1073 reuelaminis
1154 1041 1196 1084 pii
1225 1037 1383 1082 suffragio
1412 1048 1659 1071 succurramus.

338 1111 401 1145 Per
429 1121 572 1157 presens
603 1112 702 1154 igitur
731 1109 941 1155 priuilegium
971 1113 1087 1142 noscat
1115 1114 1178 1141 tam
1208 1117 1347 1152 presens
1384 1110 1455 1140 ctas
1490 1117 1587 1151 quam
1627 1107 1822 1140 successiua
1858 1108 2035 1151 posteritas

181 1173 364 1207 futurorum
396 1171 481 1218 quod
511 1182 572 1205 nos
601 1182 660 1216 pro
689 1169 837 1203 remedio
866 1172 974 1203 anime
1003 1171 1164 1213 genitoris
1194 1170 1298 1201 nostri
1334 1166 1450 1212 prefati
1481 1172 1584 1201 ratam
1614 1166 1772 1200 habemus
1806 1170 1903 1211 atque
1946 1176 2037 1200 con-

182 1234 351 1268 firmamus
389 1233 610 1266 donacionem
647 1230 837 1275 ecclesie(
945 1232 956 1273 J
987 1229 1150 1264 in..villa
1185 1233 1218 1261 et
1263 1229 1399 1262 alteram
1449 1230 1569 1261 in..et
1603 1238 1712 1261 rerum
1757 1238 1797 1260 ac
1839 1230 1956 1260 iurium
1998 1226 2039 1261 ad

184 1294 319 1328 easdem
350 1295 590 1340 pertinencium
621 1303 716 1338 quam
747 1291 822 1325 olim
852 1291 1003 1325 dominus
1032 1302 1112 1324 rex.
1131 1301 1253 1323 ,auuus
1282 1293 1396 1322 noster
1430 1288 1508 1322 fecit
1544 1288 1699 1334 hospitali
1727 1287 1927 1321 cruciferum
1954 1286 2038 1332 (sic)

184 1354 417 1389 stelliferorum
446 1355 560 1387 εαηεὶἱ
578 1353 762 1387 Ριταιιειέοἱ
788 1352 833 1386 ad
855 1352 975 1396 pedem
1002 1353 1118 1396 pontis
1161 1351 1345 1394 lit-(tyensis
1381 1353 1413 1383 et
1443 1351 1579 1395 insuper
1608 1348 1649 1382 de
1677 1359 1764 1382 nouo
1794 1348 1909 1382 damus
1939 1352 2037 1394 atque

182 1415 397 1451 concedimus
426 1413 533 1448 eidem
563 1412 715 1458 hospitali
745 1411 901 1446 fratribus
931 1410 1152 1445 existentibus
1182 1410 1313 1453 ibidem,
1351 1414 1413 1444 tam
1444 1408 1656 1455 presentibus
1685 1419 1780 1454 quam
1809 1408 1928 1442 futuris
1956 1419 2040 1454 pre-

182 1477 267 1510 l'atas
295 1475 458 1510 ecclesias
487 1473 735 1508 racionabiliter
763 1472 989 1519 spectantibus
1018 1475 1067 1506 ius
1097 1476 1292 1518 patronatus
1321 1470 1407 1516 quod
1437 1470 1610 1504 habuimus
1626 1473 1659 1503 in
1675 1469 1827 1503 ecclesiis
1853 1468 2038 1503 antedictis.

180 1537 438 1572 Transferentes
466 1546 509 1569 ex
538 1546 626 1569 nunc
655 1545 698 1568 ex
727 1538 820 1568 certa
848 1536 995 1568 sciencia
1024 1537 1138 1567 nostra
1168 1537 1201 1566 et
1229 1534 1343 1577 gracia
1365 1531 1526 1577 spirituali
1555 1532 1640 1575 (sic)
1669 1541 1766 1564 omne
1786 1533 1837 1564 ius
1856 1534 1888 1564 et
1907 1540 2039 1564 ornnem

180 1602 381 1645 potestatem
410 1607 506 1642 quam
535 1595 708 1629 habuimus
738 1600 769 1628 et
799 1594 922 1629 habere
950 1596 1114 1640 potuimus
1144 1596 1176 1627 iu
1206 1592 1342 1639 prefatis
1372 1593 1526 1626 ecclesiis
1555 1596 1588 1625 et
1616 1591 1716 1626 rebus
1744 1595 1776 1625 et
1805 1590 1932 1625 iuribus
1961 1592 2040 1636 qui-

182 1658 323 1693 buslibet
365 1656 606 1704 pertinentilms
642 1656 680 1689 ad
717 1655 850 1689 easdem
890 1658 919 1689 in
960 1655 1092 1688 domum
1127 1653 1201 1688 dicti
1236 1653 1409 1699 hospitalis
1446 1657 1477 1686 et
1512 1653 1618 1686 dictos
1654 1651 1772 1686 fratres
1810 1653 2040 1697 presentarios

181 1731 278 1766 quam
307 1719 437 1761 futuris,
466 1718 620 1751 uolentes
650 1716 735 1762 quod
765 1719 828 1762 ipsi
858 1716 1044 1749 efficiantur
1073 1715 1233 1748 dictarum
1263 1715 1484 1747 ecclesiarum
1515 1718 1547 1747 et
1575 1715 1693 1746 iurium
1727 1712 1767 1746 ad
1804 1714 1896 1758 ipsas
1930 1714 2040 1757 perti—

184 1783 338 1815 nencium
367 1782 439 1813 ueri
468 1778 590 1812 domini
620 1780 704 1811 sicut
733 1777 852 1810 suimus
882 1776 934 1810 uel
964 1787 1040 1810 esse
1068 1778 1246 1821 potuimus,
1281 1774 1426 1819 qualibet
1453 1776 1591 1807 racione
1620 1784 1657 1807 se
1685 1777 1785 1816 mota,
1815 1783 1878 1806 nec
1905 1783 1972 1806 non
2008 1776 2041 1806 et

184 1841 269 1888 quod
298 1843 361 1887 ipsi
390 1839 585 1886 possideant
612 1842 645 1871 et
673 1842 810 1871 teneant
839 1836 947 1871 dictas
976 1837 1141 1871 ecclesias
1177 1847 1250 1869 cum
1294 1837 1460 1869 Vniuersis
1496 1839 1527 1867 et
1561 1833 1700 1879 singulis
1727 1832 1823 1867 bonis
1852 1837 1886 1866 et
1914 1831 2039 1867 iuribus

185 1903 223 1937 ad
260 1905 350 1948 ipsas
385 1898 627 1947 pertinentibus
673 1898 760 1932 dicto
806 1898 960 1944 hospitali
996 1902 1029 1931 et
1067 1896 1222 1931 fratribus
1263 1899 1461 1941 quicumque
1495 1895 1615 1929 ibidem
1650 1905 1710 1941 pro
1740 1898 1888 1939 tempore
1917 1892 2040 1927 fuerint

185 1964 337 1998 duximus
366 1960 613 1995 concedendas.
643 1958 792 1993 Nolimus
820 1962 952 2004 penitus
982 1958 1068 2004 quod
1089 1957 1129 1992 ab
1155 1958 1264 2003 aliquo
1285 1957 1404 1991 dictum
1435 1956 1599 2002 hospitale
1627 1955 1681 1989 uel
1709 1954 1829 1988 fratres
1858 1957 1888 1987 in
1919 1953 2037 1987 eodem

184 2027 439 2063 commorantes„
478 2032 579 2066 super
626 2020 720 2053 dictis
757 2019 908 2053 ecclesiis
943 2023 1039 2065 atque
1074 2018 1169 2053 bonis
1205 2023 1235 2052 et
1265 2017 1389 2052 iuribus
1419 2016 1610 2051 earumdem
1640 2018 1862 2061 inquietantur
1890 2015 1944 2048 uel
1974 2015 2041 2048 ali-

186 2089 348 2131 quatenus
376 2083 607 2117 molestantur.

478 2222 532 2255 De
561 2221 687 2255 eodem.
722 2220 1053 2261 (Remmtc'aciones;
1084 2219 1359 2263 Ralificaciones
1388 2221 1422 2251 et
1451 2217 1775 2264 Confimnaciones.)

341 2292 411 2326 Nos
441 2291 510 2324 W¹‘

342 2352 435 2393 Quod
464 2362 525 2386 nos
557 2353 812 2385 concessionem
841 2350 918 2384 uille
947 2351 1029 2383 ciui.
1049 2359 1127 2395 ‚per
1155 2349 1231 2383 olim
1262 2348 1439 2382 dominum.
1474 2347 1512 2380 0.
1542 2345 1687 2379 inclitum
1722 2355 1838 2390 regem
1876 2344 2041 2378 Bolaeemie

186 2415 308 2449 saetam
338 2413 378 2447 ab
407 2416 480 2458 ipso
509 2412 710 2447 hereditarie
745 2411 917 2457 possidere
961 2414 1090 2456 gratam
1140 2414 1171 2443 et
1205 2414 1308 2444 ratam
1338 2408 1499 2443 habemus
1532 2411 1565 2440 et
1599 2405 1723 2440 habere
1757 2406 1909 2440 uolumus
1942 2404 2041 2450 pleno

187 2476 308 2510 robore
342 2473 515 2511 firmitatis,
552 2484 591 2506 ac
626 2476 761 2518 insuper
796 2477 931 2518 propter
963 2476 1057 2516 grata
1096 2476 1127 2505 et
1163 2471 1252 2504 utilia
1287 2472 1430 2504 seruicia
1466 2478 1530 2512 que
1568 2477 1748 2512 possessor
1776 2469 1879 2512 ipsius
1910 2465 2030 2499 nille..

188 2536 282 2571 nobis
311 2535 402 2578 fecit,
432 2534 614 2578 facereque
643 2536 761 2579 poterit
790 2535 820 2565 in
850 2532 993 2566 futurum
1022 2543 1122 2566 vnum
1153 2532 1317 2566 fertonem
1347 2531 1388 2564 de
1416 2530 1512 2563 laneo
1542 2527 1686 2573 quolibet
1715 2530 1818 2573 ipsius
1848 2525 2040 2560 hereditatis

187 2600 240 2644 qui
270 2600 302 2630 in
330 2600 401 2642 ipsa
432 2600 499 2629 tota
530 2594 712 2628 hereditate
742 2598 950 2627 mensuratus
981 2592 1090 2631 fueritq
1120 2592 1300 2627 liberaliter
1328 2591 1482 2624 duximus
1512 2588 1754 2622 remittendum.
