2184 2828
1128 136 1200 170 686

250 257 444 298 potestatem
482 251 679 287 inuestiandi
717 252 899 298 Episcopos
936 252 1046 297 Regni
1080 252 1215 285 Boemie
1251 254 1425 298 prenotati,
1463 256 1494 285 et
1530 251 1730 286 Reuerendo
1767 254 1797 285 in
1834 251 1964 285 Christo
1993 253 2076 297 patri

250 313 399 347 domino.
419 313 601 358 ,Episcopo
622 312 847 352 Oiomucensi„
872 315 924 358 qui
946 324 1004 359 pro
1025 318 1173 357 tempore
1202 312 1261 345 fuit
1289 315 1423 357 suisque
1444 311 1701 346 Successoribus
1727 314 1889 356 insignem
1919 311 2074 345 circulum

250 373 382 407 domino
410 372 607 415 Wladtshm,
643 372 780 406 Boemie
816 372 899 407 Duci
936 373 1052 407 Illustri
1092 375 1144 418 qui
1179 372 1331 416 Regnum
1369 371 1548 417 predictum
1581 378 1655 406 ante
1683 375 1939 406 coronacioneni
1969 382 2075 414 suam,

249 433 414 478 Regebat„
453 438 485 467 et
521 433 667 466 eiusdem
702 432 884 477 Wladislaij
922 432 1096 467 heredibus
1134 437 1165 465 et
1203 431 1462 466 Successoribus
1499 432 1637 467 dominis
1675 435 1796 466 nostris
1831 435 1862 465 in
1897 432 2077 465 Natiuitate

248 494 375 533 christi„
393 493 509 533 Pasce„
528 493 779 535 i’enihecostes,
800 504 840 527 ac
858 493 1031 527 Beatorum
1050 492 1275 536 Wenczeslaij
1294 497 1325 526 et
1340 492 1510 526 Adalberti
1532 498 1741 538 patronorum
1761 492 1896 525 Boeniie
1912 492 2077 526 festiuita-

248 553 332 587 tibus
368 553 512 587 adinstar
546 552 783 598 Imperatorum
821 558 853 587 et
888 553 1110 587 Romanorum
1149 553 1335 598 Principum
1363 553 1562 597 imponendn
1592 558 1625 586 ut
1653 558 1759 586 tamen
1790 564 1807 586 a
1836 555 1967 585 nemine
1994 563 2078 597 pre-

250 618 397 658 terquam
428 624 445 646 a
474 613 682 647 Reuerendis
713 616 743 647 in
773 613 898 647 christo
927 613 1085 659 patribus„
1116 613 1255 646 dominis
1286 612 1448 656 Pragensi
1476 613 1528 646 uel
1567 612 1777 647 Olomucensi
1815 612 1989 658 Episcopis
2022 616 2077 645 aut

249 684 361 707 eorum
392 674 495 707 altero
524 676 577 718 qui
607 673 681 707 dum
710 674 861 707 Alterum
891 674 1013 708 abesse
1042 677 1255 717 contingeret
1276 676 1367 706 vices
1396 674 1564 718 suppleret
1592 673 1772 713 amborum„
1794 675 1915 718 imponi
1942 671 2077 707 deberet

247 733 419 767 licenciam
456 738 490 767 et
526 733 712 767 facultatem
748 737 934 777 graciosius
971 738 1162 777 erogarunt„
1201 738 1232 766 et
1270 733 1331 766 boc
1366 733 1480 766 edictis
1519 745 1555 767 ac
1591 734 1751 767 mandatis
1787 732 2015 778 imperialibus
2044 737 2077 766 et

247 794 365 838 Regiis
403 799 563 839 perpetuo
600 798 801 829 statum-unt.
841 795 989 827 Alterum
1027 805 1109 828 vero
1147 794 1302 827 videlicet
1345 793 1502 827 Illustrem
1546 797 1739 839 principem,
1782 793 1908 827 Ducem
1950 792 2078 838 Opauie

249 854 391 888 heredes
430 859 462 887 et
499 854 723 888 Successores
766 856 866 898 ipsius
901 859 1036 900 propter
1068 854 1286 887 donacionem
1322 853 1418 887 Clare
1455 857 1610 887 memorie
1648 854 1784 887 lllustris
1818 857 1848 887 et
1883 853 2077 886 excellentis

248 917 407 961 principis
436 914 555 948 domini
587 913 735 948 Ottakari
765 915 902 948 secundi
931 915 1068 948 condam
1100 914 1234 948 Bocmie
1265 915 1380 959 Regis,
1410 926 1504 960 quam
1534 917 1615 960 patri
1644 914 1789 948 eiusdem
1819 914 1920 947 Ducis
1955 913 2077 947 fecisse

248 975 448 1013 dinoscitur„
487 974 571 1008 Dum
610 978 729 1008 terrain
766 974 917 1008 Morauie
954 975 1122 1017 (tinniens,
1163 975 1324 1008 Ducatum
1360 980 1392 1009 et
1428 975 1645 1020 Principatum
1684 974 1906 1020 Opauiensein
1951 977 2077 1007 creauit

248 1046 292 1069 ex
320 1046 407 1069 nouo
435 1035 613 1081 Ipsumque
642 1034 807 1068 dominum
836 1034 975 1077 Ducem,
1005 1046 1100 1081 quein
1131 1035 1171 1069 de
1201 1047 1290 1069 mera
1325 1046 1384 1069 sue
1421 1035 1638 1080 Benignitatis
1670 1039 1783 1080 gracia
1820 1034 2006 1068 sublimauit
2043 1037 2075 1067 in

247 1098 440 1141 principem,
471 1095 610 1128 heredes
638 1100 671 1129 et
699 1106 926 1139 successores
944 1099 1057 1141 ipsiusff
1080 1096 1152 1129 Vna
1183 1107 1255 1130 cuin
1286 1096 1403 1129 ducatu
1433 1099 1503 1130 siue
1532 1099 1711 1141 principatu
1741 1095 1870 1141 prefato
1890 1094 1952 1128 sibi
1972 1094 2076 1128 here-

249 1156 343 1190 dibus
381 1167 420 1189 ac
458 1155 716 1189 Successoribus
754 1158 823 1189 suis
860 1155 1009 1201 Regibus
1042 1156 1190 1195 Boeinie„
1226 1156 1366 1190 dominis
1402 1160 1599 1197 iiostris,·ac
1628 1156 1773 1189 eiusdem
1803 1155 1913 1199 Regni
1943 1155 2074 1188 Corone

248 1217 350 1250 voluit
378 1215 552 1249 inmediate
581 1215 732 1257 subesse3
763 1216 868 1250 dictus
896 1219 1129 1250 serenissimus
1158 1217 1309 1250 dominus
1337 1221 1369 1251 et
1397 1216 1498 1250 frater
1526 1221 1637 1250 noster
1665 1219 1769 1249 eciam
1800 1215 1860 1250 sihi
1898 1215 2075 1249 heredibus

248 1281 280 1310 et
306 1276 558 1310 successoribus
588 1279 656 1310 suis
686 1276 820 1309 lloeinie
849 1276 997 1321 Regibus
1027 1278 1166 1311 dominis
1195 1281 1326 1317 nostris
1357 1282 1389 1311 et
1418 1277 1563 1311 eiusdem
1601 1277 1709 1320 Regni
1739 1277 1880 1319 Corone,
1910 1281 2074 1322 tamquam

247 1348 315 1370 rem
354 1340 575 1382 apropriatain
614 1341 646 1370 ct
683 1337 946 1382 inseparabiliter
983 1341 1225 1383 incorporatam
1264 1337 1383 1382 Regno
1421 1337 1555 1371 Boemie
1592 1337 1716 1382 prefato
1752 1338 1944 1382 specialiter
1972 1341 2075 1370 etex

250 1400 398 1439 ηωυίηθ9
436 1399 637 1438 reseruauit7
675 1401 705 1430 et
743 1397 782 1430 de
818 1397 967 1431 Romane
1005 1398 1111 1442 Regie
1144 1409 1202 1432 sue
1241 1402 1410 1444 potestatis
1446 1398 1643 1444 plenitudine
1681 1401 1809 1440 statuit,
1846 1397 1932 1443 quod
1961 1407 2076 1430 omnes

251 1457 440 1502 supradicte
469 1460 640 1490 sentencie
676 1462 710 1491 et
746 1458 891 1491 clausule
929 1458 1148 1503 Imperialium
1184 1464 1215 1492 et
1254 1459 1426 1502 Regaliani
1460 1459 1649 1499 litterarum,
1679 1469 1758 1502 que,
1793 1469 1811 1491 a
1849 1458 2073 1492 Romanorum

248 1517 505 1562 Imperatoribus
534 1522 565 1550 et
586 1517 733 1562 Regibus
763 1519 1057 1563 predecessoribus
1087 1522 1167 1555 suis.
1198 1519 1291 1552 dictis
1320 1519 1453 1552 Boeniie
1473 1518 1618 1563 Regibus
1647 1523 1679 1551 et
1706 1517 1908 1563 principibus
1938 1517 2078 1551 dominis

248 1580 369 1611 nostris
399 1578 517 1619 Regno
546 1583 576 1617 et
598 1577 728 1611 Corone
750 1578 896 1613 Βυυιηὶθ.
920 1579 1040 1612 indulte
1068 1585 1261 1620 noscuntur,
1283 1584 1315 1613 et
1343 1591 1424 1624 quas
1453 1578 1492 1612 ad
1521 1578 1753 1624 probaeionem
1785 1578 1942 1612 dictarum
1964 1581 2077 1612 inten-

248 1642 378 1671 cionum
408 1638 544 1671 adduxit
571 1649 714 1684 semper,
744 1644 775 1672 et
805 1639 936 1683 vbique„
967 1642 996 1672 in
1026 1640 1156 1674 Judicio
1184 1645 1218 1674 et
1246 1645 1340 1673 extra
1379 1651 1417 1673 ac
1453 1642 1484 1673 in
1518 1640 1655 1683 singulis
1692 1638 1832 1680 actibus,
1869 1638 2006 1684 publicis
2047 1642 2078 1671 et

247 1701 393 1744 priuatisq
415 1701 573 1742 quociens
602 1709 678 1732 suas
708 1699 830 1732 litteras
859 1711 959 1745 super
987 1699 1048 1734 hoc
1076 1701 1193 1735 editas.
1215 1705 1271 1734 aut
1299 1703 1505 1746 presencium
1536 1705 1683 1733 tenorem
1710 1699 1789 1743 Legi
1819 1702 1890 1733 siue
1920 1698 2077 1745 publicari

249 1762 425 1803 contigerit
454 1759 600 1792 eiusdem
630 1760 780 1793 etl'icacic
800 1763 929 1804 vigoris
959 1765 991 1794 et
1019 1764 1220 1794 auctoritatis
1250 1764 1407 1800 existanh
1429 1771 1466 1794 ac
1494 1763 1520 1793 si
1548 1762 1579 1793 in
1609 1759 1722 1803 liguris
1742 1761 1884 1805 proprijs
1904 1759 2076 1803 originalia

250 1819 454 1861 viderentur7
484 1830 523 1852 eo
553 1823 710 1865 precipue
738 1831 810 1853 cum
840 1821 955 1854 eadem
986 1820 1167 1865 Originalia
1198 1822 1322 1867 pridem
1352 1832 1410 1867 per
1446 1820 1640 1854 antedictum
1675 1819 1839 1853 dominum
1878 1824 1910 1853 et
1943 1818 2077 1852 fratrem

248 1884 409 1921 nostrum,
439 1891 479 1913 ac
507 1881 682 1913 nonnullos
712 1880 852 1914 Romani
881 1886 912 1914 et
941 1881 1076 1915 Boemie
1106 1882 1296 1926 Regnorum
1327 1881 1508 1926 Principes.
1539 1880 1687 1913 Barones
1724 1885 1755 1913 et
1789 1890 1948 1925 proceres
1984 1878 2078 1912 nohis

249 1939 368 1973 ibidem
397 1943 428 1973 in
458 1951 600 1985 persona
631 1944 760 1986 propria
790 1946 821 1975 et
849 1944 880 1975 in
909 1945 1082 1987 presencia
1122 1946 1299 1976 constituto
1337 1942 1516 1975 auscultata
1553 1945 1585 1973 et
1618 1943 1806 1973 examinata
1845 1939 1964 1973 suerint
2001 1940 2079 1973 dili-

250 2005 379 2044 genter,
408 2003 492 2034 sicut
520 2004 625 2034 eciam
654 2001 818 2046 predictus
847 2001 997 2036 dominus
1026 2007 1059 2036 et
1087 2002 1189 2036 frater
1217 2007 1330 2036 noster
1357 2004 1543 2046 graciosum
1564 2011 1693 2034 necnon
1722 2000 1868 2033 Illustres
1898 2005 1930 2033 et
1957 2001 2079 2033 excel-

248 2060 357 2095 lentes
386 2064 616 2106 progenitores
645 2066 677 2094 ct
705 2061 968 2096 Predecessores
998 2065 1046 2096 sui
1069 2063 1205 2096 Boemie
1225 2063 1338 2107 Reges
1368 2062 1485 2095 domini
1514 2049 1617 2095 nostri
1646 2063 1676 2094 in
1706 2061 1926 2106 predictorum
1954 2060 2078 2093 Jurium

251 2132 333 2154 vera
362 2125 394 2154 et
422 2124 504 2155 iusta
533 2124 747 2167 possessione
776 2122 894 2156 suerint
922 2126 1170 2168 prescripcione
1204 2128 1384 2168 temporum
1413 2122 1575 2155 diuturna.
1605 2126 1636 2154 et
1664 2122 1803 2154 eandem
1831 2123 2079 2166 possessionem

254 2181 358 2214 dictus
386 2181 488 2215 frater
517 2186 547 2215 et
576 2182 726 2215 dominus
755 2188 868 2216 noster
903 2178 1001 2217 iuste
1025 2188 1193 2218 continuat
1230 2185 1337 2217 diuina
1375 2183 1505 2216 fauente
1543 2183 1735 2219 clemencia,
1775 2183 1814 2215 de
1848 2184 2004 2227 presenti„
2039 2191 2078 2214 ea

253 2246 387 2286 propter
415 2253 474 2275 nos
503 2246 554 2287 qui
584 2253 694 2287 supra,
723 2242 870 2276 Mai-chio
898 2242 1059 2283 Morauie„
1088 2248 1303 2290 promittimus
1332 2243 1415 2276 bona
1444 2242 1506 2275 fide
1527 2246 1598 2275 sine
1619 2243 1691 2275 dolo
1712 2252 1769 2287 pro
1790 2241 1883 2275 nobis
1904 2241 2080 2275 heredibus

254 2306 286 2334 et
314 2294 550 2346 proheredibus
580 2306 700 2336 nostris
721 2302 968 2337 Mai-cliionihus
989 2304 1139 2338 Morauie
1168 2308 1415 2350 imperpetuum„
1446 2303 1583 2335 eundem
1604 2301 1865 2336 Mai-chionatuni
1892 2314 1908 2335 a
1931 2302 2077 2348 predicto

254 2360 474 2395 Sei-eiiissinio
510 2366 656 2408 principe
693 2362 823 2397 domino
860 2368 892 2397 et
924 2364 1028 2398 fratre
1064 2369 1177 2398 nostro
1211 2367 1393 2404 carissimo,
1423 2363 1509 2396 velut
1542 2362 1635 2406 Rege
1665 2363 1811 2408 Boemie‚
1842 2363 2017 2397 heredibus
2047 2367 2080 2395 et

254 2419 510 2456 Successoribus
540 2426 607 2457 suis
638 2423 772 2457 Boeinie
800 2424 947 2469 Regibus
976 2425 1115 2458 dominis
1144 2428 1265 2459 nostris
1294 2428 1325 2458 et
1353 2435 1369 2457 a
1400 2424 1526 2456 Corona
1557 2423 1663 2467 Regni
1694 2424 1839 2463 Boemie„
1869 2423 2017 2469 predicti,
2047 2426 2079 2456 in

254 2479 406 2525 pfeudum
436 2494 509 2516 eum
539 2483 655 2517 debitis
684 2488 717 2517 et
745 2488 912 2520 consuens
941 2485 1225 2530 solempnitatibus
1254 2490 1285 2518 et
1313 2484 1499 2526 cerimonijs
1528 2489 1722 2517 reuerenter
1741 2487 1923 2529 suscipere,
1945 2482 2080 2527 Sibique

254 2546 287 2574 et
314 2541 407 2574 dictis
436 2542 622 2587 heredibus,
644 2549 677 2577 et
704 2545 954 2579 successoribus
982 2549 1014 2579 et
1034 2545 1165 2579 Corone
1194 2545 1332 2591 prefate,
1363 2549 1525 2588 tamquam
1555 2547 1644 2577 veris
1673 2544 1848 2589 ordinarijs
1878 2542 2079 2577 naturalibus

255 2606 286 2634 et
314 2600 521 2646 hereditariis
550 2604 689 2638 dominis
718 2608 838 2640 uostris
867 2605 1029 2640 fidelitatis
1060 2605 1188 2650 Omagij
1219 2605 1438 2639 subieccionis
1467 2608 1498 2636 et
1525 2604 1730 2647 obediencie,
1761 2608 1845 2638 sicut
1873 2608 1904 2638 in
1934 2614 2078 2648 suscep-
