2184 2828
1061 125 1134 159 210

185 244 363 291 placabilis*
392 248 527 291 ipsaque
555 244 698 277 celorum
726 246 841 288 regina
869 246 982 285 nostri,
1016 243 1089 276 dnm
1118 246 1150 276 in
1179 247 1357 289 conspectu
1385 243 1437 277 dei
1470 246 1606 286 steterit2
1641 242 1820 285 recordari⁷
1858 246 1890 276 et
1918 253 2009 277 suam

185 317 200 339 a
230 305 324 339 nobis
354 309 434 339 iram
463 305 614 349 dignetur
642 309 803 339 auertere.
833 315 928 350 quain
957 307 989 337 in
1017 304 1078 337 hac
1107 303 1193 337 valle
1221 303 1426 337 lacrimarum
1454 304 1571 338 exules
1600 306 1659 340 eis.
1689 302 1804 349 quibus
1824 313 2010 348 possumus,

184 367 376 400 deuocionis
404 370 604 399 venerantes
632 364 810 410 obsequiis,
840 369 952 410 vtpotc
981 369 1118 397 matrem
1147 366 1250 397 tocius
1278 366 1402 408 gracie.
1432 367 1550 409 iugiter
1576 364 1797 409 imploramus.
1853 362 2010 396 Preterea

185 427 224 461 de
253 427 387 473 predicti
417 426 546 471 capituli
576 428 676 459 nostri
705 428 921 459 conniuencia
956 429 986 458 et
1022 435 1187 457 consensu
1223 426 1273 457 ius
1306 428 1505 469 patronatus,
1541 424 1626 470 qnod
1660 427 1691 457 in
1726 423 1842 457 eadem
1871 423 2013 457 ecclesia

184 491 216 522 in
245 488 394 532 Pustmyr
422 486 714 532 predecessoribus
744 481 864 519 nostris
885 490 915 518 et
944 485 1037 518 nobis
1067 485 1236 527 hactenus5
1266 484 1338 517 dum
1368 485 1580 530 parrochialis
1601 487 1772 526 existeret,
1794 482 2011 529 competebat,

184 552 216 582 in
247 550 478 582 monasterium
508 549 613 592 ipsum
643 551 673 579 et
701 546 901 580 abbatissam
930 549 1012 579 eius.
1043 556 1105 589 que
1135 556 1220 578 nunc
1249 549 1309 578 est.
1340 549 1371 578 et
1398 555 1461 589 que
1489 556 1548 591 pro
1569 550 1715 590 tempore
1736 544 1842 586 fuerit,
1863 543 1904 577 de
1923 547 2013 577 certa

185 612 330 643 sciencia
360 613 470 641 nostra
500 606 728 640 transferimus
758 611 787 639 et
817 606 1073 639 transfundimus
1102 608 1132 638 in
1163 605 1222 638 biis
1251 607 1391 650 scriptis.
1423 605 1493 646 Que
1513 606 1641 651 quidem
1662 604 1829 638 abbatissa
1848 604 2014 650 ydoneum

184 669 401 716 presbiterum
437 668 619 701 secularem
656 670 752 701 etatis
783 671 907 699 mature
936 678 993 712 pro
1022 666 1169 710 regenda
1199 670 1229 699 et
1258 665 1404 709 gerenda
1425 665 1527 711 plebis
1547 678 1624 699 cura
1654 664 1816 699 tenebitur
1837 664 1877 698 ad
1897 664 2013 698 dictam

184 730 359 763 ecclesiam
389 729 534 762 eiusdem
563 730 754 761 monasterii
779 730 934 772 episcopo
954 731 1157 772 presentare,
1180 738 1239 772 per
1259 729 1361 771 ipsum
1382 728 1568 772 episcopum
1590 729 1620 759 in
1641 729 1831 771 perpetuum
1852 726 2011 759 vicarium

185 789 414 824 instituendum
444 792 475 822 in
505 788 619 822 eadem
649 788 802 821 ecclesia.
832 790 885 832 qui
922 788 1040 832 populo
1076 786 1271 820 ministrabit
1306 786 1528 820 ecclesiastica
1563 790 1782 821 sacramenta.
1838 785 1879 819 Et
1907 785 2013 819 eidem

185 854 309 884 vicario
338 850 378 883 dc
406 849 582 883 redditibus
611 853 641 881 et
670 847 880 893 prouentibns
910 850 1010 893 ipsius
1040 848 1181 880 ecclesie
1211 858 1269 880 sen
1299 850 1483 881 monasterii
1509 858 1655 891 congrua
1676 849 1790 892 porcio
1811 849 2014 891 assignetur,

187 911 226 945 de
254 922 316 956 (pia
346 913 447 956 possit
475 909 612 943 comode
647 911 833 943 sustentari.
863 907 1167 953 archiepiscopalia.
1190 907 1391 953 episcopalia
1420 912 1451 941 et
1469 906 1759 953 archidyaconalia
1779 909 1851 940 iura
1871 905 2013 949 soluere,

186 977 215 1005 et
245 971 306 1004 alia
337 971 396 1004 sibi
426 970 651 1003 incumbent-ia
682 980 783 1002 onera
812 973 1015 1013 supportare.
1073 968 1115 1001 Vt
1150 973 1258 1001 autem
1295 967 1356 1001 hec
1391 971 1497 1001 onmia
1526 967 1625 1001 robur
1659 970 1827 1014 optineant
1855 970 2015 1013 perpetue

185 1033 355 1066 firmitatis.
386 1035 573 1076 presentem
603 1032 756 1075 paginam
786 1028 860 1062 inde
888 1029 969 1064 fieri„
1000 1033 1029 1062 ct
1059 1033 1245 1062 nostrorum
1275 1040 1313 1062 ac
1341 1028 1475 1074 predicti
1503 1028 1633 1074 capituli
1654 1032 1765 1062 nostre
1786 1026 2015 1062 Olomucensis

185 1093 326 1125 ecclesie
355 1091 532 1135 sigillorum
563 1092 810 1136 procnrauiinus
839 1092 1016 1122 munimine
1046 1089 1203 1122 roborari.
1234 1088 1274 1122 Et
1302 1100 1362 1123 nos
1390 1088 1544 1123 Nicolaus
1577 1088 1734 1131 decanus,
1764 1087 2015 1122 Bartholomeus

184 1157 380 1198 prepositus.
411 1151 545 1185 Withco
574 1151 838 1195 archidyaconus
869 1154 900 1183 et
927 1151 1101 1195 capitulum
1131 1150 1274 1183 ecclesie
1303 1148 1530 1183 Olomucensis
1566 1149 1710 1183 ecclesie
1738 1148 1954 1194 parrochialis
1981 1150 2015 1182 in

184 1213 336 1259 Pustniyr
364 1216 394 1246 in
424 1214 658 1245 monasterium
688 1211 910 1244 translacioni.
941 1213 1117 1246 ereccioni.
1147 1212 1379 1244 constitucioni
1399 1214 1431 1243 et
1459 1209 1697 1252 sublimacioni‚
1727 1211 1805 1242 iuris
1824 1212 2014 1255 patronatus

185 1274 406 1308 translacioni.
444 1272 660 1318 omnibusque
696 1276 727 1306 et
763 1272 902 1316 singulis
938 1272 1009 1304 aliis
1045 1273 1225 1316 premissisq
1262 1281 1320 1316 per
1347 1270 1564 1304 renerendmn
1599 1272 1630 1303 in
1660 1269 1788 1303 Christo
1815 1273 1941 1315 pat-rem
1977 1279 2016 1303 ac

185 1335 348 1368 dominum
378 1338 535 1375 nosti-um,
565 1333 729 1366 dominnm
757 1332 955 1365 Johannein.
985 1335 1175 1377 episcopum
1205 1332 1469 1373 montiacensem,
1499 1330 1667 1373 ordinatis,
1692 1332 1820 1364 statutis
1848 1333 1880 1363 et
1907 1328 2014 1372 factis,

186 1399 259 1440 qnia
288 1406 326 1428 ea
356 1397 463 1427 onmia
494 1398 619 1427 matura
649 1393 891 1426 deliberacione
919 1397 1056 1438 pensata
1086 1392 1124 1425 ad
1154 1397 1366 1436 augmentum
1395 1392 1498 1425 cultus
1527 1391 1626 1424 diuini
1655 1395 1687 1424 et
1715 1390 1754 1424 ad
1788 1390 1947 1424 honorem
1976 1400 2016 1424 ac

185 1456 338 1489 decorem
374 1458 486 1488 nostre
522 1455 749 1488 Olomuccnsis
785 1454 928 1487 ecclesie
963 1453 1084 1486 cedere
1118 1453 1257 1486 vidimus
1292 1457 1323 1485 ct
1356 1452 1516 1489 videmusq
1554 1456 1671 1497 sponte
1707 1453 1949 1494 consensimus,
1984 1454 2016 1484 et

186 1518 329 1549 vnanimi
359 1515 527 1548 voluntate
555 1514 657 1548 libere
685 1517 951 1548 consencientes.
982 1518 1126 1547 nostrum
1156 1516 1203 1547 eis
1230 1517 1261 1546 et
1280 1524 1392 1546 eorum
1411 1511 1542 1545 cuilibet
1562 1512 1748 1545 beniuolum
1769 1515 1802 1545 et
1820 1521 2016 1557 expressum

185 1577 226 1610 de
255 1581 343 1610 certa
372 1581 484 1609 nostra
520 1578 663 1609 sciencia
699 1574 904 1620 presentibus
939 1574 1130 1607 adhibemus
1167 1584 1380 1608 consensum.
1434 1572 1476 1606 Et
1510 1575 1541 1606 in
1577 1575 1797 1606 testimonium
1832 1570 2016 1605 huiusmodi

186 1640 286 1671 nostri
316 1647 501 1671 consensus
529 1640 561 1670 ct
588 1635 687 1669 robur
724 1646 763 1669 ac
797 1635 1003 1668 euidenciam
1038 1638 1269 1680 premissorum
1304 1636 1445 1667 omnium
1481 1633 1672 1678 pleniorem,
1709 1632 1850 1677 sigillum
1886 1631 2016 1678 capituli

186 1698 352 1743 sepedicto
381 1697 523 1731 ecclesie
552 1701 663 1730 nostre
684 1696 913 1729 olomucensis
933 1707 999 1729 vna
1019 1706 1092 1729 cum
1112 1695 1229 1740 sigillis
1249 1697 1349 1740 ipsius
1378 1693 1497 1727 domini
1523 1696 1622 1726 nostri
1642 1696 1789 1739 episcopi
1810 1691 2017 1739 presentibus

186 1758 338 1792 duximus
367 1757 628 1803 appendendum.
660 1757 779 1791 Actum
809 1761 841 1789 et
870 1756 987 1789 Datum
1018 1755 1154 1790 Olmucz
1183 1758 1214 1789 in
1243 1755 1295 1788 die
1323 1754 1407 1788 beati
1436 1753 1595 1787 Jeronimi
1624 1753 1828 1788 confessoris
1853 1756 1884 1787 in
1905 1756 2018 1787 nostro

186 1819 327 1864 capitulo
355 1818 516 1864 generali,
546 1828 632 1851 anno
661 1817 782 1851 domini
810 1816 984 1850 Millesimo
1013 1817 1264 1850 Trecentesimo
1293 1814 1563 1859 Quadragesimo.

492 1896 577 1928 (Nach
602 1896 659 1922 dem
679 1896 752 1925 (ii-ig.
779 1896 821 1921 mit
845 1897 909 1920 zwei
934 1895 1163 1921 wohlerhaltenen
1178 1895 1287 1929 Sigillen
1312 1895 1343 1919 im
1368 1892 1673 1919 fursterzbisrliollirhen
1693 1893 1806 1919 Archive
1831 1900 1861 1918 zu
1884 1891 2019 1918 Kremsier

595 1948 806 1981 abgcschricben
834 1948 894 1973 Ant.
919 1947 1048 1979 Boczek.)

1051 2067 1157 2103 291.

332 2145 452 2207 Karl,
480 2163 653 2208 Markgral
680 2175 744 2197 von
778 2163 926 2205 lllalirem
957 2162 1098 2197 verleiht
1131 2163 1205 2197 dem
1240 2163 1344 2197 Ritter
1377 2161 1544 2205 llartegen
1579 2172 1644 2195 von
1679 2159 1854 2194 Vilanders
1883 2171 1936 2194 um
1965 2159 2017 2193 die

190 2224 338 2267 Βία-11516,
368 2225 419 2259 die
449 2236 485 2258 er
513 2224 576 2258 ilnn
598 2224 661 2257 und
683 2227 808 2258 seinem
837 2224 963 2257 Brutlcr
981 2223 1110 2257 Johann
1131 2223 1294 2269 geleistet‚
1315 2222 1366 2255 die
1386 2221 1483 2255 Feste
1504 2221 1712 2255 l'entenstein
1734 2224 1775 2255 im
1794 2219 2016 2255 Patriarchate

189 2286 352 2330 Aquilejm
375 2288 428 2319 mit
448 2285 509 2319 den
525 2284 792 2329 Zugelioriingen
814 2287 854 2317 im
872 2284 974 2318 Thale
990 2284 1130 2327 Cadere,
1157 2283 1243 2317 dann
1259 2283 1317 2317 der
1332 2281 1448 2316 halben
1464 2280 1576 2316 lllauth
1592 2281 1655 2315 und
1671 2281 1741 2316 Zoll
1757 2292 1797 2316 zu
1812 2280 1860 2315 St.
1876 2279 2015 2315 Marten-

194 2344 329 2379 Bellnno
357 2357 408 2379 am
438 2346 485 2379 St.
516 2345 765 2389 Remigiustage
793 2345 844 2389 (⁷¹-
876 2344 1037 2390 (lctobcr)
1068 2344 1175 2378 1340.

494 2425 583 2457 (Orig.
610 2425 642 2459 1111
668 2423 693 2449 li.
720 2424 744 2449 h.
771 2425 910 2453 netu-inicii
937 2424 1050 2449 Archiv(-
1075 2431 1104 2449 zu
1125 2423 1228 2454 W'icn.)
