2184 2828
1026 101 1100 135 832

142 225 196 259 lilii
226 226 275 257 sui
304 228 336 256 et
364 223 502 256 liliorum
531 232 665 255 suorum
695 219 849 262 heredes,
885 219 926 252 ad
960 221 1150 265 petitionem
1180 222 1338 253 nostram.
1368 219 1478 261 gentis
1506 228 1620 252 eorum
1649 220 1837 262 armigerae
1865 221 1897 251 et
1926 227 1987 250 sa-

140 287 295 330 gittariae
324 282 483 324 subsidio,
513 284 586 316 sine
614 279 730 314 fraude
766 285 799 314 et
826 280 912 323 dolo,
948 283 1044 325 prout
1078 279 1195 312 melius
1230 282 1394 324 poterunt,
1431 277 1641 312 adiuuabunt.
1681 277 1718 312 Si
1746 282 1855 311 autem
1884 281 1988 311 metas

142 355 321 390 regnorum
350 348 537 379 nostrorum
567 343 727 387 quispiam
755 341 810 375 vel
838 343 981 386 quipiam
1011 341 1218 384 intrauerint,
1253 349 1314 372 nos
1349 337 1402 371 uel
1430 337 1514 371 lilios
1542 343 1673 373 nostros
1702 342 1756 372 aut
1784 348 1898 372 eorum
1926 337 1990 372 he-

142 406 241 440 redes
270 417 310 439 ac
347 416 451 450 regna
488 406 600 437 nostra
633 401 795 436 hostiliter
826 403 990 435 inuasuri:
1028 411 1073 434 ex
1101 405 1179 434 tunc
1208 401 1281 444 ipse
1309 397 1412 432 frater
1444 402 1568 441 noster,
1598 410 1659 433 rex
1688 398 1845 433 Boemiae
1874 402 1907 432 et
1934 397 1991 432 filii

141 469 192 501 sui
219 477 259 500 ac
287 477 399 499 eorum
431 463 582 506 heredes,
613 474 686 496 cum
716 467 783 496 tota
812 465 959 508 ipsorum
988 463 1135 507 potentia
1167 462 1262 504 regni
1291 459 1461 500 Boemiae,
1491 458 1533 492 ad
1560 461 1807 505 requisitionem
1830 462 1990 500 nostram,

143 527 281 561 filiorum
306 537 365 560 seu
388 524 545 558 heredum
571 527 771 565 nostrorum,
793 526 864 557 siue
885 521 1001 555 fraude
1021 526 1054 555 et
1073 520 1148 555 dolo
1169 520 1390 566 personaliter
1414 523 1588 553 teneantur
1607 524 1640 553 et
1659 519 1800 553 debeant
1820 519 1989 552 adiuuare.

142 587 321 621 Praeterea
350 587 579 631 promittimus,
608 582 767 627 fugitiuos
795 587 828 616 et
862 581 1034 628 profugos,
1071 592 1132 616 seu
1167 580 1331 626 quoslibet
1366 582 1584 626 proscriptos,
1618 579 1659 613 de
1692 590 1798 625 regno
1833 579 1992 613 Boemiae

143 647 185 681 ad
212 658 317 691 regna
346 650 460 679 nostra
489 647 678 687 venientes,
708 643 895 677 nullatenus
930 642 1102 687 colligere,
1137 652 1200 675 nec
1234 652 1293 687 per
1328 643 1515 686 quempiam
1550 644 1737 674 nostrorum
1772 650 1833 674 seu
1861 639 1900 674 ad
1929 649 1991 674 nos

144 709 377 754 pertinentium
412 705 563 749 recolligi
596 709 628 738 et
661 701 785 738 assumi
819 704 1028 748 aliquatenus
1065 705 1244 736 sustinere.
1281 700 1321 735 Et
1358 700 1507 734 similiter
1534 700 1619 734 idem
1646 700 1750 735 frater
1777 704 1902 744 noster,
1931 711 1995 734 rex

145 768 314 810 Boemiae,
344 767 398 800 lilii
427 771 459 800 et
489 765 629 799 filiorum
662 764 826 805 heredes,
864 767 1078 810 proscriptos,
1115 762 1278 809 profugos
1313 766 1346 795 et
1380 761 1538 806 fugitiuos
1573 761 1612 795 de
1646 764 1761 806 regnis
1794 764 1919 795 nostris
1954 760 1996 795 ad

144 839 284 873 regnum
318 827 476 860 Boemiae
513 830 733 861 transeuntes,
767 825 926 869 colligere
960 828 1015 857 aut
1048 834 1109 870 per
1143 826 1329 868 quempiam
1369 822 1408 856 ad
1446 832 1504 855 eos
1533 824 1753 867 spectantium
1781 821 1933 867 recolligi
1960 825 1993 855 in

144 899 250 933 regno
279 887 459 922 Bohemiae
487 892 520 921 et
548 889 616 921 suis
645 887 811 929 contiguis
839 887 1055 931 pertinenciis
1083 884 1273 918 nullatenus
1301 885 1478 929 patientur.
1508 881 1589 926 Inio,
1618 882 1874 916 denunciatione
1895 881 1995 925 facta,

145 949 222 983 hinc
250 948 326 983 inde
359 959 421 995 per
457 958 530 985 nos,
561 957 672 991 reges,
702 945 845 979 heredes
878 949 932 979 aut
967 944 1127 979 officiales
1163 955 1342 992 regnorum
1380 948 1604 988 utrorumque,
1640 946 1845 989 proscriptos
1873 942 1996 977 huius-

146 1009 234 1043 modi
263 1009 304 1043 de
333 1011 447 1053 regnis
475 1010 598 1042 nostris
633 1006 807 1051 utrobique
836 1005 1051 1039 excludemus
1087 1009 1119 1039 et
1151 1004 1285 1039 excludi
1320 1003 1511 1038 omnimode
1545 1003 1718 1038 faciemus.
1748 1003 1940 1047 Praeterea,
1969 1006 1997 1038 si

146 1073 231 1104 inter
257 1080 330 1112 nos,
360 1069 444 1103 filios
473 1073 608 1102 nostros
638 1071 693 1100 aut
720 1066 862 1100 heredes
891 1077 1006 1100 eorum
1029 1076 1080 1101 ⁴ex
1107 1077 1173 1100 una
1195 1069 1306 1111 parte,
1335 1075 1374 1098 ac
1399 1064 1551 1099 dominos
1571 1064 1745 1099 Albertvm
1770 1069 1804 1098 et
1827 1063 1996 1107 Ottonem,

149 1131 252 1164 duces
287 1131 448 1164 Avstriae
482 1134 514 1162 et
549 1128 669 1162 Stiriae
704 1138 743 1160 ac
777 1137 891 1161 eorum
926 1126 1081 1169 heredes,
1116 1137 1160 1160 ex
1195 1126 1310 1169 altera,
1346 1136 1543 1171 quocunque
1576 1130 1725 1171 tempore
1754 1125 1895 1170 aliquam
1924 1124 1998 1159 dis-

149 1191 295 1225 cordiam
332 1202 392 1225 seu
427 1200 584 1235 guerram
617 1191 828 1232 contingeret
862 1187 1023 1229 suboriri,
1059 1198 1102 1221 ex
1137 1191 1214 1221 tunc
1249 1185 1290 1220 ad
1324 1188 1480 1219 unionem
1514 1188 1606 1231 pacis
1635 1190 1667 1219 et
1695 1184 1896 1219 concordiae
1924 1195 1999 1219 cum

150 1255 222 1298 ipso
250 1251 411 1285 deuenire
439 1251 592 1284 nolumus
623 1252 695 1283 sine
725 1252 796 1295 ipso
825 1259 907 1292 rege
935 1248 1095 1282 Boemiae
1124 1253 1155 1282 et
1183 1247 1256 1281 siliis
1285 1249 1354 1282 suis
1384 1258 1423 1281 ac
1451 1245 1638 1289 heredibus,
1668 1245 1728 1280 sub
1751 1248 1872 1280 virtute
1891 1255 1999 1291 prae-

150 1315 215 1346 stiti
244 1314 457 1354 sacramenti,
486 1313 551 1345 nisi
579 1312 727 1356 primitus
756 1309 797 1343 ad
825 1308 888 1342 hoc
916 1308 996 1342 dicti
1025 1308 1134 1342 fratris
1163 1311 1279 1352 nostri,
1308 1311 1400 1353 regis
1430 1307 1601 1350 Boemiae,
1630 1307 1767 1340 filiorum
1795 1316 1940 1349 suorum,
1968 1310 2001 1339 et

151 1373 308 1407 heredum
338 1383 464 1415 eorum,
498 1382 684 1417 expressus
720 1381 908 1404 consensus
944 1372 1129 1404 accesserit
1156 1373 1190 1403 et
1217 1369 1384 1403 voluntas.
1420 1368 1596 1402 Caeterum
1625 1370 1911 1413 quotienscunque
1938 1376 2001 1400 nos

150 1445 265 1479 reges,
293 1433 379 1468 filios
417 1437 450 1467 et
482 1431 624 1466 heredes
661 1436 794 1466 nostros
833 1435 888 1464 aut
922 1435 1041 1475 gentes
1078 1434 1223 1471 nostras,
1257 1429 1462 1476 praestando
1501 1428 1680 1463 subsidium
1719 1433 1773 1461 aut
1809 1427 1907 1461 modo
1936 1427 2001 1461 alio

151 1505 362 1540 quocunque,
393 1495 575 1527 conuenire
604 1494 782 1537 contigerit
816 1491 870 1525 vel
905 1491 1077 1537 placuerit,
1113 1501 1246 1536 semper
1280 1493 1339 1524 tuti
1374 1494 1407 1524 et
1443 1490 1548 1523 illaesi
1575 1499 1651 1523 esse
1679 1487 1861 1522 debeamus
1888 1492 2002 1522 mutuo

151 1560 183 1590 et
210 1557 341 1601 penitus
370 1556 493 1588 securi.
531 1552 625 1587 Haec
658 1555 767 1587 omnia
802 1556 834 1586 et
868 1552 1011 1597 singula,
1046 1551 1107 1586 sub
1142 1554 1265 1585 virtute
1297 1553 1388 1597 prius
1417 1552 1567 1596 praestiti
1594 1549 1812 1584 sacramenti!
1840 1559 1901 1595 pro
1928 1547 2003 1582 filiis

152 1619 275 1651 nostris
313 1620 346 1649 et
381 1613 572 1657 heredibus,
608 1612 668 1648 sub
703 1624 811 1659 poena
849 1614 1206 1646 excommunicationis
1243 1611 1372 1658 papalis
1410 1611 1608 1657 perpetuae!
1644 1612 1863 1656 promittimus
1899 1619 2004 1655 prae-

154 1675 316 1720 sentibus,
346 1673 580 1709 inuiolabiliter
607 1673 791 1708 obseruare
819 1678 853 1707 et
879 1676 952 1720 ipse
980 1675 1079 1706 etiam
1107 1671 1212 1706 frater
1239 1677 1365 1708 noster.
1401 1672 1553 1706 dominus
1587 1681 1650 1704 rex
1676 1669 1836 1704 Boemiae
1863 1680 1924 1716 pro
1954 1680 2004 1713 se,

153 1738 227 1772 filiis
256 1739 326 1772 suis
355 1741 388 1770 et
416 1734 607 1778 heredibus,
636 1734 753 1769 eadem
789 1733 898 1777 nobis,
935 1733 1010 1768 filiis
1046 1735 1172 1767 nostris
1206 1737 1238 1766 et
1266 1732 1455 1775 heredibus,
1491 1735 1680 1774 viceversa,
1715 1734 1811 1776 prout
1841 1732 1874 1764 in
1899 1740 2005 1776 prae-

153 1801 266 1833 missis
291 1797 494 1831 declaratum
519 1795 714 1829 articulatim
739 1797 861 1837 existit,
893 1792 1013 1828 debent
1037 1798 1069 1828 et
1094 1798 1258 1837 tenentur,
1289 1793 1349 1829 sub
1384 1796 1571 1829 ivramento
1603 1796 1635 1826 et
1667 1802 1775 1837 poena
1809 1790 2004 1837 praedictis!

154 1857 430 1902 irrefragabiliter
464 1855 658 1891 obseruare.
697 1855 734 1889 In
768 1865 907 1901 quorum
940 1857 1086 1888 omnium
1125 1859 1157 1888 et
1194 1855 1400 1900 singulorum
1440 1855 1742 1900 superscriptorum
1780 1854 2004 1886 testimonivm

156 1924 188 1953 et
215 1923 408 1965 perpetuam
438 1908 624 1952 firmitatem
662 1915 744 1960 Nos,
781 1916 888 1950 dictus
922 1926 984 1950 rex
1011 1915 1205 1961 Hungariae
1233 1926 1307 1949 cum
1336 1915 1422 1949 dicto
1450 1914 1610 1955 Lvdvico,
1639 1916 1716 1946 nato
1744 1916 1868 1956 nostro,
1898 1922 2005 1958 prae-

153 1985 268 2015 sentes
298 1979 398 2014 scribi
426 1978 567 2013 fecimus
595 1978 718 2020 literas,
750 1977 933 2022 sigillorum
964 1981 1153 2011 nostrorum
1184 1976 1396 2023 pendentium
1435 1977 1613 2009 munimine
1641 1972 1830 2007 roboratas.
1877 1972 2002 2007 Datvm

156 2044 189 2075 in
227 2040 292 2074 alto
330 2044 453 2082 castro,
493 2039 545 2072 die
585 2037 749 2072 dominica
788 2041 939 2084 proxima
974 2042 1051 2071 ante
1079 2037 1199 2072 festum
1228 2039 1409 2072 natiuitatis
1438 2036 1555 2070 heatae
1582 2037 1735 2079 virginis,
1766 2044 1852 2068 auno
1882 2033 2004 2068 domini

157 2100 351 2135 MCCCXX.
383 2103 507 2147 quinto.

474 2186 663 2216 {Almedrurkt
688 2187 729 2213 hei
754 2187 881 2216 Lmlewit.T
906 2188 929 2213 in
955 2187 982 2213 B.
1009 2186 1041 2214 V.
1067 2187 1208 2221 Reliquias.
1234 2186 1297 2212 Μῦς.
1323 2187 1349 2212 S.
1378 2184 1463 2217 483.)
