<?xml version="1.0" encoding="UTF-8"?>
<!DOCTYPE html PUBLIC "-//W3C//DTD XHTML 1.0 Transitional//EN"
    "http://www.w3.org/TR/xhtml1/DTD/xhtml1-transitional.dtd">
<html xmlns="http://www.w3.org/1999/xhtml" xml:lang="en" lang="en">
 <head>
  <title>
</title>
<meta http-equiv="Content-Type" content="text/html;charset=utf-8" />
  <meta name='ocr-system' content='tesseract 3.04.00' />
  <meta name='ocr-capabilities' content='ocr_page ocr_carea ocr_par ocr_line ocrx_word'/>
</head>
<body>
  <div class='ocr_page' id='page_1' title='image "./codexdiplomaticu07morauoft_0916.png"; bbox 0 0 2184 2828; ppageno 0'>
   <div class='ocr_carea' id='block_1_1' title="bbox 1033 140 1105 174">
    <p class='ocr_par' dir='ltr' id='par_1_1' title="bbox 1033 140 1105 174">
     <span class='ocr_line' id='line_1_1' title="bbox 1033 140 1105 174; baseline 0 -1"><span class='ocrx_word' id='word_1_1' title='bbox 1033 140 1105 174; x_wconf 55' lang='lat'>796</span> 
     </span>
    </p>
   </div>
   <div class='ocr_carea' id='block_1_2' title="bbox 141 256 2040 1572">
    <p class='ocr_par' dir='ltr' id='par_1_2' title="bbox 141 256 2040 1572">
     <span class='ocr_line' id='line_1_2' title="bbox 141 256 1993 308; baseline -0.005 -11"><span class='ocrx_word' id='word_1_2' title='bbox 141 264 228 298; x_wconf 84' lang='lat' dir='ltr'>idem</span> <span class='ocrx_word' id='word_1_3' title='bbox 265 263 450 308; x_wconf 87' lang='lat' dir='ltr'>inculpatus</span> <span class='ocrx_word' id='word_1_4' title='bbox 488 261 585 295; x_wconf 85' lang='lat' dir='ltr'>debet</span> <span class='ocrx_word' id='word_1_5' title='bbox 623 269 795 293; x_wconf 85' lang='lat' dir='ltr'>assumere</span> <span class='ocrx_word' id='word_1_6' title='bbox 830 258 912 292; x_wconf 89' lang='lat' dir='ltr'>duos</span> <span class='ocrx_word' id='word_1_7' title='bbox 952 261 1044 291; x_wconf 66' lang='lat' dir='ltr'>viros</span> <span class='ocrx_word' id='word_1_8' title='bbox 1083 256 1238 298; x_wconf 74' lang='lat' dir='ltr'>idoneos,</span> <span class='ocrx_word' id='word_1_9' title='bbox 1277 267 1413 300; x_wconf 84' lang='lat' dir='ltr'>quorum</span> <span class='ocrx_word' id='word_1_10' title='bbox 1453 257 1585 302; x_wconf 82' lang='lat' dir='ltr'>quilibet</span> <span class='ocrx_word' id='word_1_11' title='bbox 1623 257 1660 290; x_wconf 78' lang='lat' dir='ltr'>ad</span> <span class='ocrx_word' id='word_1_12' title='bbox 1698 261 1828 289; x_wconf 86' lang='lat' dir='ltr'>centum</span> <span class='ocrx_word' id='word_1_13' title='bbox 1863 266 1993 289; x_wconf 86' lang='lat' dir='ltr'>marcas</span> 
     </span>
     <span class='ocr_line' id='line_1_3' title="bbox 145 315 1994 368; baseline -0.004 -11"><span class='ocrx_word' id='word_1_14' title='bbox 145 326 275 368; x_wconf 78' lang='lat' dir='ltr'>argenti</span> <span class='ocrx_word' id='word_1_15' title='bbox 306 322 429 356; x_wconf 81' lang='lat' dir='ltr'>habere</span> <span class='ocrx_word' id='word_1_16' title='bbox 458 322 658 355; x_wconf 77' lang='lat' dir='ltr'>dinoscitur:</span> <span class='ocrx_word' id='word_1_17' title='bbox 688 325 720 353; x_wconf 90' lang='lat' dir='ltr'>et</span> <span class='ocrx_word' id='word_1_18' title='bbox 748 320 791 353; x_wconf 88' lang='lat' dir='ltr'>illi</span> <span class='ocrx_word' id='word_1_19' title='bbox 821 319 884 352; x_wconf 88' lang='lat' dir='ltr'>duo</span> <span class='ocrx_word' id='word_1_20' title='bbox 914 328 987 351; x_wconf 89' lang='lat' dir='ltr'>cum</span> <span class='ocrx_word' id='word_1_21' title='bbox 1017 317 1184 362; x_wconf 84' lang='lat' dir='ltr'>inculpato</span> <span class='ocrx_word' id='word_1_22' title='bbox 1207 316 1381 361; x_wconf 76' lang='lat' dir='ltr'>jurabunt.</span> <span class='ocrx_word' id='word_1_23' title='bbox 1412 317 1498 361; x_wconf 88' lang='lat' dir='ltr'>quod</span> <span class='ocrx_word' id='word_1_24' title='bbox 1526 320 1719 351; x_wconf 85' lang='lat' dir='ltr'>societatem</span> <span class='ocrx_word' id='word_1_25' title='bbox 1748 328 1814 350; x_wconf 87' lang='lat' dir='ltr'>uon</span> <span class='ocrx_word' id='word_1_26' title='bbox 1844 315 1994 349; x_wconf 87' lang='lat' dir='ltr'>habuerit</span> 
     </span>
     <span class='ocr_line' id='line_1_4' title="bbox 144 376 1994 428; baseline -0.004 -11"><span class='ocrx_word' id='word_1_27' title='bbox 144 395 218 417; x_wconf 89' lang='lat' dir='ltr'>cum</span> <span class='ocrx_word' id='word_1_28' title='bbox 248 383 430 428; x_wconf 79' lang='lat' dir='ltr'>hospitibus</span> <span class='ocrx_word' id='word_1_29' title='bbox 450 383 672 427; x_wconf 62' lang='lat' dir='ltr'>praenotatis3</span> <span class='ocrx_word' id='word_1_30' title='bbox 702 384 733 413; x_wconf 91' lang='lat' dir='ltr'>et</span> <span class='ocrx_word' id='word_1_31' title='bbox 761 383 786 413; x_wconf 90' lang='lat' dir='ltr'>si</span> <span class='ocrx_word' id='word_1_32' title='bbox 808 379 892 412; x_wconf 87' lang='lat' dir='ltr'>idem</span> <span class='ocrx_word' id='word_1_33' title='bbox 922 378 1105 422; x_wconf 86' lang='lat' dir='ltr'>inculpatus</span> <span class='ocrx_word' id='word_1_34' title='bbox 1135 388 1171 410; x_wconf 89' lang='lat' dir='ltr'>se</span> <span class='ocrx_word' id='word_1_35' title='bbox 1200 387 1392 422; x_wconf 75' lang='lat' dir='ltr'>expurgare</span> <span class='ocrx_word' id='word_1_36' title='bbox 1421 387 1487 410; x_wconf 91' lang='lat' dir='ltr'>non</span> <span class='ocrx_word' id='word_1_37' title='bbox 1506 380 1624 422; x_wconf 90' lang='lat' dir='ltr'>poterit</span> <span class='ocrx_word' id='word_1_38' title='bbox 1652 388 1726 410; x_wconf 88' lang='lat' dir='ltr'>cum</span> <span class='ocrx_word' id='word_1_39' title='bbox 1756 376 1881 410; x_wconf 84' lang='lat' dir='ltr'>(luobus</span> <span class='ocrx_word' id='word_1_40' title='bbox 1910 378 1994 409; x_wconf 82' lang='lat' dir='ltr'>viris</span> 
     </span>
     <span class='ocr_line' id='line_1_5' title="bbox 144 436 1993 488; baseline -0.004 -10"><span class='ocrx_word' id='word_1_41' title='bbox 144 444 284 486; x_wconf 62' lang='lat' dir='ltr'>idoneis,</span> <span class='ocrx_word' id='word_1_42' title='bbox 314 443 400 488; x_wconf 88' lang='lat' dir='ltr'>quod</span> <span class='ocrx_word' id='word_1_43' title='bbox 429 442 549 475; x_wconf 86' lang='lat' dir='ltr'>dictam</span> <span class='ocrx_word' id='word_1_44' title='bbox 579 443 772 474; x_wconf 87' lang='lat' dir='ltr'>societatem</span> <span class='ocrx_word' id='word_1_45' title='bbox 807 450 881 473; x_wconf 85' lang='lat' dir='ltr'>cum</span> <span class='ocrx_word' id='word_1_46' title='bbox 917 437 1100 483; x_wconf 76' lang='lat' dir='ltr'>hospitibus</span> <span class='ocrx_word' id='word_1_47' title='bbox 1130 448 1194 470; x_wconf 86' lang='lat' dir='ltr'>non</span> <span class='ocrx_word' id='word_1_48' title='bbox 1225 436 1392 473; x_wconf 74' lang='lat' dir='ltr'>habuerit,</span> <span class='ocrx_word' id='word_1_49' title='bbox 1431 441 1553 470; x_wconf 81' lang='lat' dir='ltr'>extunc</span> <span class='ocrx_word' id='word_1_50' title='bbox 1581 438 1619 471; x_wconf 89' lang='lat' dir='ltr'>ad</span> <span class='ocrx_word' id='word_1_51' title='bbox 1650 437 1845 471; x_wconf 86' lang='lat' dir='ltr'>solutionem</span> <span class='ocrx_word' id='word_1_52' title='bbox 1876 437 1993 470; x_wconf 86' lang='lat' dir='ltr'>decem</span> 
     </span>
     <span class='ocr_line' id='line_1_6' title="bbox 144 496 1994 547; baseline -0.005 -9"><span class='ocrx_word' id='word_1_53' title='bbox 144 515 331 538; x_wconf 86' lang='lat' dir='ltr'>marcarum</span> <span class='ocrx_word' id='word_1_54' title='bbox 361 505 489 547; x_wconf 83' lang='lat' dir='ltr'>argenti</span> <span class='ocrx_word' id='word_1_55' title='bbox 519 512 648 546; x_wconf 85' lang='lat' dir='ltr'>poenae</span> <span class='ocrx_word' id='word_1_56' title='bbox 676 503 809 534; x_wconf 90' lang='lat' dir='ltr'>nomine</span> <span class='ocrx_word' id='word_1_57' title='bbox 838 504 1006 541; x_wconf 67' lang='lat' dir='ltr'>teneatur,</span> <span class='ocrx_word' id='word_1_58' title='bbox 1037 502 1068 531; x_wconf 87' lang='lat' dir='ltr'>et</span> <span class='ocrx_word' id='word_1_59' title='bbox 1105 497 1335 531; x_wconf 85' lang='lat' dir='ltr'>nichilominus</span> <span class='ocrx_word' id='word_1_60' title='bbox 1360 496 1505 541; x_wconf 63' lang='lat' dir='ltr'>jurabit,</span> <span class='ocrx_word' id='word_1_61' title='bbox 1535 498 1619 542; x_wconf 88' lang='lat' dir='ltr'>quod</span> <span class='ocrx_word' id='word_1_62' title='bbox 1648 498 1769 531; x_wconf 87' lang='lat' dir='ltr'>nullam</span> <span class='ocrx_word' id='word_1_63' title='bbox 1799 499 1994 530; x_wconf 86' lang='lat' dir='ltr'>societatem</span> 
     </span>
     <span class='ocr_line' id='line_1_7' title="bbox 145 557 1993 609; baseline -0.004 -11"><span class='ocrx_word' id='word_1_64' title='bbox 145 575 220 598; x_wconf 86' lang='lat' dir='ltr'>cum</span> <span class='ocrx_word' id='word_1_65' title='bbox 250 562 433 609; x_wconf 71' lang='lat' dir='ltr'>hospitibus</span> <span class='ocrx_word' id='word_1_66' title='bbox 463 562 503 595; x_wconf 88' lang='lat' dir='ltr'>de</span> <span class='ocrx_word' id='word_1_67' title='bbox 532 566 648 594; x_wconf 89' lang='lat' dir='ltr'>cetero</span> <span class='ocrx_word' id='word_1_68' title='bbox 678 571 842 594; x_wconf 81' lang='lat' dir='ltr'>exercere</span> <span class='ocrx_word' id='word_1_69' title='bbox 872 558 990 592; x_wconf 86' lang='lat' dir='ltr'>debeat</span> <span class='ocrx_word' id='word_1_70' title='bbox 1026 558 1081 591; x_wconf 76' lang='lat' dir='ltr'>vet</span> <span class='ocrx_word' id='word_1_71' title='bbox 1119 557 1254 591; x_wconf 87' lang='lat' dir='ltr'>habere.</span> <span class='ocrx_word' id='word_1_72' title='bbox 1311 557 1391 591; x_wconf 88' lang='lat' dir='ltr'>Item</span> <span class='ocrx_word' id='word_1_73' title='bbox 1421 561 1625 599; x_wconf 65' lang='lat' dir='ltr'>statuerunt,</span> <span class='ocrx_word' id='word_1_74' title='bbox 1655 557 1739 602; x_wconf 88' lang='lat' dir='ltr'>quod</span> <span class='ocrx_word' id='word_1_75' title='bbox 1770 557 1878 590; x_wconf 88' lang='lat' dir='ltr'>nullus</span> <span class='ocrx_word' id='word_1_76' title='bbox 1907 559 1993 590; x_wconf 79' lang='lat' dir='ltr'>civis</span> 
     </span>
     <span class='ocr_line' id='line_1_8' title="bbox 144 617 1994 669; baseline -0.004 -11"><span class='ocrx_word' id='word_1_77' title='bbox 144 627 315 669; x_wconf 85' lang='lat' dir='ltr'>utriusque</span> <span class='ocrx_word' id='word_1_78' title='bbox 335 624 479 657; x_wconf 83' lang='lat' dir='ltr'>civitatis</span> <span class='ocrx_word' id='word_1_79' title='bbox 507 623 720 655; x_wconf 87' lang='lat' dir='ltr'>mercimonia</span> <span class='ocrx_word' id='word_1_80' title='bbox 750 621 856 665; x_wconf 88' lang='lat' dir='ltr'>aliqua</span> <span class='ocrx_word' id='word_1_81' title='bbox 885 618 925 652; x_wconf 89' lang='lat' dir='ltr'>ab</span> <span class='ocrx_word' id='word_1_82' title='bbox 955 618 1063 663; x_wconf 88' lang='lat' dir='ltr'>aliquo</span> <span class='ocrx_word' id='word_1_83' title='bbox 1092 620 1168 652; x_wconf 86' lang='lat' dir='ltr'>cive</span> <span class='ocrx_word' id='word_1_84' title='bbox 1197 618 1238 651; x_wconf 87' lang='lat' dir='ltr'>de</span> <span class='ocrx_word' id='word_1_85' title='bbox 1258 617 1412 651; x_wconf 87' lang='lat' dir='ltr'>Flandria</span> <span class='ocrx_word' id='word_1_86' title='bbox 1441 617 1496 651; x_wconf 80' lang='lat' dir='ltr'>vel</span> <span class='ocrx_word' id='word_1_87' title='bbox 1525 617 1565 651; x_wconf 89' lang='lat' dir='ltr'>de</span> <span class='ocrx_word' id='word_1_88' title='bbox 1592 617 1741 651; x_wconf 88' lang='lat' dir='ltr'>Venetiis</span> <span class='ocrx_word' id='word_1_89' title='bbox 1771 621 1824 650; x_wconf 89' lang='lat' dir='ltr'>aut</span> <span class='ocrx_word' id='word_1_90' title='bbox 1853 617 1892 650; x_wconf 87' lang='lat' dir='ltr'>de</span> <span class='ocrx_word' id='word_1_91' title='bbox 1921 617 1994 650; x_wconf 87' lang='lat' dir='ltr'>aliis</span> 
     </span>
     <span class='ocr_line' id='line_1_9' title="bbox 144 677 1994 729; baseline -0.004 -11"><span class='ocrx_word' id='word_1_92' title='bbox 144 683 337 729; x_wconf 79' lang='lat' dir='ltr'>regionibus</span> <span class='ocrx_word' id='word_1_93' title='bbox 358 682 609 727; x_wconf 84' lang='lat' dir='ltr'>quibuscunque</span> <span class='ocrx_word' id='word_1_94' title='bbox 637 684 669 714; x_wconf 92' lang='lat' dir='ltr'>in</span> <span class='ocrx_word' id='word_1_95' title='bbox 698 680 887 726; x_wconf 87' lang='lat' dir='ltr'>praedictas</span> <span class='ocrx_word' id='word_1_96' title='bbox 917 681 1070 713; x_wconf 74' lang='lat' dir='ltr'>civitates</span> <span class='ocrx_word' id='word_1_97' title='bbox 1091 678 1215 712; x_wconf 87' lang='lat' dir='ltr'>ducere</span> <span class='ocrx_word' id='word_1_98' title='bbox 1243 677 1341 711; x_wconf 87' lang='lat' dir='ltr'>debet</span> <span class='ocrx_word' id='word_1_99' title='bbox 1369 677 1490 711; x_wconf 86' lang='lat' dir='ltr'>ibidem</span> <span class='ocrx_word' id='word_1_100' title='bbox 1511 678 1607 711; x_wconf 87' lang='lat' dir='ltr'>alicui</span> <span class='ocrx_word' id='word_1_101' title='bbox 1636 680 1757 712; x_wconf 76' lang='lat' dir='ltr'>civium</span> <span class='ocrx_word' id='word_1_102' title='bbox 1779 677 1994 721; x_wconf 72' lang='lat' dir='ltr'>assignanda,</span> 
     </span>
     <span class='ocr_line' id='line_1_10' title="bbox 144 737 1996 784; baseline -0.004 -6"><span class='ocrx_word' id='word_1_103' title='bbox 144 747 207 779; x_wconf 89' lang='lat' dir='ltr'>nisi</span> <span class='ocrx_word' id='word_1_104' title='bbox 236 745 363 777; x_wconf 85' lang='lat' dir='ltr'>literam</span> <span class='ocrx_word' id='word_1_105' title='bbox 394 742 647 776; x_wconf 73' lang='lat' dir='ltr'>testimonialem</span> <span class='ocrx_word' id='word_1_106' title='bbox 682 740 804 774; x_wconf 86' lang='lat' dir='ltr'>habeat</span> <span class='ocrx_word' id='word_1_107' title='bbox 832 740 989 781; x_wconf 65' lang='lat' dir='ltr'>eandem.</span> <span class='ocrx_word' id='word_1_108' title='bbox 1020 750 1117 783; x_wconf 90' lang='lat' dir='ltr'>quam</span> <span class='ocrx_word' id='word_1_109' title='bbox 1147 741 1231 773; x_wconf 83' lang='lat' dir='ltr'>civis</span> <span class='ocrx_word' id='word_1_110' title='bbox 1260 739 1377 784; x_wconf 77' lang='lat' dir='ltr'>aliquis</span> <span class='ocrx_word' id='word_1_111' title='bbox 1407 750 1451 772; x_wconf 81' lang='lat' dir='ltr'>ex</span> <span class='ocrx_word' id='word_1_112' title='bbox 1479 740 1560 784; x_wconf 88' lang='lat' dir='ltr'>ipsis</span> <span class='ocrx_word' id='word_1_113' title='bbox 1597 737 1785 772; x_wconf 85' lang='lat' dir='ltr'>civitatibus</span> <span class='ocrx_word' id='word_1_114' title='bbox 1814 748 1873 783; x_wconf 87' lang='lat' dir='ltr'>pro</span> <span class='ocrx_word' id='word_1_115' title='bbox 1902 748 1996 770; x_wconf 90' lang='lat' dir='ltr'>mer—-</span> 
     </span>
     <span class='ocr_line' id='line_1_11' title="bbox 145 797 1996 849; baseline -0.004 -11"><span class='ocrx_word' id='word_1_116' title='bbox 145 807 298 838; x_wconf 78' lang='lat' dir='ltr'>cimoniis</span> <span class='ocrx_word' id='word_1_117' title='bbox 328 803 448 849; x_wconf 87' lang='lat' dir='ltr'>hospiti</span> <span class='ocrx_word' id='word_1_118' title='bbox 477 813 537 837; x_wconf 91' lang='lat' dir='ltr'>suo</span> <span class='ocrx_word' id='word_1_119' title='bbox 566 802 607 835; x_wconf 87' lang='lat' dir='ltr'>ad</span> <span class='ocrx_word' id='word_1_120' title='bbox 636 806 754 848; x_wconf 73' lang='lat' dir='ltr'>,partes</span> <span class='ocrx_word' id='word_1_121' title='bbox 784 800 970 846; x_wconf 86' lang='lat' dir='ltr'>praedictas</span> <span class='ocrx_word' id='word_1_122' title='bbox 999 799 1181 833; x_wconf 82' lang='lat' dir='ltr'>dinoscitur</span> <span class='ocrx_word' id='word_1_123' title='bbox 1218 799 1425 841; x_wconf 76' lang='lat' dir='ltr'>destinasse;</span> <span class='ocrx_word' id='word_1_124' title='bbox 1455 803 1487 832; x_wconf 89' lang='lat' dir='ltr'>et</span> <span class='ocrx_word' id='word_1_125' title='bbox 1514 802 1542 833; x_wconf 87' lang='lat' dir='ltr'>si</span> <span class='ocrx_word' id='word_1_126' title='bbox 1574 798 1690 845; x_wconf 86' lang='lat' dir='ltr'>aliquis</span> <span class='ocrx_word' id='word_1_127' title='bbox 1720 801 1804 832; x_wconf 71' lang='lat' dir='ltr'>civis</span> <span class='ocrx_word' id='word_1_128' title='bbox 1833 797 1996 844; x_wconf 89' lang='lat' dir='ltr'>praedic-</span> 
     </span>
     <span class='ocr_line' id='line_1_12' title="bbox 144 858 1994 908; baseline -0.004 -9"><span class='ocrx_word' id='word_1_129' title='bbox 144 871 250 899; x_wconf 84' lang='lat' dir='ltr'>tarum</span> <span class='ocrx_word' id='word_1_130' title='bbox 271 867 442 898; x_wconf 88' lang='lat' dir='ltr'>civitatum</span> <span class='ocrx_word' id='word_1_131' title='bbox 472 863 580 908; x_wconf 88' lang='lat' dir='ltr'>aliqua</span> <span class='ocrx_word' id='word_1_132' title='bbox 601 864 816 895; x_wconf 88' lang='lat' dir='ltr'>mercimonia</span> <span class='ocrx_word' id='word_1_133' title='bbox 846 863 917 894; x_wconf 84' lang='lat' dir='ltr'>sine</span> <span class='ocrx_word' id='word_1_134' title='bbox 946 860 1032 893; x_wconf 86' lang='lat' dir='ltr'>dicta</span> <span class='ocrx_word' id='word_1_135' title='bbox 1052 860 1144 893; x_wconf 89' lang='lat' dir='ltr'>litera</span> <span class='ocrx_word' id='word_1_136' title='bbox 1172 862 1205 893; x_wconf 92' lang='lat' dir='ltr'>in</span> <span class='ocrx_word' id='word_1_137' title='bbox 1234 860 1325 905; x_wconf 88' lang='lat' dir='ltr'>ipsas</span> <span class='ocrx_word' id='word_1_138' title='bbox 1347 862 1500 893; x_wconf 79' lang='lat' dir='ltr'>civitates</span> <span class='ocrx_word' id='word_1_139' title='bbox 1530 858 1570 893; x_wconf 87' lang='lat' dir='ltr'>de</span> <span class='ocrx_word' id='word_1_140' title='bbox 1598 859 1849 905; x_wconf 84' lang='lat' dir='ltr'>quibuscunque</span> <span class='ocrx_word' id='word_1_141' title='bbox 1877 861 1994 903; x_wconf 84' lang='lat' dir='ltr'>regio-</span> 
     </span>
     <span class='ocr_line' id='line_1_13' title="bbox 145 918 1996 967; baseline -0.003 -8"><span class='ocrx_word' id='word_1_142' title='bbox 145 925 241 959; x_wconf 84' lang='lat' dir='ltr'>nibus</span> <span class='ocrx_word' id='word_1_143' title='bbox 262 924 404 967; x_wconf 72' lang='lat' dir='ltr'>duxerit‚</span> <span class='ocrx_word' id='word_1_144' title='bbox 432 924 486 957; x_wconf 90' lang='lat' dir='ltr'>ille</span> <span class='ocrx_word' id='word_1_145' title='bbox 506 923 592 956; x_wconf 89' lang='lat' dir='ltr'>idem</span> <span class='ocrx_word' id='word_1_146' title='bbox 613 924 696 955; x_wconf 69' lang='lat' dir='ltr'>civis</span> <span class='ocrx_word' id='word_1_147' title='bbox 717 926 783 955; x_wconf 86' lang='lat' dir='ltr'>tres</span> <span class='ocrx_word' id='word_1_148' title='bbox 810 932 940 954; x_wconf 86' lang='lat' dir='ltr'>marcas</span> <span class='ocrx_word' id='word_1_149' title='bbox 962 923 1091 965; x_wconf 84' lang='lat' dir='ltr'>argenti</span> <span class='ocrx_word' id='word_1_150' title='bbox 1117 925 1149 954; x_wconf 88' lang='lat' dir='ltr'>et</span> <span class='ocrx_word' id='word_1_151' title='bbox 1169 923 1315 966; x_wconf 84' lang='lat' dir='ltr'>quintum</span> <span class='ocrx_word' id='word_1_152' title='bbox 1344 920 1515 953; x_wconf 90' lang='lat' dir='ltr'>denarium</span> <span class='ocrx_word' id='word_1_153' title='bbox 1535 919 1575 953; x_wconf 90' lang='lat' dir='ltr'>de</span> <span class='ocrx_word' id='word_1_154' title='bbox 1600 921 1825 953; x_wconf 83' lang='lat' dir='ltr'>mercimoniis</span> <span class='ocrx_word' id='word_1_155' title='bbox 1847 918 1996 953; x_wconf 82' lang='lat' dir='ltr'>adductis</span> 
     </span>
     <span class='ocr_line' id='line_1_14' title="bbox 144 980 1995 1030; baseline -0.004 -11"><span class='ocrx_word' id='word_1_156' title='bbox 144 989 277 1019; x_wconf 84' lang='lat' dir='ltr'>nomine</span> <span class='ocrx_word' id='word_1_157' title='bbox 305 994 435 1030; x_wconf 82' lang='lat' dir='ltr'>poenae</span> <span class='ocrx_word' id='word_1_158' title='bbox 456 983 535 1017; x_wconf 87' lang='lat' dir='ltr'>dare</span> <span class='ocrx_word' id='word_1_159' title='bbox 564 987 597 1016; x_wconf 89' lang='lat' dir='ltr'>et</span> <span class='ocrx_word' id='word_1_160' title='bbox 625 982 807 1015; x_wconf 76' lang='lat' dir='ltr'>exsolvere</span> <span class='ocrx_word' id='word_1_161' title='bbox 836 985 997 1014; x_wconf 87' lang='lat' dir='ltr'>teneatur.</span> <span class='ocrx_word' id='word_1_162' title='bbox 1031 980 1223 1014; x_wconf 87' lang='lat' dir='ltr'>Statuerunt</span> <span class='ocrx_word' id='word_1_163' title='bbox 1247 984 1345 1014; x_wconf 85' lang='lat' dir='ltr'>etiam</span> <span class='ocrx_word' id='word_1_164' title='bbox 1372 984 1406 1013; x_wconf 89' lang='lat' dir='ltr'>ut</span> <span class='ocrx_word' id='word_1_165' title='bbox 1426 991 1499 1013; x_wconf 90' lang='lat' dir='ltr'>cum</span> <span class='ocrx_word' id='word_1_166' title='bbox 1519 982 1730 1025; x_wconf 81' lang='lat' dir='ltr'>praescriptis</span> <span class='ocrx_word' id='word_1_167' title='bbox 1760 981 1876 1025; x_wconf 85' lang='lat' dir='ltr'>poenis</span> <span class='ocrx_word' id='word_1_168' title='bbox 1900 982 1995 1022; x_wconf 78' lang='lat' dir='ltr'>muri,</span> 
     </span>
     <span class='ocr_line' id='line_1_15' title="bbox 142 1038 1997 1090; baseline -0.004 -11"><span class='ocrx_word' id='word_1_169' title='bbox 142 1051 267 1082; x_wconf 76' lang='lat' dir='ltr'>turres.</span> <span class='ocrx_word' id='word_1_170' title='bbox 305 1049 425 1090; x_wconf 90' lang='lat' dir='ltr'>pontes</span> <span class='ocrx_word' id='word_1_171' title='bbox 466 1044 579 1083; x_wconf 76' lang='lat' dir='ltr'>fracti,</span> <span class='ocrx_word' id='word_1_172' title='bbox 609 1045 697 1077; x_wconf 75' lang='lat' dir='ltr'>viae.</span> <span class='ocrx_word' id='word_1_173' title='bbox 727 1045 866 1076; x_wconf 89' lang='lat' dir='ltr'>semitae</span> <span class='ocrx_word' id='word_1_174' title='bbox 900 1046 931 1075; x_wconf 91' lang='lat' dir='ltr'>et</span> <span class='ocrx_word' id='word_1_175' title='bbox 964 1042 1016 1074; x_wconf 91' lang='lat' dir='ltr'>alii</span> <span class='ocrx_word' id='word_1_176' title='bbox 1055 1040 1206 1075; x_wconf 86' lang='lat' dir='ltr'>defectus</span> <span class='ocrx_word' id='word_1_177' title='bbox 1243 1043 1432 1083; x_wconf 66' lang='lat' dir='ltr'>civitatum.</span> <span class='ocrx_word' id='word_1_178' title='bbox 1466 1042 1654 1086; x_wconf 90' lang='lat' dir='ltr'>quicunque</span> <span class='ocrx_word' id='word_1_179' title='bbox 1691 1039 1823 1082; x_wconf 73' lang='lat' dir='ltr'>fuerint,</span> <span class='ocrx_word' id='word_1_180' title='bbox 1854 1038 1997 1073; x_wconf 83' lang='lat' dir='ltr'>debeant</span> 
     </span>
     <span class='ocr_line' id='line_1_16' title="bbox 144 1099 2040 1148; baseline -0.003 -8"><span class='ocrx_word' id='word_1_181' title='bbox 144 1106 325 1140; x_wconf 84' lang='lat' dir='ltr'>emendari.</span> <span class='ocrx_word' id='word_1_182' title='bbox 381 1105 559 1138; x_wconf 85' lang='lat' dir='ltr'>Praeterea</span> <span class='ocrx_word' id='word_1_183' title='bbox 588 1103 762 1141; x_wconf 71' lang='lat' dir='ltr'>volumus.</span> <span class='ocrx_word' id='word_1_184' title='bbox 792 1107 826 1136; x_wconf 85' lang='lat' dir='ltr'>ut</span> <span class='ocrx_word' id='word_1_185' title='bbox 860 1102 1029 1148; x_wconf 88' lang='lat' dir='ltr'>praedicta</span> <span class='ocrx_word' id='word_1_186' title='bbox 1068 1106 1188 1135; x_wconf 84' lang='lat' dir='ltr'>statuta</span> <span class='ocrx_word' id='word_1_187' title='bbox 1224 1101 1264 1135; x_wconf 92' lang='lat' dir='ltr'>ad</span> <span class='ocrx_word' id='word_1_188' title='bbox 1294 1101 1497 1134; x_wconf 89' lang='lat' dir='ltr'>Reinherum</span> <span class='ocrx_word' id='word_1_189' title='bbox 1527 1100 1567 1134; x_wconf 89' lang='lat' dir='ltr'>de</span> <span class='ocrx_word' id='word_1_190' title='bbox 1598 1100 1766 1134; x_wconf 87' lang='lat' dir='ltr'>Florentia</span> <span class='ocrx_word' id='word_1_191' title='bbox 1795 1104 1826 1133; x_wconf 89' lang='lat' dir='ltr'>et</span> <span class='ocrx_word' id='word_1_192' title='bbox 1855 1099 1894 1133; x_wconf 90' lang='lat' dir='ltr'>ad</span> <span class='ocrx_word' id='word_1_193' title='bbox 1923 1101 1996 1144; x_wconf 87' lang='lat' dir='ltr'>ejus</span> <span class='ocrx_word' id='word_1_194' title='bbox 2033 1121 2040 1125; x_wconf 84' lang='lat'><em>-</em></span> 
     </span>
     <span class='ocr_line' id='line_1_17' title="bbox 144 1159 1995 1209; baseline -0.004 -9"><span class='ocrx_word' id='word_1_195' title='bbox 144 1169 339 1200; x_wconf 86' lang='lat' dir='ltr'>societatem</span> <span class='ocrx_word' id='word_1_196' title='bbox 369 1176 405 1199; x_wconf 88' lang='lat' dir='ltr'>se</span> <span class='ocrx_word' id='word_1_197' title='bbox 434 1165 640 1209; x_wconf 87' lang='lat' dir='ltr'>aliquatenus</span> <span class='ocrx_word' id='word_1_198' title='bbox 669 1174 735 1197; x_wconf 91' lang='lat' dir='ltr'>non</span> <span class='ocrx_word' id='word_1_199' title='bbox 764 1163 958 1196; x_wconf 80' lang='lat' dir='ltr'>extendant.</span> <span class='ocrx_word' id='word_1_200' title='bbox 987 1161 1056 1195; x_wconf 83' lang='lat' dir='ltr'>Nos</span> <span class='ocrx_word' id='word_1_201' title='bbox 1088 1167 1197 1196; x_wconf 88' lang='lat' dir='ltr'>autem</span> <span class='ocrx_word' id='word_1_202' title='bbox 1216 1161 1460 1207; x_wconf 87' lang='lat' dir='ltr'>praedictorum</span> <span class='ocrx_word' id='word_1_203' title='bbox 1490 1163 1611 1195; x_wconf 86' lang='lat' dir='ltr'>civium</span> <span class='ocrx_word' id='word_1_204' title='bbox 1639 1159 1934 1206; x_wconf 80' lang='lat' dir='ltr'>supplicationibus</span> <span class='ocrx_word' id='word_1_205' title='bbox 1961 1163 1995 1194; x_wconf 90' lang='lat' dir='ltr'>in</span> 
     </span>
     <span class='ocr_line' id='line_1_18' title="bbox 144 1221 1996 1273; baseline -0.004 -12"><span class='ocrx_word' id='word_1_206' title='bbox 144 1228 208 1261; x_wconf 89' lang='lat' dir='ltr'>hac</span> <span class='ocrx_word' id='word_1_207' title='bbox 237 1232 331 1273; x_wconf 88' lang='lat' dir='ltr'>parte</span> <span class='ocrx_word' id='word_1_208' title='bbox 360 1225 589 1260; x_wconf 82' lang='lat' dir='ltr'>favorabiliter</span> <span class='ocrx_word' id='word_1_209' title='bbox 617 1224 762 1258; x_wconf 87' lang='lat' dir='ltr'>inclinati</span> <span class='ocrx_word' id='word_1_210' title='bbox 792 1223 959 1269; x_wconf 88' lang='lat' dir='ltr'>praedicta</span> <span class='ocrx_word' id='word_1_211' title='bbox 995 1227 1131 1256; x_wconf 85' lang='lat' dir='ltr'>statuta.</span> <span class='ocrx_word' id='word_1_212' title='bbox 1161 1227 1258 1268; x_wconf 85' lang='lat' dir='ltr'>prout</span> <span class='ocrx_word' id='word_1_213' title='bbox 1293 1225 1444 1267; x_wconf 90' lang='lat' dir='ltr'>superius</span> <span class='ocrx_word' id='word_1_214' title='bbox 1473 1226 1548 1255; x_wconf 86' lang='lat' dir='ltr'>sunt</span> <span class='ocrx_word' id='word_1_215' title='bbox 1575 1232 1750 1267; x_wconf 80' lang='lat' dir='ltr'>expressa.</span> <span class='ocrx_word' id='word_1_216' title='bbox 1780 1221 1934 1255; x_wconf 82' lang='lat' dir='ltr'>volumus</span> <span class='ocrx_word' id='word_1_217' title='bbox 1962 1225 1996 1254; x_wconf 86' lang='lat' dir='ltr'>et</span> 
     </span>
     <span class='ocr_line' id='line_1_19' title="bbox 146 1281 1996 1329; baseline -0.004 -8"><span class='ocrx_word' id='word_1_218' title='bbox 146 1287 339 1321; x_wconf 81' lang='lat' dir='ltr'>mandamus</span> <span class='ocrx_word' id='word_1_219' title='bbox 368 1285 605 1320; x_wconf 82' lang='lat' dir='ltr'>inviolabiliter</span> <span class='ocrx_word' id='word_1_220' title='bbox 633 1284 820 1318; x_wconf 86' lang='lat' dir='ltr'>observari.</span> <span class='ocrx_word' id='word_1_221' title='bbox 864 1283 900 1317; x_wconf 92' lang='lat' dir='ltr'>In</span> <span class='ocrx_word' id='word_1_222' title='bbox 930 1294 1068 1329; x_wconf 89' lang='lat' dir='ltr'>quorum</span> <span class='ocrx_word' id='word_1_223' title='bbox 1098 1285 1243 1316; x_wconf 92' lang='lat' dir='ltr'>omnium</span> <span class='ocrx_word' id='word_1_224' title='bbox 1273 1285 1496 1316; x_wconf 88' lang='lat' dir='ltr'>testimonium</span> <span class='ocrx_word' id='word_1_225' title='bbox 1527 1286 1559 1314; x_wconf 89' lang='lat' dir='ltr'>et</span> <span class='ocrx_word' id='word_1_226' title='bbox 1586 1281 1686 1315; x_wconf 85' lang='lat' dir='ltr'>robur</span> <span class='ocrx_word' id='word_1_227' title='bbox 1714 1285 1875 1327; x_wconf 88' lang='lat' dir='ltr'>perpetuo</span> <span class='ocrx_word' id='word_1_228' title='bbox 1904 1281 1996 1315; x_wconf 88' lang='lat' dir='ltr'>vali-</span> 
     </span>
     <span class='ocr_line' id='line_1_20' title="bbox 145 1341 1995 1393; baseline -0.004 -11"><span class='ocrx_word' id='word_1_229' title='bbox 145 1353 251 1382; x_wconf 90' lang='lat' dir='ltr'>turum</span> <span class='ocrx_word' id='word_1_230' title='bbox 279 1351 478 1393; x_wconf 83' lang='lat' dir='ltr'>praesentes</span> <span class='ocrx_word' id='word_1_231' title='bbox 506 1346 618 1379; x_wconf 88' lang='lat' dir='ltr'>literas</span> <span class='ocrx_word' id='word_1_232' title='bbox 640 1345 711 1378; x_wconf 87' lang='lat' dir='ltr'>sieri</span> <span class='ocrx_word' id='word_1_233' title='bbox 740 1349 771 1378; x_wconf 87' lang='lat' dir='ltr'>et</span> <span class='ocrx_word' id='word_1_234' title='bbox 799 1345 917 1388; x_wconf 79' lang='lat' dir='ltr'>sigillis</span> <span class='ocrx_word' id='word_1_235' title='bbox 946 1345 1130 1388; x_wconf 86' lang='lat' dir='ltr'>majestatis</span> <span class='ocrx_word' id='word_1_236' title='bbox 1158 1346 1281 1377; x_wconf 90' lang='lat' dir='ltr'>nostris</span> <span class='ocrx_word' id='word_1_237' title='bbox 1296 1344 1456 1387; x_wconf 85' lang='lat' dir='ltr'>jussimus</span> <span class='ocrx_word' id='word_1_238' title='bbox 1485 1344 1689 1377; x_wconf 74' lang='lat' dir='ltr'>communiri.</span> <span class='ocrx_word' id='word_1_239' title='bbox 1720 1341 1840 1375; x_wconf 91' lang='lat' dir='ltr'>Datum</span> <span class='ocrx_word' id='word_1_240' title='bbox 1861 1341 1995 1375; x_wconf 87' lang='lat' dir='ltr'>Brunae</span> 
     </span>
     <span class='ocr_line' id='line_1_21' title="bbox 144 1401 1996 1455; baseline -0.004 -13"><span class='ocrx_word' id='word_1_241' title='bbox 144 1420 204 1455; x_wconf 87' lang='lat' dir='ltr'>per</span> <span class='ocrx_word' id='word_1_242' title='bbox 232 1419 350 1442; x_wconf 86' lang='lat' dir='ltr'>manus</span> <span class='ocrx_word' id='word_1_243' title='bbox 370 1406 574 1441; x_wconf 76' lang='lat' dir='ltr'>venerabilis</span> <span class='ocrx_word' id='word_1_244' title='bbox 596 1406 682 1439; x_wconf 89' lang='lat' dir='ltr'>Petri</span> <span class='ocrx_word' id='word_1_245' title='bbox 712 1405 906 1439; x_wconf 86' lang='lat' dir='ltr'>Basiliensis</span> <span class='ocrx_word' id='word_1_246' title='bbox 933 1407 1093 1450; x_wconf 78' lang='lat' dir='ltr'>episcopi.</span> <span class='ocrx_word' id='word_1_247' title='bbox 1114 1403 1423 1449; x_wconf 75' lang='lat' dir='ltr'>Wyssegradensis</span> <span class='ocrx_word' id='word_1_248' title='bbox 1444 1405 1634 1448; x_wconf 70' lang='lat' dir='ltr'>praepositi,</span> <span class='ocrx_word' id='word_1_249' title='bbox 1655 1404 1818 1447; x_wconf 77' lang='lat' dir='ltr'>regnique</span> <span class='ocrx_word' id='word_1_250' title='bbox 1839 1401 1996 1451; x_wconf 85' lang='lat' dir='ltr'>Boemiae</span> 
     </span>
     <span class='ocr_line' id='line_1_22' title="bbox 142 1462 1996 1513; baseline -0.004 -10"><span class='ocrx_word' id='word_1_251' title='bbox 142 1469 346 1504; x_wconf 87' lang='lat' dir='ltr'>cancellarii.</span> <span class='ocrx_word' id='word_1_252' title='bbox 376 1470 534 1513; x_wconf 85' lang='lat' dir='ltr'>principis</span> <span class='ocrx_word' id='word_1_253' title='bbox 562 1470 665 1501; x_wconf 88' lang='lat' dir='ltr'>nostri</span> <span class='ocrx_word' id='word_1_254' title='bbox 696 1466 817 1500; x_wconf 71' lang='lat' dir='ltr'>dilecti.</span> <span class='ocrx_word' id='word_1_255' title='bbox 848 1476 934 1499; x_wconf 90' lang='lat' dir='ltr'>anno</span> <span class='ocrx_word' id='word_1_256' title='bbox 964 1466 1097 1499; x_wconf 91' lang='lat' dir='ltr'>domino</span> <span class='ocrx_word' id='word_1_257' title='bbox 1126 1464 1304 1498; x_wconf 83' lang='lat' dir='ltr'>Millesimo</span> <span class='ocrx_word' id='word_1_258' title='bbox 1334 1463 1474 1497; x_wconf 87' lang='lat' dir='ltr'>CCCiiii.</span> <span class='ocrx_word' id='word_1_259' title='bbox 1504 1462 1546 1496; x_wconf 83' lang='lat' dir='ltr'>X.</span> <span class='ocrx_word' id='word_1_260' title='bbox 1567 1462 1733 1496; x_wconf 82' lang='lat' dir='ltr'>Kalendas</span> <span class='ocrx_word' id='word_1_261' title='bbox 1753 1462 1853 1505; x_wconf 61' lang='lat' dir='ltr'>Junii.</span> <span class='ocrx_word' id='word_1_262' title='bbox 1882 1462 1996 1496; x_wconf 87' lang='lat' dir='ltr'>indic-</span> 
     </span>
     <span class='ocr_line' id='line_1_23' title="bbox 146 1524 1630 1572; baseline -0.005 -9"><span class='ocrx_word' id='word_1_263' title='bbox 146 1533 234 1564; x_wconf 89' lang='lat' dir='ltr'>tione</span> <span class='ocrx_word' id='word_1_264' title='bbox 263 1528 422 1571; x_wconf 66' lang='lat' dir='ltr'>secunda,</span> <span class='ocrx_word' id='word_1_265' title='bbox 453 1538 539 1562; x_wconf 88' lang='lat' dir='ltr'>anno</span> <span class='ocrx_word' id='word_1_266' title='bbox 567 1538 746 1572; x_wconf 87' lang='lat' dir='ltr'>regnorum</span> <span class='ocrx_word' id='word_1_267' title='bbox 776 1531 963 1560; x_wconf 89' lang='lat' dir='ltr'>nostrorum</span> <span class='ocrx_word' id='word_1_268' title='bbox 993 1526 1150 1559; x_wconf 85' lang='lat' dir='ltr'>Boemiae</span> <span class='ocrx_word' id='word_1_269' title='bbox 1178 1527 1248 1559; x_wconf 74' lang='lat' dir='ltr'>viii.</span> <span class='ocrx_word' id='word_1_270' title='bbox 1278 1524 1436 1558; x_wconf 89' lang='lat' dir='ltr'>Poloniae</span> <span class='ocrx_word' id='word_1_271' title='bbox 1464 1534 1547 1557; x_wconf 76' lang='lat' dir='ltr'>vero</span> <span class='ocrx_word' id='word_1_272' title='bbox 1575 1526 1630 1557; x_wconf 91' lang='lat' dir='ltr'>iiii.</span> 
     </span>
    </p>
   </div>
   <div class='ocr_carea' id='block_1_3' title="bbox 455 1601 1520 1639">
    <p class='ocr_par' dir='ltr' id='par_1_3' title="bbox 455 1601 1520 1639">
     <span class='ocr_line' id='line_1_24' title="bbox 455 1601 1520 1639; baseline -0.003 -7"><span class='ocrx_word' id='word_1_273' title='bbox 455 1606 526 1639; x_wconf 79' lang='lat' dir='ltr'>(Ans</span> <span class='ocrx_word' id='word_1_274' title='bbox 551 1606 610 1632; x_wconf 84' lang='lat' dir='ltr'>(lem</span> <span class='ocrx_word' id='word_1_275' title='bbox 635 1606 799 1632; x_wconf 83' lang='lat' dir='ltr'>Stadtbuclie</span> <span class='ocrx_word' id='word_1_276' title='bbox 824 1605 872 1631; x_wconf 81' lang='lat' dir='ltr'>‹ler</span> <span class='ocrx_word' id='word_1_277' title='bbox 896 1605 997 1639; x_wconf 83' lang='lat' dir='ltr'>Prager</span> <span class='ocrx_word' id='word_1_278' title='bbox 1022 1603 1144 1632; x_wconf 58' lang='lat' dir='ltr'>Altstailt</span> <span class='ocrx_word' id='word_1_279' title='bbox 1168 1611 1229 1630; x_wconf 74' lang='lat' dir='ltr'>vom</span> <span class='ocrx_word' id='word_1_280' title='bbox 1253 1603 1278 1631; x_wconf 80' lang='lat' dir='ltr'>J.</span> <span class='ocrx_word' id='word_1_281' title='bbox 1308 1602 1387 1629; x_wconf 87' lang='lat'>1310</span> <span class='ocrx_word' id='word_1_282' title='bbox 1412 1602 1429 1628; x_wconf 83' lang='lat' dir='ltr'>f.</span> <span class='ocrx_word' id='word_1_283' title='bbox 1457 1601 1520 1636; x_wconf 77' lang='lat'>62.)</span> 
     </span>
    </p>
   </div>
   <div class='ocr_carea' id='block_1_4' title="bbox 1020 1759 1121 1794">
    <p class='ocr_par' dir='ltr' id='par_1_4' title="bbox 1020 1759 1121 1794">
     <span class='ocr_line' id='line_1_25' title="bbox 1020 1759 1121 1794; baseline -0.01 0"><span class='ocrx_word' id='word_1_284' title='bbox 1020 1759 1121 1794; x_wconf 71' lang='lat'>162.</span> 
     </span>
    </p>
   </div>
   <div class='ocr_carea' id='block_1_5' title="bbox 146 1838 1993 2082">
    <p class='ocr_par' dir='ltr' id='par_1_5' title="bbox 146 1838 1993 2082">
     <span class='ocr_line' id='line_1_26' title="bbox 302 1838 1993 1900; baseline -0.004 -10"><span class='ocrx_word' id='word_1_285' title='bbox 302 1838 487 1899; x_wconf 30' lang='lat' dir='ltr'>xx&#39;eiizel,</span> <span class='ocrx_word' id='word_1_286' title='bbox 517 1856 628 1900; x_wconf 75' lang='lat' dir='ltr'>Konig</span> <span class='ocrx_word' id='word_1_287' title='bbox 656 1866 723 1890; x_wconf 80' lang='lat' dir='ltr'>von</span> <span class='ocrx_word' id='word_1_288' title='bbox 752 1854 913 1897; x_wconf 66' lang='lat' dir='ltr'>Bohmen,</span> <span class='ocrx_word' id='word_1_289' title='bbox 943 1854 1105 1898; x_wconf 84' lang='lat' dir='ltr'>Hungarn</span> <span class='ocrx_word' id='word_1_290' title='bbox 1135 1853 1201 1887; x_wconf 90' lang='lat' dir='ltr'>und</span> <span class='ocrx_word' id='word_1_291' title='bbox 1230 1852 1345 1895; x_wconf 70' lang='lat' dir='ltr'>Polen,</span> <span class='ocrx_word' id='word_1_292' title='bbox 1375 1851 1528 1896; x_wconf 79' lang='lat' dir='ltr'>bestatigt</span> <span class='ocrx_word' id='word_1_293' title='bbox 1556 1850 1607 1884; x_wconf 83' lang='lat' dir='ltr'>(lie</span> <span class='ocrx_word' id='word_1_294' title='bbox 1635 1861 1702 1883; x_wconf 74' lang='lat' dir='ltr'>von</span> <span class='ocrx_word' id='word_1_295' title='bbox 1733 1853 1859 1884; x_wconf 86' lang='lat' dir='ltr'>seinem</span> <span class='ocrx_word' id='word_1_296' title='bbox 1889 1850 1993 1884; x_wconf 82' lang='lat' dir='ltr'>Vater</span> 
     </span>
     <span class='ocr_line' id='line_1_27' title="bbox 146 1910 1992 1952; baseline -0.005 0"><span class='ocrx_word' id='word_1_297' title='bbox 146 1930 187 1952; x_wconf 92' lang='lat' dir='ltr'>an</span> <span class='ocrx_word' id='word_1_298' title='bbox 216 1918 280 1952; x_wconf 90' lang='lat' dir='ltr'>den</span> <span class='ocrx_word' id='word_1_299' title='bbox 313 1917 543 1952; x_wconf 89' lang='lat' dir='ltr'>Landmeister</span> <span class='ocrx_word' id='word_1_300' title='bbox 579 1927 644 1950; x_wconf 77' lang='lat' dir='ltr'>von</span> <span class='ocrx_word' id='word_1_301' title='bbox 684 1916 871 1951; x_wconf 79' lang='lat' dir='ltr'>Preussen.</span> <span class='ocrx_word' id='word_1_302' title='bbox 907 1914 1042 1949; x_wconf 83' lang='lat' dir='ltr'>Konrad</span> <span class='ocrx_word' id='word_1_303' title='bbox 1081 1914 1171 1948; x_wconf 65' lang='lat' dir='ltr'>Saclz</span> <span class='ocrx_word' id='word_1_304' title='bbox 1209 1913 1274 1947; x_wconf 89' lang='lat' dir='ltr'>und</span> <span class='ocrx_word' id='word_1_305' title='bbox 1308 1913 1371 1947; x_wconf 86' lang='lat' dir='ltr'>den</span> <span class='ocrx_word' id='word_1_306' title='bbox 1406 1911 1621 1946; x_wconf 85' lang='lat' dir='ltr'>Kulmischen</span> <span class='ocrx_word' id='word_1_307' title='bbox 1648 1910 1897 1944; x_wconf 77' lang='lat' dir='ltr'>Landkomthur</span> <span class='ocrx_word' id='word_1_308' title='bbox 1926 1921 1992 1944; x_wconf 78' lang='lat' dir='ltr'>von</span> 
     </span>
     <span class='ocr_line' id='line_1_28' title="bbox 147 1971 1993 2023; baseline -0.004 -11"><span class='ocrx_word' id='word_1_309' title='bbox 147 1977 418 2023; x_wconf 53' lang='lat' dir='ltr'>Schwarzburg.</span> <span class='ocrx_word' id='word_1_310' title='bbox 462 1988 499 2011; x_wconf 85' lang='lat' dir='ltr'>so</span> <span class='ocrx_word' id='word_1_311' title='bbox 542 1980 608 2010; x_wconf 80' lang='lat' dir='ltr'>wie</span> <span class='ocrx_word' id='word_1_312' title='bbox 649 1976 711 2010; x_wconf 79' lang='lat' dir='ltr'>(len</span> <span class='ocrx_word' id='word_1_313' title='bbox 751 1987 884 2021; x_wconf 81' lang='lat' dir='ltr'>ganzen</span> <span class='ocrx_word' id='word_1_314' title='bbox 921 1974 1034 2009; x_wconf 88' lang='lat' dir='ltr'>Orden</span> <span class='ocrx_word' id='word_1_315' title='bbox 1074 1974 1252 2019; x_wconf 81' lang='lat' dir='ltr'>gemachte</span> <span class='ocrx_word' id='word_1_316' title='bbox 1288 1973 1493 2017; x_wconf 85' lang='lat' dir='ltr'>Schenkung</span> <span class='ocrx_word' id='word_1_317' title='bbox 1533 1974 1661 2016; x_wconf 81' lang='lat' dir='ltr'>einiger</span> <span class='ocrx_word' id='word_1_318' title='bbox 1696 1971 1921 2016; x_wconf 86' lang='lat' dir='ltr'>Besitzungen</span> <span class='ocrx_word' id='word_1_319' title='bbox 1960 1974 1993 2005; x_wconf 92' lang='lat' dir='ltr'>in</span> 
     </span>
     <span class='ocr_line' id='line_1_29' title="bbox 149 2034 1382 2082; baseline -0.005 -8"><span class='ocrx_word' id='word_1_320' title='bbox 149 2039 402 2074; x_wconf 85' lang='lat' dir='ltr'>Pommerellen.</span> <span class='ocrx_word' id='word_1_321' title='bbox 433 2038 487 2072; x_wconf 88' lang='lat' dir='ltr'>Dt.</span> <span class='ocrx_word' id='word_1_322' title='bbox 518 2037 648 2082; x_wconf 87' lang='lat' dir='ltr'>Pragae</span> <span class='ocrx_word' id='word_1_323' title='bbox 677 2037 734 2070; x_wconf 70' lang='lat' dir='ltr'>IV.</span> <span class='ocrx_word' id='word_1_324' title='bbox 764 2036 904 2070; x_wconf 84' lang='lat' dir='ltr'>Kalend.</span> <span class='ocrx_word' id='word_1_325' title='bbox 932 2035 1009 2069; x_wconf 81' lang='lat' dir='ltr'>Julii</span> <span class='ocrx_word' id='word_1_326' title='bbox 1039 2035 1116 2080; x_wconf 74' lang='lat'>(28.</span> <span class='ocrx_word' id='word_1_327' title='bbox 1145 2035 1239 2079; x_wconf 88' lang='lat' dir='ltr'>Juni)</span> <span class='ocrx_word' id='word_1_328' title='bbox 1271 2034 1382 2069; x_wconf 82' lang='lat'>1305.</span> 
     </span>
    </p>
   </div>
   <div class='ocr_carea' id='block_1_6' title="bbox 454 2119 1992 2210">
    <p class='ocr_par' dir='ltr' id='par_1_6' title="bbox 454 2119 1992 2210">
     <span class='ocr_line' id='line_1_30' title="bbox 454 2119 1992 2159; baseline -0.004 -8"><span class='ocrx_word' id='word_1_329' title='bbox 454 2126 553 2159; x_wconf 79' lang='lat' dir='ltr'>(Voigt</span> <span class='ocrx_word' id='word_1_330' title='bbox 583 2123 650 2152; x_wconf 81' lang='lat' dir='ltr'>Cod.</span> <span class='ocrx_word' id='word_1_331' title='bbox 683 2125 791 2158; x_wconf 84' lang='lat' dir='ltr'>diplom.</span> <span class='ocrx_word' id='word_1_332' title='bbox 820 2125 938 2151; x_wconf 83' lang='lat' dir='ltr'>Prussic.</span> <span class='ocrx_word' id='word_1_333' title='bbox 969 2123 995 2149; x_wconf 85' lang='lat' dir='ltr'>T.</span> <span class='ocrx_word' id='word_1_334' title='bbox 1026 2123 1046 2149; x_wconf 86' lang='lat' dir='ltr'>l.</span> <span class='ocrx_word' id='word_1_335' title='bbox 1076 2132 1101 2157; x_wconf 88' lang='lat' dir='ltr'>p.</span> <span class='ocrx_word' id='word_1_336' title='bbox 1133 2123 1170 2148; x_wconf 74' lang='lat'>57</span> <span class='ocrx_word' id='word_1_337' title='bbox 1209 2131 1234 2149; x_wconf 86' lang='lat' dir='ltr'>n.</span> <span class='ocrx_word' id='word_1_338' title='bbox 1265 2122 1381 2149; x_wconf 68' lang='lat' dir='ltr'>XLVIII.</span> <span class='ocrx_word' id='word_1_339' title='bbox 1412 2121 1479 2147; x_wconf 85' lang='lat' dir='ltr'>nach</span> <span class='ocrx_word' id='word_1_340' title='bbox 1510 2120 1569 2146; x_wconf 85' lang='lat' dir='ltr'>dem</span> <span class='ocrx_word' id='word_1_341' title='bbox 1601 2119 1676 2154; x_wconf 77' lang='lat' dir='ltr'>Orig.</span> <span class='ocrx_word' id='word_1_342' title='bbox 1702 2121 1745 2146; x_wconf 78' lang='lat' dir='ltr'>mit</span> <span class='ocrx_word' id='word_1_343' title='bbox 1781 2120 1840 2146; x_wconf 85' lang='lat' dir='ltr'>dem</span> <span class='ocrx_word' id='word_1_344' title='bbox 1870 2119 1992 2146; x_wconf 86' lang='lat' dir='ltr'>ziemlich</span> 
     </span>
     <span class='ocr_line' id='line_1_31' title="bbox 558 2172 1574 2210; baseline -0.006 -7"><span class='ocrx_word' id='word_1_345' title='bbox 558 2176 790 2204; x_wconf 82' lang='lat' dir='ltr'>wohlerhaltenen</span> <span class='ocrx_word' id='word_1_346' title='bbox 815 2176 1041 2210; x_wconf 76' lang='lat' dir='ltr'>Majestiitssiegel</span> <span class='ocrx_word' id='word_1_347' title='bbox 1065 2176 1098 2201; x_wconf 91' lang='lat' dir='ltr'>im</span> <span class='ocrx_word' id='word_1_348' title='bbox 1123 2175 1186 2209; x_wconf 81' lang='lat' dir='ltr'>geli.</span> <span class='ocrx_word' id='word_1_349' title='bbox 1211 2174 1277 2201; x_wconf 83' lang='lat' dir='ltr'>kon.</span> <span class='ocrx_word' id='word_1_350' title='bbox 1302 2181 1409 2208; x_wconf 86' lang='lat' dir='ltr'>preuss.</span> <span class='ocrx_word' id='word_1_351' title='bbox 1434 2172 1574 2205; x_wconf 69' lang='lat' dir='ltr'>Archive.)</span> 
     </span>
    </p>
   </div>
   <div class='ocr_carea' id='block_1_7' title="bbox 1024 2329 1127 2365">
    <p class='ocr_par' dir='ltr' id='par_1_7' title="bbox 1024 2329 1127 2365">
     <span class='ocr_line' id='line_1_32' title="bbox 1024 2329 1127 2365; baseline -0.01 0"><span class='ocrx_word' id='word_1_352' title='bbox 1024 2329 1127 2365; x_wconf 75' lang='lat'>163.</span> 
     </span>
    </p>
   </div>
   <div class='ocr_carea' id='block_1_8' title="bbox 143 2409 1993 2533">
    <p class='ocr_par' dir='ltr' id='par_1_8' title="bbox 143 2409 1993 2533">
     <span class='ocr_line' id='line_1_33' title="bbox 299 2409 1993 2472; baseline -0.004 -12"><span class='ocrx_word' id='word_1_353' title='bbox 299 2409 485 2471; x_wconf 48' lang='lat' dir='ltr'>xvenzel7</span> <span class='ocrx_word' id='word_1_354' title='bbox 506 2427 617 2472; x_wconf 79' lang='lat' dir='ltr'>Konig</span> <span class='ocrx_word' id='word_1_355' title='bbox 643 2436 712 2460; x_wconf 79' lang='lat' dir='ltr'>von</span> <span class='ocrx_word' id='word_1_356' title='bbox 732 2412 880 2460; x_wconf 76' lang='lat' dir='ltr'>Bohmen</span> <span class='ocrx_word' id='word_1_357' title='bbox 908 2425 973 2459; x_wconf 89' lang='lat' dir='ltr'>und</span> <span class='ocrx_word' id='word_1_358' title='bbox 994 2424 1097 2458; x_wconf 91' lang='lat' dir='ltr'>Polen</span> <span class='ocrx_word' id='word_1_359' title='bbox 1125 2423 1282 2469; x_wconf 77' lang='lat' dir='ltr'>bestatigt</span> <span class='ocrx_word' id='word_1_360' title='bbox 1310 2423 1383 2457; x_wconf 90' lang='lat' dir='ltr'>dem</span> <span class='ocrx_word' id='word_1_361' title='bbox 1412 2420 1595 2455; x_wconf 85' lang='lat' dir='ltr'>deutschen</span> <span class='ocrx_word' id='word_1_362' title='bbox 1625 2420 1738 2455; x_wconf 90' lang='lat' dir='ltr'>Orden</span> <span class='ocrx_word' id='word_1_363' title='bbox 1767 2421 1831 2455; x_wconf 88' lang='lat' dir='ltr'>den</span> <span class='ocrx_word' id='word_1_364' title='bbox 1851 2419 1993 2455; x_wconf 82' lang='lat' dir='ltr'>Ankauf</span> 
     </span>
     <span class='ocr_line' id='line_1_34' title="bbox 143 2481 1757 2533; baseline -0.004 -10"><span class='ocrx_word' id='word_1_365' title='bbox 143 2500 214 2524; x_wconf 87' lang='lat' dir='ltr'>von</span> <span class='ocrx_word' id='word_1_366' title='bbox 243 2487 405 2533; x_wconf 83' lang='lat' dir='ltr'>Stargard</span> <span class='ocrx_word' id='word_1_367' title='bbox 434 2492 466 2522; x_wconf 88' lang='lat' dir='ltr'>in</span> <span class='ocrx_word' id='word_1_368' title='bbox 494 2488 682 2522; x_wconf 88' lang='lat' dir='ltr'>Pommern.</span> <span class='ocrx_word' id='word_1_369' title='bbox 712 2486 765 2521; x_wconf 91' lang='lat' dir='ltr'>Dt.</span> <span class='ocrx_word' id='word_1_370' title='bbox 795 2487 935 2532; x_wconf 72' lang='lat' dir='ltr'>Pragae,</span> <span class='ocrx_word' id='word_1_371' title='bbox 965 2484 1056 2519; x_wconf 85' lang='lat' dir='ltr'>XIV.</span> <span class='ocrx_word' id='word_1_372' title='bbox 1087 2484 1225 2519; x_wconf 88' lang='lat' dir='ltr'>Kalend.</span> <span class='ocrx_word' id='word_1_373' title='bbox 1254 2484 1397 2528; x_wconf 83' lang='lat' dir='ltr'>Augusti</span> <span class='ocrx_word' id='word_1_374' title='bbox 1426 2481 1504 2526; x_wconf 79' lang='lat'>(19.</span> <span class='ocrx_word' id='word_1_375' title='bbox 1533 2481 1615 2523; x_wconf 77' lang='lat' dir='ltr'>Juli)</span> <span class='ocrx_word' id='word_1_376' title='bbox 1647 2482 1757 2517; x_wconf 81' lang='lat'>1305.</span> 
     </span>
    </p>
   </div>
   <div class='ocr_carea' id='block_1_9' title="bbox 454 2577 1987 2618">
    <p class='ocr_par' dir='ltr' id='par_1_9' title="bbox 454 2577 1987 2618">
     <span class='ocr_line' id='line_1_35' title="bbox 454 2577 1987 2618; baseline -0.003 -10"><span class='ocrx_word' id='word_1_377' title='bbox 454 2584 555 2618; x_wconf 68' lang='lat' dir='ltr'>(Yoigt</span> <span class='ocrx_word' id='word_1_378' title='bbox 580 2584 646 2610; x_wconf 86' lang='lat' dir='ltr'>Cod.</span> <span class='ocrx_word' id='word_1_379' title='bbox 672 2583 780 2617; x_wconf 86' lang='lat' dir='ltr'>diplom.</span> <span class='ocrx_word' id='word_1_380' title='bbox 806 2583 921 2609; x_wconf 85' lang='lat' dir='ltr'>Prussic.</span> <span class='ocrx_word' id='word_1_381' title='bbox 950 2582 978 2610; x_wconf 84' lang='lat' dir='ltr'>T.</span> <span class='ocrx_word' id='word_1_382' title='bbox 1010 2582 1028 2608; x_wconf 89' lang='lat' dir='ltr'>l.</span> <span class='ocrx_word' id='word_1_383' title='bbox 1054 2591 1078 2616; x_wconf 88' lang='lat' dir='ltr'>p.</span> <span class='ocrx_word' id='word_1_384' title='bbox 1107 2582 1143 2607; x_wconf 71' lang='lat'>57</span> <span class='ocrx_word' id='word_1_385' title='bbox 1178 2590 1202 2607; x_wconf 91' lang='lat' dir='ltr'>n.</span> <span class='ocrx_word' id='word_1_386' title='bbox 1227 2580 1313 2606; x_wconf 76' lang='lat' dir='ltr'>XLIX.</span> <span class='ocrx_word' id='word_1_387' title='bbox 1337 2578 1404 2604; x_wconf 83' lang='lat' dir='ltr'>nach</span> <span class='ocrx_word' id='word_1_388' title='bbox 1429 2577 1489 2603; x_wconf 82' lang='lat' dir='ltr'>dein</span> <span class='ocrx_word' id='word_1_389' title='bbox 1514 2577 1588 2612; x_wconf 84' lang='lat' dir='ltr'>Orig.</span> <span class='ocrx_word' id='word_1_390' title='bbox 1615 2579 1658 2604; x_wconf 87' lang='lat' dir='ltr'>mit</span> <span class='ocrx_word' id='word_1_391' title='bbox 1682 2578 1741 2604; x_wconf 79' lang='lat' dir='ltr'>dem</span> <span class='ocrx_word' id='word_1_392' title='bbox 1767 2577 1840 2603; x_wconf 69' lang='lat' dir='ltr'>stari(</span> <span class='ocrx_word' id='word_1_393' title='bbox 1866 2577 1987 2603; x_wconf 65' lang='lat' dir='ltr'>bescha-</span> 
     </span>
    </p>
   </div>
   <div class='ocr_carea' id='block_1_10' title="bbox 557 2630 1430 2669">
    <p class='ocr_par' dir='ltr' id='par_1_10' title="bbox 557 2630 1430 2669">
     <span class='ocr_line' id='line_1_36' title="bbox 557 2630 1430 2669; baseline -0.008 -8"><span class='ocrx_word' id='word_1_394' title='bbox 557 2636 649 2669; x_wconf 81' lang='lat' dir='ltr'>digten</span> <span class='ocrx_word' id='word_1_395' title='bbox 673 2635 899 2668; x_wconf 78' lang='lat' dir='ltr'>Majestatssiegel</span> <span class='ocrx_word' id='word_1_396' title='bbox 923 2635 956 2660; x_wconf 88' lang='lat' dir='ltr'>im</span> <span class='ocrx_word' id='word_1_397' title='bbox 981 2634 1043 2667; x_wconf 77' lang='lat' dir='ltr'>geli.</span> <span class='ocrx_word' id='word_1_398' title='bbox 1070 2634 1133 2660; x_wconf 84' lang='lat' dir='ltr'>kou.</span> <span class='ocrx_word' id='word_1_399' title='bbox 1158 2640 1263 2667; x_wconf 86' lang='lat' dir='ltr'>preuss.</span> <span class='ocrx_word' id='word_1_400' title='bbox 1290 2630 1430 2658; x_wconf 53' lang='lat' dir='ltr'>Archives)</span> 
     </span>
    </p>
   </div>
  </div>
 </body>
</html>
