2184 2828
1102 108 1175 142 998

554 278 571 319 (
584 275 683 309 Varie
712 274 893 308 libertates
921 275 1051 309 ciuibus
1075 275 1305 320 pragensibus
1334 287 1355 308 a
1384 287 1465 320 reye
1494 280 1713 319 concessae.)

365 346 400 380 ln
430 348 563 379 nominc
592 348 710 378 sancte
741 348 772 377 et
801 343 967 377 indiuidue
997 343 1178 382 Trinitatis,
1209 344 1330 378 Amen.

364 405 574 440 Nos.O.dei
600 407 715 449 gracia
737 404 888 438 dominus
911 406 1006 448 regni
1027 402 1202 446 Bohemie,
1224 402 1302 436 Dux
1322 403 1468 438 Austrie
1497 409 1528 438 et
1548 403 1699 439 Marchio
1721 406 1889 449 Momm‘e,
1911 407 2063 441 omnibus

210 468 251 502 ad
280 478 362 514 quos
392 467 487 500 huius
517 468 629 511 scripti
658 467 780 498 noticia
810 467 1000 510 peruenerit
1030 466 1061 497 in
1090 468 1296 509 perpetuum.

364 527 417 561 Ex
446 530 558 561 innata
586 525 682 560 nobis
712 525 918 570 benignitate
949 529 1099 558 tenemur
1127 525 1332 569 singulorum
1363 524 1548 559 defectibus
1573 537 1704 560 manum
1729 526 1923 560 adiutricem
1952 531 2064 573 porri-

208 600 303 634 gere,
346 592 378 622 et
414 590 462 621 eis
492 590 650 634 precipue
679 588 733 632 qui
761 597 820 632 pro
850 585 944 619 uobis
973 596 1027 619 res
1057 588 1087 618 et
1116 596 1281 631 personas
1311 596 1376 619 non
1400 584 1578 619 formidant
1602 597 1775 632 exponere
1794 598 1869 621 cum
1888 590 2064 632 ingruente

208 649 306 684 nobis
336 651 539 683 necessitate
568 651 658 694 ipsos
688 647 841 681 duximus
870 645 1100 692 requirendOS,
1132 646 1172 679 de
1202 657 1341 692 quorum
1371 657 1509 680 numero
1539 658 1612 680 cum
1643 650 1706 681 sint
1734 648 1853 682 dilecti
1874 648 1996 693 fideles
2023 649 2064 683 de

209 710 328 755 Praya
358 712 450 743 ciues
481 711 597 751 nostri,
628 711 773 754 ipsorum
803 705 1024 753 peticionibus
1053 706 1314 741 racionabilibus
1348 712 1382 741 et
1414 706 1566 742 honestis
1600 718 1713 741 aurem
1743 708 1874 742 facilem
1903 709 2064 744 inclinare

208 775 379 813 curantes,
411 770 496 804 hanc
527 772 606 815 ipsis
635 768 776 802 facimus
804 770 953 813 graciam
983 772 1015 801 et
1043 766 1192 801 fauorem
1226 767 1310 813 quod
1348 778 1514 813 nunquam
1551 778 1664 801 corum
1700 779 1799 813 agros
1834 779 1893 803 seu
1926 769 2065 803 heredi-

210 836 306 875 tates,
339 842 401 865 nec
430 842 489 877 per
518 842 590 873 1105,
621 840 683 863 nec
713 840 772 875 per
800 828 945 862 nobilem
975 829 1116 874 aliquem
1147 831 1331 862 mensurari
1362 828 1570 874 aliquatenus
1601 827 1772 862 faciemus.

364 891 458 925 Item.
490 890 710 925 Concedimus
743 892 823 935 ipsis
852 889 938 922 hanc
966 888 1150 922 libertatem
1184 893 1216 922 et
1250 891 1401 933 graciam
1435 888 1521 934 quod
1556 891 1734 933 vnicuique
1768 892 1887 923 ciuium
1917 889 2064 924 eiusdem

210 954 365 986 ciuitatis
390 953 588 997 prayense's,
618 961 739 985 secure
768 951 868 984 liceat
898 949 1046 983 vendere
1076 948 1206 982 domum
1237 960 1330 983 suam
1359 960 1458 994 quam
1487 952 1519 982 in
1549 952 1681 983 ciuitate
1710 949 1899 995 possideret
1919 955 1948 984 et
1970 955 2065 985 extra

209 1015 375 1047 ciuitatem
407 1016 496 1046 iuxta
526 1023 627 1056 agros
656 1021 734 1045 suos
764 1010 904 1056 pacifice
934 1009 1096 1044 residere.

365 1073 458 1107 Item.
491 1072 692 1118 Specialiter
721 1076 753 1105 et
780 1074 939 1117 precipue
968 1070 1053 1104 hanc
1082 1070 1297 1104 concedimus
1326 1069 1514 1104 libertatem
1544 1074 1576 1104 et
1603 1073 1751 1115 graciam
1780 1070 1907 1105 ciuibus
1934 1082 2066 1106 memo-

209 1137 289 1169 ratis
328 1138 359 1168 ut
398 1144 499 1179 agros
539 1144 618 1167 suos
663 1132 812 1167 vendere
848 1131 991 1166 debeant
1029 1133 1081 1165 cui
1122 1131 1287 1165 voluerint
1331 1135 1364 1164 et
1401 1129 1678 1177 quandocumque
1719 1133 1863 1176 ipsorum
1904 1132 2066 1178 placuerit

209 1195 380 1230 uoluntati.

367 1255 465 1289 Vnde
495 1266 596 1301 super
626 1254 687 1288 hec
715 1254 816 1288 dictis
845 1253 975 1287 ciuibus
1005 1264 1046 1286 ue
1076 1255 1193 1286 uexari
1222 1254 1349 1297 possint
1378 1251 1583 1297 aliquatenus
1612 1254 1643 1285 in
1673 1256 1854 1297 posterum,

364 1315 510 1349 Presens
541 1315 690 1348 dedimus
720 1318 971 1348 instrumentum
1001 1324 1074 1346 cum
1105 1316 1327 1346 annotacione
1357 1314 1499 1354 testium.
1522 1312 1705 1357 sigillorum
1735 1316 1922 1347 nostrorum
1951 1316 2065 1347 muni-

210 1380 298 1411 mine
327 1376 529 1419 roboratum,
561 1380 663 1409 testes
693 1380 757 1409 etc.

365 1438 488 1471 Actum
517 1441 548 1470 ct
579 1436 689 1469 datum
720 1446 807 1469 anno
837 1435 958 1469 domini
987 1433 1038 1468 lllO
1067 1432 1167 1468 CCC0
1196 1437 1350 1479 septimo.

367 1497 487 1531 Datum
517 1508 577 1543 per
606 1508 722 1530 manus
757 1499 992 1541 magistrorum
1027 1495 1089 1529 Ar.
1130 1499 1162 1528 et
1192 1495 1247 1528 Bl.
1287 1498 1318 1528 in
1353 1497 1486 1528 ciuitate
1520 1494 1638 1540 Praqa
1666 1493 1989 1541 prothonotariorum
2018 1493 2067 1529 ΧΟ

210 1558 380 1593 Kalendas
411 1559 424 1602 (
532 1558 546 1601 ]
576 1556 767 1592 nouembris

536 1670 663 1712 [Ciues
689 1681 879 1714 prayenses
908 1669 950 1703 αΙ)
980 1671 1071 1703 omni
1098 1669 1256 1703 collecta.
1288 1680 1348 1702 seu
1377 1668 1483 1702 berna
1513 1667 1737 1711 liberantur.)

365 1739 452 1774 Nos.
473 1739 593 1775 W.dei
622 1742 735 1784 gracia
766 1744 829 1772 etc.

367 1800 486 1834 Notum
522 1811 600 1834 esse
633 1800 784 1834 uolumus
828 1802 996 1833 vniuersis
1034 1798 1121 1843 quod
1159 1810 1219 1833 nos
1258 1798 1388 1832 ciuibus
1432 1797 1665 1843 Praqensz'bus
1702 1798 1845 1833 fidelium
1882 1803 2071 1833 nostrorum

215 1861 522 1907 supplicacionibus
550 1860 777 1895 fauorabiliter
806 1861 954 1894 inclinati
982 1860 1133 1894 uolumus
1163 1865 1197 1893 ut
1227 1863 1318 1893 ciues
1343 1863 1406 1905 ipsi
1426 1859 1467 1893 de
1489 1863 1557 1893 suis
1578 1859 1862 1905 possessionibus,
1883 1871 1944 1894 seu
1966 1859 2072 1894 here-

213 1922 368 1956 ditatibus
398 1921 520 1956 liberis.
552 1933 634 1967 quas
663 1925 803 1967 propriis
834 1924 977 1955 araturis
1007 1921 1165 1954 excolunt
1194 1925 1227 1954 et
1256 1920 1296 1954 de
1325 1919 1442 1966 quihus
1475 1920 1597 1954 nullum
1634 1921 1727 1954 alteri
1762 1931 1897 1955 censum
1927 1921 2070 1964 soluunt,

216 1984 385 2018 collectas
413 1995 473 2017 seu
502 1983 628 2016 beruas
657 1986 711 2016 aut
745 1985 941 2016 exactiones
975 1982 1102 2027 aliquas
1136 1992 1199 2027 que
1233 1985 1265 2015 in
1301 1992 1407 2026 regno
1443 1986 1556 2015 nostro
1591 1981 1793 2027 generaliter
1826 1992 1886 2027 pro
1921 1985 2071 2028 tempore

216 2047 439 2090 imponuntur.
470 2043 566 2078 nobis
595 2043 648 2077 uel
677 2043 856 2077 heredibus
886 2045 1011 2077 nostris
1040 2043 1177 2077 soluere
1204 2044 1336 2076 mim'me
1366 2046 1559 2076 teneantur.
1590 2053 1673 2089 quos
1700 2041 1740 2076 ab
1765 2041 1827 2075 hiis
1852 2041 1975 2076 liberos
1995 2053 2071 2076 esse

217 2104 368 2138 uolumus
397 2109 430 2138 et
458 2109 634 2150 exemptos
665 2107 718 2150 qui
747 2103 787 2137 ab
813 2107 955 2149 antiquis
976 2103 1182 2150 temporibus
1205 2106 1457 2149 progenitorum
1477 2107 1677 2146 nostrorum,
1698 2102 1879 2136 recolende
1898 2105 2070 2145 memorie,

215 2176 332 2209 regum
363 2165 526 2198 Bohemie
555 2164 596 2198 ab
627 2164 688 2198 hiis
717 2164 849 2198 fuerunt
879 2164 973 2198 liberi
1003 2169 1035 2198 et
1064 2167 1229 2210 exempti;
1259 2175 1375 2198 eorum
1404 2168 1513 2197 tamen
1534 2163 1684 2197 homines
1703 2166 1735 2196 in
1760 2166 1907 2209 ipsorum
1926 2174 2071 2210 posses-

216 2225 366 2259 sionibus
396 2230 429 2259 et
458 2225 694 2259 hereditatibus
724 2225 871 2259 resident
899 2226 1072 2260 collectas.
1101 2236 1161 2259 seu
1190 2224 1314 2259 beruas
1344 2230 1377 2259 et
1405 2227 1603 2259 exactiones
1631 2224 1725 2267 alias,
1755 2227 1847 2258 iuxta
1871 2229 1960 2259 terre
1984 2235 2072 2259 con-

216 2286 423 2320 suetudinem
453 2287 586 2321 soluere
615 2285 824 2320 tenebuntur.

693 2398 874 2441 (Donace'o
904 2399 995 2442 m'lIe,
1021 2410 1086 2443 pro
1115 2400 1285 2434 seruit-iis.
1316 2400 1445 2433 cuidam
1471 2399 1599 2443 fideli.)

373 2467 596 2502 Nos.o.etc.

375 2528 494 2562 Notum
526 2529 664 2563 facimus
694 2529 778 2576 quod
809 2530 960 2564 uolentes
989 2533 1084 2575 grata
1114 2533 1302 2563 nostrorum
1333 2528 1536 2563 subditorum
1562 2527 1723 2574 obsequia
1743 2531 1986 2562 irremunerata
2005 2538 2070 2562 non

220 2590 370 2634 relinqui.
401 2589 459 2623 sed
490 2588 730 2624 beneuolencia
765 2589 998 2624 retribucionis
1036 2589 1304 2624 exhibicionibus
1340 2599 1551 2636 conpensare
1587 2589 1696 2624 dilecti
1725 2588 1830 2623 fidelis
1859 2591 1964 2628 nostri
1993 2599 2071 2623 ser-
