2184 2828
1058 138 1130 172 766

169 265 202 292 et
230 269 393 305 processu
423 262 579 304 temporis
613 258 654 290 ab
684 258 825 292 humana
856 259 1012 291 memoria
1041 260 1265 303 evanescunt7
1301 267 1387 301 quae
1421 267 1581 292 succursu
1616 263 1794 293 caruerunt
1827 259 1995 292 literarum

168 322 291 366 placuit
319 319 513 354 Celsitudini
542 322 692 359 nostrae,
729 322 762 351 ut
795 330 834 352 ea
863 330 948 364 quae
981 316 1206 362 temporaliter
1242 319 1407 361 gerimus,
1444 317 1484 351 ad
1520 318 1705 353 lirmitatem
1741 318 2015 352 interminabilem

169 380 382 414 obtinendam
412 382 608 425 scriptorum
638 379 793 412 remediis
829 383 1050 412 aeternemus.
1081 376 1256 411 Universis
1285 380 1384 422 igitur
1419 383 1484 411 tam
1513 379 1720 424 presentibus
1748 390 1845 425 quam
1874 381 2016 425 posteris

168 444 392 487 praesentium
418 442 604 473 testimonio
633 439 702 473 {ieri
731 439 883 473 volumus
913 438 1239 482 inanil'est11111‚‹1u0d
1268 450 1330 471 nos
1359 438 1399 471 de
1428 441 1538 472 innata
1570 439 1664 474 nobis
1692 439 1895 484 benignitate
1915 450 2016 485 super

167 505 293 535 iniuriis
322 506 354 535 et
382 502 566 542 violentiis,
595 511 680 545 quae
708 499 863 533 fratribus
902 499 971 532 Ste.
1001 498 1116 532 domus
1145 498 1316 544 hospitalis
1354 498 1416 533 Sti.
1445 498 1607 534 Johannis
1636 500 1806 546 Baptistae
1833 499 2012 545 Jerosoly-

166 565 309 596 mitanae
338 566 532 608 potestatum
561 563 742 594 occasione
771 565 824 594 aut
853 561 990 593 aliorum
1025 559 1207 592 maleficum
1238 564 1314 592 ante
1343 564 1457 593 nostra
1487 564 1520 593 et
1547 563 1666 594 nostris
1696 559 1898 606 temporibus
1926 571 2014 594 con-

168 626 239 667 tigit
270 626 422 667 irrogari.
454 624 529 655 moti
559 624 800 667 compassionis
829 621 960 661 all'ectu,
990 622 1237 665 progenitorum
1274 624 1460 653 nostrorum
1489 622 1640 665 vestigiis
1670 621 1875 654 inhaerendo
1904 620 2014 654 dona-

168 687 288 716 tionem
310 688 341 716 et
370 683 652 716 camin-mationem
673 693 769 727 quam
799 684 872 726 piae
902 683 1072 714 nemoriae
1093 680 1236 725 inclytus
1266 685 1359 725 pater
1388 685 1515 714 noster.
1547 680 1603 715 W.
1623 692 1684 714 rex
1713 681 1859 722 illustris.
1882 692 2014 726 quoque

167 749 301 789 patruus
331 745 403 787 ejus
434 743 597 776 llenricus
626 742 773 776 marchio
802 742 975 775 Moraviae
1013 740 1191 786 praedictis
1225 740 1380 774 fratribus
1409 744 1441 774 in
1471 744 1641 786 provincia
1672 742 1877 787 Oppavicnsi
1908 740 2012 775 here-

166 804 316 839 ditatem.
345 815 431 849 quae
462 804 646 848 vulgariter„
672 801 821 836 Grobnik
858 806 1082 847 nunciqmtur.
1122 812 1185 834 una
1220 812 1294 834 cuni
1327 803 1448 834 ceteris
1476 804 1654 835 attinentiis
1684 801 1863 835 liberaliter
1890 806 2013 835 contu—

166 866 293 900 lerunt.
327 864 555 898 favorabiliter
589 864 833 897 confirmamus.
891 862 960 895 Nos
999 864 1096 906 igitur
1133 861 1239 895 eidem
1283 862 1450 895 donationi
1488 866 1582 905 grato
1618 866 1833 895 occurrentes
1870 872 2013 896 assensn

167 926 303 959 lirmitcr
333 924 393 959 sub
423 935 530 970 poena
560 924 672 958 laesae
701 924 884 966 majestatis
914 925 1106 961 siatuinms.
1137 926 1170 955 ut
1198 923 1305 955 nullus
1334 925 1525 967 episcopus,
1556 922 1608 955 vel
1636 922 1802 968 praelatus
1833 927 1888 956 aut
1915 925 2013 967 quis-

168 997 265 1030 quam
295 985 335 1018 de
364 985 603 1019 ecclesiasticis
624 986 777 1029 personis
806 983 1027 1017 nnmdanisve
1056 986 1223 1025 comitum,
1253 982 1409 1016 nobilium
1439 985 1512 1017 sive
1540 985 1798 1016 camerariorum
1825 987 2013 1016 nostrorum

162 1046 326 1090 judicum.
361 1045 647 1079 beneficiariorum
686 1044 740 1078 vel
775 1043 995 1089 quorumlibet
1023 1044 1161 1077 aliorum
1191 1043 1401 1087 judiciariam
1445 1047 1640 1089 potestatem
1685 1042 1874 1077 habentium
1914 1043 2014 1089 quid-

165 1118 261 1152 quam
286 1108 371 1151 juris
400 1118 439 1139 ac
468 1108 639 1152 potestatis
668 1108 700 1138 111
734 1105 903 1151 praedicta
938 1104 1141 1138 haereditate
1179 1108 1293 1137 contra
1323 1107 1438 1148 regiae
1467 1105 1648 1148 majestatis
1677 1103 1847 1137 decretum
1876 1108 2015 1138 attentet

167 1178 330 1213 usurpare
367 1168 421 1200 vel
453 1166 644 1200 vendicare.
676 1166 837 1206 Quoniam
868 1176 928 1198 nos
957 1165 1115 1211 praefatis
1145 1164 1300 1198 fratribus
1324 1164 1534 1208 judiciariam
1562 1164 1658 1210 plene
1687 1164 1885 1198 contulimus
1914 1169 2015 1210 pote-

166 1233 283 1262 statem
313 1231 343 1261 iu
373 1239 475 1273 saepe
505 1227 571 1261 sata
601 1227 803 1260 haereditate
838 1231 901 1259 tam
931 1229 961 1259 in
1000 1226 1093 1259 l'urtis
1127 1237 1223 1271 quam
1261 1228 1292 1258 in
1327 1225 1510 1258 homicidiis
1546 1228 1619 1258 sive
1653 1228 1685 1258 in
1724 1225 1874 1259 omnibus
1903 1228 2014 1259 causis

166 1289 206 1322 ad
236 1291 361 1333 regiam
391 1288 583 1332 (lignitatem
614 1287 852 1333 spectantibus,
883 1291 914 1320 et
943 1298 1009 1320 non
1038 1287 1141 1320 solum
1171 1288 1235 1330 jam
1266 1286 1351 1319 dicta
1381 1285 1605 1327 concedimus.
1627 1297 1743 1319 verum
1773 1288 1871 1319 etiam
1902 1286 2015 1320 villam

167 1350 346 1386 sorensem.
367 1360 429 1382 nec
458 1360 523 1382 non
553 1353 793 1394 competentem
824 1353 856 1381 et
884 1348 1001 1381 sortem
1031 1347 1091 1381 sibi
1122 1346 1251 1381 domum
1281 1346 1503 1380 constituendi
1532 1346 1572 1379 de
1601 1350 1713 1380 nostra
1734 1347 1909 1380 clementia
1939 1357 2015 1380 cum

166 1415 353 1443 nostrorum
384 1409 539 1443 nobilium
568 1420 735 1442 consensu
766 1408 981 1442 concedendo
1011 1408 1223 1441 aeternaliter
1251 1407 1496 1441 confirmamus.
1545 1407 1578 1440 Si
1608 1411 1714 1440 autem
1744 1408 1860 1452 aliquis
1889 1406 2015 1453 praefa-

164 1474 268 1503 torum
285 1470 431 1514 judicum
461 1470 514 1503 vel
544 1469 761 1514 quorumlibet
784 1469 991 1513 judiciariam
1022 1472 1219 1514 potestatem
1245 1467 1434 1501 habentium
1463 1472 1517 1502 aut
1545 1467 1701 1501 heredum
1730 1472 1763 1501 et
1782 1479 2015 1502 successorum

168 1535 357 1564 nostrorum
388 1533 418 1563 in
449 1530 692 1576 praedictorum
731 1530 866 1563 fratrum
903 1530 1034 1563 domum
1063 1533 1096 1562 et
1124 1532 1155 1562 111
1184 1540 1298 1562 eorum
1328 1528 1493 1562 bominum
1528 1528 1763 1574 praejudicium
1794 1528 1924 1574 aliquod
1960 1532 2016 1562 aut

167 1603 350 1636 gravamen
381 1591 528 1633 ordinet,
562 1595 616 1624 aut
645 1595 780 1624 nostrae
810 1590 1046 1634 magnitudinis
1075 1592 1201 1623 sancita
1230 1592 1395 1629 immutet.
1425 1589 1625 1635 saepedictis
1654 1588 1809 1622 fratribus
1838 1593 1870 1622 et
1899 1600 2015 1623 eorum

167 1652 276 1685 domui
306 1663 468 1697 praesens
497 1654 747 1684 instrumentum
777 1663 849 1684 cum
880 1651 1138 1696 subscriptorum
1168 1653 1354 1684 testimonio
1384 1650 1537 1684 duximus
1565 1649 1802 1683 conferendum
1833 1650 2016 1694 sigillorum

166 1717 355 1746 nostrorum
394 1715 573 1746 munimine
606 1712 794 1745 roboratum
825 1717 858 1745 et
898 1717 1058 1757 perpetuo
1088 1711 1274 1744 valiturum.
1315 1711 1438 1744 Testes
1467 1715 1542 1745 sunt
1569 1710 1609 1743 de
1636 1710 1787 1744 Moravia
1819 1710 2015 1752 Benessius‚

166 1773 296 1808 Milota.
327 1772 450 1806 'l‘obias
487 1772 625 1808 frati-cs.
656 1772 822 1805 llartlibus
860 1777 891 1805 et
927 1772 1033 1805 Jenzo
1069 1771 1204 1814 fratres7
1234 1771 1402 1805 llartlibus
1431 1773 1634 1805 camerarius
1664 1770 1847 1804 Moraviae.
1904 1770 2016 1804 Bohus

167 1833 394 1867 marschaleus
424 1838 455 1866 et
482 1833 703 1866 Ilm-[mannus
733 1833 851 1866 fratres
880 1832 1046 1866 Budzlaus
1066 1832 1272 1865 forestarius.
1301 1831 1455 1865 Zelisclio
1484 1832 1536 1877 (27)
1565 1831 1604 1864 de
1624 1830 1861 1872 Ilewiezdliez⁷
1892 1830 2016 1865 Pardus

167 1898 283 1928 minor.
314 1894 421 1927 Onzilz
442 1893 607 1927 Nezamisl
637 1897 807 1938 pincerna.
841 1894 984 1927 Beznata
1005 1893 1142 1938 dapiper
1170 1891 1356 1926 Mox-aviae.
1388 1892 1502 1925 Chono
1530 1891 1629 1925 frater
1659 1891 1846 1924 Boczlzonis
1889 1891 2016 1925 Pardus

167 1958 370 1988 camerarius
404 1954 647 1988 (llomueensis.
678 1954 879 1988 Zudoniicus
908 1954 1009 1987 frater
1038 1955 1120 1997 ejus.
1152 1953 1230 1987 Item
1261 1953 1375 1986 Boemi
1412 1953 1580 1986 Dionisius
1608 1951 1736 1997 dapifer
1764 1956 1887 1985 noster.
1919 1951 2016 1986 Onko

166 2019 337 2062 pincerna.
368 2015 532 2049 Tliazlaus
561 2015 690 2060 dapil'er
718 2018 833 2048 uxoris
854 2019 1000 2048 nostrae.
1032 2013 1231 2048 Domezlaus
1259 2017 1431 2059 pincerna.
1461 2013 1626 2047 Henricus
1655 2012 1696 2046 de
1717 2012 1868 2058 Sytavia.
1898 2012 2015 2046 Zenko

165 2076 268 2110 frater
295 2076 464 2113 Zmilonis.
495 2076 612 2109 IIenco
642 2076 735 2109 lililus
764 2075 922 2109 Zmilonis
950 2074 1178 2108 marsclialcus
1208 2075 1366 2108 Boemiae
1395 2078 1426 2107 et
1458 2074 1511 2107 alii
1539 2084 1634 2119 quam
1664 2073 1786 2118 plures.
1833 2073 1954 2106 Actum
1983 2076 2015 2106 in

166 2136 322 2183 Beyzska
361 2148 448 2171 anno
478 2137 599 2170 domini
634 2136 805 2170 millesimo
841 2135 1012 2170 CCLXHI.
1055 2135 1175 2169 factum
1205 2134 1325 2169 ibidem
1353 2145 1413 2180 per
1441 2145 1558 2168 manus
1593 2135 1741 2178 magistri
1770 2133 1909 2167 Arnoldi
1937 2138 2016 2167 tunc

167 2201 270 2232 nostri
297 2198 536 2244 protlionotarij
567 2196 673 2243 pridie
701 2196 776 2230 Idus
806 2196 1035 2242 Septembres.

478 2276 564 2309 (Nat-li
589 2277 663 2301 einer
687 2276 826 2301 einl'arlien
852 2275 992 2302 Absclirist
1016 2275 1064 2301 des
1088 2275 1184 2301 XVlll.
1215 2274 1427 2300 Jalirhundertes
1457 2273 1489 2298 im
1513 2272 1612 2306 'ri-opp.
1643 2273 1730 2299 stand.
1756 2273 1890 2306 [λι-011110,
1915 2273 2014 2307 mitge-

581 2328 655 2354 tlleilt
686 2336 737 2353 von
763 2328 804 2355 Fr.
829 2328 917 2353 Tiller.
965 2327 1073 2360 (Vei-gl.
1100 2326 1199 2353 Gaerth
1232 2326 1391 2352 Gescliichte
1423 2333 1477 2351 von
1511 2324 1658 2358 Groebnig.
1695 2326 1722 2351 S.
1749 2325 1811 2352 338
1837 2325 1904 2351 nach
1928 2325 2014 2351 einem

580 2380 750 2406 Transsumte
776 2388 835 2405 vom
861 2379 885 2406 J.
916 2379 1020 2409 1512.)
1710 2372 1716 2377 ¹
