2184 2828
1068 117 1136 152 122

1054 235 1155 270 174.

179 298 343 331 Heinrich
380 309 442 331 τ()11
476 296 625 341 Eisyrub
653 299 789 340 eriis-ayt
823 296 914 330 allen
948 296 1114 331 Rechten.
1150 296 1204 329 die
1237 307 1275 329 er
1307 297 1373 340 aelf
1400 297 1462 330 den
1498 298 1751 342 li'aufscln'lle'nq
1776 299 1839 341 fiir
1866 299 1921 332 die
1956 310 2032 332 vom

180 358 322 392 Kloster
349 358 465 391 Maria
493 357 584 391 Saal
610 358 642 389 iu
675 356 846 390 Altbreiim
875 356 1054 400 erlfaetflen
1093 357 1199 390 Giiter
1232 368 1274 390 z-ic
1309 357 1620 402 Reinbreclztsdorf
1641 357 1751 392 haben
1788 357 1926 392 homile.
1967 359 2029 393 Dc.

516 417 644 455 Brome,
674 417 728 450 die
756 417 795 451 S.
824 417 1006 450 Michaelis
1034 416 1213 460 Arc-leanq.
1245 417 1325 459 (29.
1356 418 1550 461 Septemb.)
1583 418 1692 452 1337.

334 468 422 521 Nos
451 487 614 520 Henricus
642 485 682 519 de
710 485 889 532 Eysgrube
918 485 1021 519 dictus
1050 485 1237 527 Rauscher,
1259 485 1449 531 Stephanus
1477 491 1572 521 natus
1600 487 1760 523 eiusdem.
1782 491 1817 520 et
1838 487 2029 533 Stephanus

180 549 285 582 dictus
314 548 570 593 Sebensteyner
598 546 638 580 ad
672 549 904 580 vniuersoruin
934 549 1089 580 noticiam
1124 550 1240 579 tenore
1273 549 1483 592 presencium
1518 548 1672 581 volumus
1710 550 1902 593 peruenire,
1931 547 2026 589 Quod

179 621 240 644 nos
281 609 559 643 abrenuncianius
602 611 633 640 et
674 606 986 641 abrenunciauimus
1028 606 1238 652 presentibus
1278 607 1468 653 simpliciter
1517 609 1657 641 fideliter
1690 613 1721 641 et
1762 619 1930 653 expresse
1968 619 2029 654 pro

179 670 286 707 nobis.
316 669 507 711 heredibus,
543 679 602 702 seu
639 667 890 701 successoribus
927 670 1063 707 nostris,
1103 665 1253 700 omnibus
1287 678 1422 701 exnunc
1457 672 1488 701 et
1523 671 1555 701 in
1591 673 1783 714 perpetuum
1820 668 2026 713 accionibus,

179 729 443 777 inpeticionibus,
473 740 532 763 seu
561 727 835 762 infestacionibus
865 727 1125 773 quibuscumque
1154 738 1217 772 que
1245 732 1357 761 contra
1388 728 1601 765 deodeuotas.
1624 728 1789 762 dominam
1809 728 2026 763 Katherinam

179 791 405 834 Abbatissam,
440 790 495 824 vel
530 800 594 835 que
631 799 689 833 pro
727 792 875 834 tempore
909 788 1016 831 fuerit,
1053 792 1086 821 et
1121 788 1323 821 Conuentuin
1359 787 1552 832 Mouasterij
1591 789 1677 822 Aule
1711 793 1826 822 sancte
1859 788 1966 823 Marie
1993 793 2026 823 in

179 856 312 898 antiqua
340 852 488 892 Brunna,
519 849 642 883 ordinis
671 850 929 894 Cysterciensis.
960 849 1055 882 nobis
1084 859 1244 894 pronunc,
1274 853 1327 882 aut
1354 852 1475 882 nostris
1496 849 1673 883 heredibus
1694 860 1752 882 seu
1773 849 2028 884 successoribus

178 913 346 958 legittimis
375 917 566 958 conpetunt.
595 912 650 945 vel
685 913 717 944 in
751 914 848 943 antea
884 909 1091 955 aliquomodo
1129 913 1346 953 conpeterunt
1379 909 1419 942 de
1455 913 1525 943 iure
1558 910 1610 943 uel
1647 909 1686 942 ‹le
1715 909 1814 952 facto,
1844 921 1905 955 pro
1932 909 2027 944 bonis

181 978 212 1008 in
241 973 561 1020 Reynbrechtsdorf.
591 975 662 1006 siue
690 982 750 1017 pro
780 971 842 1004 illis
872 970 1088 1016 Septuaginta
1117 969 1239 1003 Marcis
1267 981 1457 1014 grossorum
1488 970 1716 1011 l'raeeiisiuiu,
1744 981 1825 1015 quas
1845 980 1906 1015 pro
1932 970 2028 1004 dictis

180 1035 275 1069 bonis
311 1034 436 1067 eisdem
473 1032 666 1066 dominabus
702 1031 884 1065 Abbatisse
921 1031 1075 1065 videlicet
1117 1034 1149 1063 et
1183 1029 1365 1063 Conuentui
1401 1036 1550 1064 ementes
1588 1030 1749 1073 dedimus,
1793 1041 1924 1065 necnon
1966 1041 2029 1077 pro

180 1095 307 1138 vsibus,
338 1106 396 1129 seu
426 1093 586 1128 fructibus
615 1097 691 1127 ante
719 1095 925 1138 enipcionein
955 1092 996 1125 de
1025 1091 1120 1125 bonis
1156 1090 1311 1136 predictis
1346 1096 1484 1124 actenus
1512 1103 1571 1136 per
1599 1091 1734 1124 easdem
1763 1091 1913 1125 dominas
1941 1102 2029 1137 per-

182 1159 297 1202 ceptis.
327 1156 465 1200 singnlis
494 1153 645 1188 omnibus
675 1158 708 1187 et
735 1153 948 1197 singulariter
975 1155 1152 1185 vniuersis.
1186 1152 1411 1185 Promittentes
1441 1154 1544 1184 eciam
1576 1151 1659 1184 bona
1691 1151 1764 1188 lide.
1795 1154 1875 1197 ipsis
1894 1151 2030 1185 domine

182 1217 376 1258 Abbatisse,
406 1226 469 1261 que
497 1214 594 1248 fuerit
623 1225 682 1260 pro
715 1218 875 1259 tempore,
914 1217 946 1246 et
980 1212 1164 1246 Conuentui
1198 1211 1390 1255 Monasterij
1430 1211 1619 1257 supradicti,
1656 1216 1687 1244 et
1724 1214 1859 1245 nomine
1894 1216 1926 1245 et
1953 1214 2030 1245 vice

183 1288 295 1311 earum
326 1276 488 1310 nobilibus
513 1275 663 1311 dominis.
685 1273 868 1308 venerabili
889 1273 1020 1307 domino
1041 1273 1173 1306 domino
1193 1272 1346 1306 Bertoldo
1367 1272 1407 1305 de
1427 1272 1530 1317 Lypa.
1552 1275 1719 1317 preposito
1739 1272 2028 1316 wissegradensi,

183 1339 292 1383 Regni
324 1337 459 1371 Boeinie
488 1336 707 1370 Cancellario.
737 1340 770 1368 et
798 1334 929 1367 domiuo
958 1334 1101 1367 Johanni
1131 1333 1171 1367 de
1192 1332 1443 1377 Clingenberch.
1467 1344 1597 1366 necnon
1618 1337 1753 1366 strenuo
1775 1333 1876 1375 militi,
1898 1333 2030 1366 domino

184 1398 360 1440 Holuboni,
399 1397 557 1431 dictarum
594 1396 797 1429 dominarum
841 1395 985 1437 ofliciali.
1022 1394 1107 1428 bona
1140 1393 1285 1440 predicta
1327 1393 1650 1439 Reynbrochusdorf
1682 1393 1810 1437 singula
1846 1397 1879 1427 et
1919 1396 2030 1427 omnia

184 1471 257 1494 cuni
287 1461 355 1493 suis
385 1458 610 1504 pertinencijs,
640 1456 820 1490 secundum
851 1466 1025 1489 counnune
1060 1455 1119 1488 Jus
1149 1460 1236 1488 terre
1264 1454 1411 1488 Morauie
1446 1458 1478 1487 ct
1506 1454 1779 1487 consuetudinem
1809 1453 1848 1487 ab
1878 1453 2030 1488 omnibus

185 1522 377 1554 amicorum.
407 1521 744 1563 consanguineorum,
774 1521 807 1550 et
836 1515 1004 1550 heredum.
1035 1527 1092 1548 seu
1123 1526 1401 1560 quorumcumque
1429 1514 1468 1547 ad
1498 1517 1567 1559 ipsa
1597 1514 1682 1547 bona
1711 1514 1898 1560 supradicta
1925 1525 2031 1561 spec-

185 1580 339 1621 tantibus,
370 1578 634 1625 inpeticionibus,
665 1576 868 1613 accionibus.
900 1581 929 1609 et
958 1575 1230 1610 infestacionibus
1266 1574 1460 1621 quibuslibet
1489 1575 1672 1619 disbrigare
1702 1577 1822 1609 nostris
1850 1574 2030 1621 sumptibus

185 1646 218 1676 et
245 1643 415 1687 expensis,
446 1639 572 1681 Quodsi
602 1641 789 1672 mouicione
818 1637 987 1683 prehabita
1018 1648 1082 1670 non
1113 1637 1288 1670 fecerimus
1309 1635 1391 1669 inl'ra
1413 1635 1622 1680 ‹piindenam.
1644 1640 1767 1669 extunc
1788 1646 1847 1681 per
1866 1635 2030 1669 dominam

186 1701 398 1737 Abbatissaiu
428 1699 620 1734 Monasterii
649 1698 838 1745 supradicti,
869 1708 932 1743 que
962 1697 1069 1731 l'uerit.
1099 1701 1131 1730 et
1160 1700 1230 1730 eius
1258 1696 1475 1730 Conucntuin.
1505 1707 1562 1729 seu
1584 1707 1643 1741 pei·
1663 1696 1813 1729 dominos
1834 1695 2030 1739 antedictOS,

186 1763 238 1797 vel
270 1763 406 1795 alterum
436 1772 561 1802 eorum,
591 1760 644 1794 vel
675 1771 735 1805 per
763 1769 1014 1804 quemcumque,
1044 1761 1177 1791 nomine
1206 1762 1237 1791 et
1265 1759 1338 1791 vice
1374 1768 1499 1789 eorum.
1530 1768 1587 1790 scu
1619 1768 1743 1792 carum.
1773 1759 1826 1803 qni
1855 1761 2031 1802 presentes

188 1823 348 1857 babuerit.
379 1824 538 1867 requisiti.
569 1820 742 1854 Ciuitatcni
773 1819 953 1855 Brvnnani.
984 1830 1076 1852 inore
1104 1818 1260 1863 obstagij,
1286 1828 1401 1851 verum
1423 1817 1605 1861 obstagiuiu
1628 1817 1806 1862 prestando
1827 1817 2031 1860 intrabimus,

188 1883 307 1917 abinde
337 1894 400 1916 non
431 1884 612 1923 cui-essuri.
643 1880 748 1913 donec
778 1879 863 1913 bona
893 1879 1080 1925 supradicta
1109 1891 1168 1925 per
1196 1890 1266 1921 nos,
1296 1889 1353 1911 seu
1384 1877 1535 1919 heredes,
1566 1878 1618 1911 vel
1648 1888 1868 1912 successores
1888 1882 2031 1920 nostros,

188 1949 283 1990 prout
317 1943 505 1989 predicitur.
546 1942 665 1975 luerint
707 1941 911 1985 integraliter
945 1939 1136 1985 ‹lisbrigata.
1194 1938 1262 1973 Sub
1299 1938 1412 1972 barum
1449 1950 1528 1983 quas
1565 1941 1686 1972 nostris
1722 1939 1847 1981 sigillis
1885 1938 2032 1972 dedimus

189 2004 308 2038 robore
337 2008 367 2036 et
398 2005 583 2036 testimonio
613 2002 791 2035 literarum.
822 2001 942 2034 Actum
974 2005 1005 2033 et
1026 2000 1142 2034 Datum
1166 2000 1296 2034 Brunnc
1317 1999 1415 2032 Anno
1445 1999 1565 2032 domini
1585 1998 1760 2033 Millcsiiuo
1782 1999 2034 2032 Trecentesimo

190 2066 385 2099 Trcccsinio
414 2066 564 2109 septimo.
597 2066 626 2096 in
657 2062 708 2095 dic
737 2064 842 2095 sancti
872 2061 1041 2095 Michaelis
1070 2061 1286 2105 Archangeli.

501 2125 566 2152 {tias
592 2125 665 2154 Oria.
692 2123 737 2149 ans
760 2124 917 2154 Pergami-iit
942 2124 985 2149 init
1013 2123 1026 2149 :3
1054 2123 1159 2149 hlciueu
1185 2122 1410 2148 woblerhaltcuen
1429 2122 1537 2155 Sigillrn
1562 2122 1592 2147 ini
1613 2121 1726 2148 Archlvc.
1743 2121 1886 2148 desselben
1904 2121 2035 2153 Klosters,

604 2177 635 2201 ini
661 2184 693 2201 m.
719 2179 751 2201 st.
778 2175 988 2201 Laudesarchivc
1012 2175 1058 2202 Lu.
1084 2176 1115 2201 M.
1141 2184 1165 2202 n.
1191 2173 1254 2206 21.)

1071 2270 1086 2304 1
1101 2270 1171 2304 75.

195 2332 382 2375 ΜηνΙι-(ΙνηΓ
406 2332 494 2365 [sm-l
521 2331 704 2375 hastati-qe!
733 2331 794 2363 (las
823 2331 895 2363 (lem
929 2330 1154 2365 {Velelmwtler
1189 2329 1328 2363 moster
1364 2339 1437 2361 ‘vom
1474 2329 1606 2373 Noui-qe
1633 2329 1770 2363 .Ι(1Ιι(ι1111,
1798 2332 1841 2363 im
1869 2330 1902 2364 J.
1936 2329 2034 2363 1315

194 2393 387 2426 rerlielwue
418 2392 647 2435 l’ririleyimn,
677 2391 748 2424 dem
779 2403 818 2424 za
839 2391 944 2435 Folffl»
963 2391 1025 2424 das
1046 2391 1187 2424 li'loster
1207 2390 1272 2423 med
1289 2390 1407 2423 dassen
1430 2389 1534 2422 Lente
1564 2402 1624 2423 ron
1654 2390 1714 2423 der
1733 2391 1955 2424 Juriscliclion
1976 2392 2037 2424 der

196 2454 226 2486 k.
248 2453 411 2486 Bemnten
429 2453 493 2485 nml
509 2451 733 2485 lAtmlrieltler
748 2451 869 2495 lwfrei!
886 2452 1009 2485 warde.
1027 2451 1085 2485 Dt.
1105 2451 1231 2493 Brome,
1249 2452 1281 2483 in
1296 2450 1349 2483 dle
1369 2449 1399 2483 1).
1419 2449 1597 2483 Elisabeth
1618 2454 1635 2489 (
1645 2451 1698 2484 ΙΙ).
1720 2451 1901 2493 λ’(Η-(Ἲιιὺ.)
1927 2451 2035 2485 1337.

354 2519 397 2572 'n
428 2541 558 2571 nomine
587 2538 708 2571 iloniini
739 2549 846 2571 amen.
869 2537 938 2573 Nos
959 2537 1100 2571 Karolus
1120 2537 1250 2571 Domini
1273 2563 1279 2570 .
1303 2563 1309 2570 .
1332 2536 1434 2579 Regis
1456 2536 1589 2569 Bociuic
1620 2540 1867 2582 primogenitus,
1889 2537 2036 2572 Marchio

198 2599 360 2641 Morauie,
398 2598 570 2631 Vinia-vsi>-
606 2599 724 2632 Christi
764 2597 923 2639 fidelibus,
963 2597 1001 2631 ad
1038 2609 1120 2642 quos
1157 2601 1327 2643 presentes
1370 2600 1593 2642 perucncrint,
1637 2598 1782 2631 Salutem
1825 2603 1856 2631 et
1893 2601 2036 2632 notitiam
