2184 2828
981 127 1048 161 741

89 248 174 283 falso
203 247 277 281 ludo
307 247 451 279 lucratus
481 246 577 278 suerit
606 245 725 290 aliquid
747 244 787 278 ab
817 245 977 290 aquu0‚¹)
1006 248 1037 278 et
1066 247 1220 278 conuinci
1249 244 1410 290 poterit‘2)
1442 246 1569 280 dnobus
1599 246 1736 280 testibus
1778 252 1810 281 et
1844 244 1946 291 jlle3)

91 312 144 354 qui
173 306 325 354 perdidit.
356 309 386 339 in
417 306 505 339 nullo
535 306 594 339 sibi
624 304 849 351 respoiidebit‚
879 305 945 339 Sed
975 316 1034 351 pro
1069 305 1249 351 deceptore
1282 306 1420 351 amplius
1450 307 1624 341 habebitur
1652 312 1685 341 et
1713 307 1811 342 iudici
1839 311 1871 342 in
1900 307 1944 343 X.

90 368 202 403 solidis
241 366 466 413 respondebit.
523 367 593 402 De
635 377 823 403 annau(-
866 377 1087 413 equorum
1128 367 1461 411 premam-um.
1517 367 1552 401 Si
1593 371 1664 412 quis
1706 379 1801 413 equm
1849 380 1944 403 suum

89 439 162 462 cum
179 430 312 472 justicia
343 432 418 473 aput
447 427 587 471 aliquem
609 427 824 471 ‹letiiuierit⁴)
854 426 939 472 quod
960 426 1076 460 (licitur
1095 424 1301 469 attellanC‚5)
1330 426 1437 460 Jndici
1458 428 1578 462 cedent
1597 427 1783 473 trigentass)
1805 429 1946 472 denarii⁷

90 491 244 535 scriptori
274 488 348 522 duo.
379 488 414 522 Si
441 492 550 521 autem
581 488 633 521 ille
662 487 783 533 (licit7)
812 499 848 521 se
869 498 964 533 equm
994 491 1071 532 aput
1108 486 1206 520 alium
1236 489 1358 520 emisse
1387 492 1418 520 et
1447 486 1529 532 adss)
1551 489 1637 522 illum
1666 488 1735 522 uult
1764 489 1943 532 deducere,

89 549 176 596 quod
206 549 324 582 dicitur
361 551 392 582 in
421 549 548 593 uulgari
584 547 774 592 schubenss)
805 552 853 582 sic
882 549 922 581 de
951 559 1014 581 vno
1043 547 1088 581 ad
1127 547 1231 580 alium
1272 546 1463 589 deducetur,
1501 549 1608 583 donec
1636 560 1737 583 uerus
1768 550 1946 584 unenditor

87 612 276 644 inueniatur
304 614 336 643 et
363 614 440 643 tunc
469 620 541 642 cum
568 611 702 653 justicia
739 620 820 655 equs
849 607 1121 655 optinebitur.¹⁰)
1175 607 1216 641 Et
1244 610 1271 642 si
1299 611 1371 653 quis
1400 611 1431 642 in
1462 609 1569 654 aliquo
1606 610 1679 643 loco
1718 621 1815 655 equm
1850 622 1945 645 suum

88 670 238 705 obtinere
268 670 419 710 uoluerit,
450 672 591 715 ipsemet
619 681 692 703 cum
722 669 849 703 duobus
876 672 997 703 vicinis
1026 669 1152 713 suisss]
1176 670 1368 713 juramento
1397 680 1499 715 super
1535 681 1630 716 equm
1665 670 1754 705 facto
1770 670 1815 716 ¹²]
1852 674 1946 718 opti-

90 731 192 766 nebit.
222 730 259 764 Si
287 735 397 764 autem
427 730 543 776 aliquis
585 733 667 764 ciuis
697 741 793 775 equm
838 741 931 764 suum
961 732 1112 776 optinere
1141 729 1293 773 uoluerit,
1321 740 1395 763 cum
1424 730 1496 765 solo
1526 730 1712 777 eonciuiffl]
1741 743 1801 767 suo
1829 737 1862 766 et
1882 732 1946 766 alio

91 791 195 838 probo
215 794 287 825 uiro
306 794 498 824 mettercius
519 790 689 837 optinebit,
710 792 872 825 consimili
895 794 1089 824 iuramento.
1119 790 1191 827 De
1217 792 1305 827 hoe
1324 794 1447 838 qum!
1473 793 1646 828 de'eilm·
1665 795 1945 830 heimsewlve.

90 852 215 887 Omnes
242 855 441 886 unanimiter
475 856 579 885 ratum
609 851 793 897 babere¹⁴)
823 852 990 894 uolumus,
1020 843 1061 885 ut’
1080 854 1188 886 omnis
1221 853 1358 885 inuasor
1385 852 1501 886 domus
1530 856 1639 899 capite
1668 858 1835 900 priuetur,
1874 854 1945 888 Tali

89 918 198 947 autem
218 912 315 947 modo
334 915 498 947 vincetur.
522 912 732 946 Domesticus
753 915 805 957 qui
827 915 962 946 inuasus
983 917 1044 955 est,
1065 923 1109 946 ex
1128 917 1265 959 utraque
1284 917 1379 959 parte
1399 912 1515 947 domus
1536 925 1597 947 sue
1618 914 1700 948 duos
1721 918 1849 949 uicinos
1866 926 1945 949 suos

89 972 282 1018 habebit15)
310 977 426 1015 testes,
449 984 530 1019 quos
560 975 587 1006 si
616 973 741 1007 habere
769 984 834 1006 non
856 972 1023 1019 potestffi)
1051 984 1149 1007 unum
1169 971 1291 1007 habeat
1319 978 1411 1008 trans
1440 976 1539 1017 uiam,
1566 974 1663 1009 alium
1692 987 1774 1009 uero
1801 979 1944 1010 uicinum

91 1046 186 1069 suum
216 1039 247 1069 et
276 1034 357 1068 alios
376 1033 500 1080 probos
530 1037 631 1076 uiros,
661 1039 693 1068 et
722 1037 748 1067 si
778 1034 919 1067 eundem
949 1036 1138 1068 inuaserem
1157 1036 1268 1068 uiuum
1298 1034 1410 1080 ue117)
1437 1039 1599 1069 mortuum
1621 1035 1764 1082 hosspes
1793 1039 1826 1070 In
1847 1036 1945 1071 domo

90 1107 149 1130 sua
178 1093 421 1141 retinuerit‚¹¹‘³)
456 1095 612 1140 predictis
648 1094 788 1128 testibus
817 1098 1008 1138 conuictus,
1046 1095 1098 1128 uel
1127 1106 1193 1129 uno
1218 1097 1329 1139 jurato
1365 1096 1497 1142 capitali
1527 1100 1700 1130 sentencia
1730 1095 1945 1143 puniaturffi]

90 1156 127 1190 Si
155 1161 264 1191 autem
293 1158 430 1190 inuasor
459 1166 658 1200 quocunque
687 1156 784 1189 modo
813 1156 979 1200 effugerit,
1009 1160 1042 1189 et
1070 1160 1143 1201 post
1170 1155 1233 1189 hec
1263 1158 1424 1190 innocens
1454 1167 1530 1191 esse
1557 1158 1698 1191 uoluerit
1726 1169 1800 1192 cum
1829 1157 1944 1204 probis

90 1220 170 1251 uiris
198 1220 230 1251 in
259 1227 360 1251 cruce
388 1227 425 1250 se
455 1219 682 1262 metseptimus
694 1215 742 1261 ²⁰)
773 1215 973 1262 expurgabit
1002 1216 1053 1250 uel
1082 1227 1147 1250 uno
1176 1217 1304 1251 Jurato.
1334 1217 1369 1251 Si
1391 1229 1471 1251 uero
1500 1218 1641 1264 simplex
1670 1221 1874 1263 querimonia
1904 1218 1947 1252 de

89 1278 198 1323 aliquo
235 1280 391 1312 inuasore
427 1276 571 1317 factata)
608 1277 723 1319 suerit,
754 1277 844 1311 solus
879 1280 909 1311 in
939 1288 1039 1311 cruce
1068 1288 1105 1311 se
1132 1280 1250 1323 poterit
1279 1276 1543 1324 expurgare.²2]
1570 1279 1641 1316 De
1667 1280 1946 1326 &mpliciter

88 1341 321 1375 accusato.
351 1337 547 1384 Quicunque
576 1349 635 1384 pro
665 1338 841 1372 homicidio
870 1341 1041 1372 incusatus
1069 1337 1167 1372 fuerit
1200 1350 1274 1372 cum
1313 1340 1451 1385 simplici
1486 1343 1692 1384 querimonia
1704 1338 1754 1385 2³)
1783 1343 1815 1374 in
1844 1352 1947 1374 cruce

89 1410 128 1433 se
157 1399 247 1433 solus
276 1398 488 1445 expurgabit,
519 1404 551 1432 et
580 1401 766 1445 quicunqne
801 1401 920 1432 cimum
951 1398 1049 1432 habet
1083 1398 1167 1433 infra
1202 1398 1389 1444 murum24]
1428 1403 1574 1435 ciuitatis
1612 1400 1653 1434 de
1690 1401 1875 1435 hereditate
1905 1401 1945 1435 ad

87 1458 291 1504 triginta.2⁵)
319 1459 452 1494 Marcas
481 1470 541 1505 pro
562 1459 783 1504 lioniietdaffij)
812 1459 992 1493 lideiubere
1012 1458 1188 1506 potest.²⁷)
1218 1460 1253 1494 Si
1274 1463 1346 1507 quis
1375 1459 1544 1506 autemffi]
1574 1461 1614 1495 de
1643 1462 1821 1496 homicidio
1841 1465 1943 1496 incu-

88 1524 178 1555 satus
212 1520 308 1554 fuerit
336 1525 370 1554 et
397 1531 435 1554 se
455 1531 645 1566 expurgare
673 1519 874 1565 uolueritffl)
903 1525 968 1555 met
997 1523 1156 1566 septimus
1186 1523 1217 1554 in
1238 1532 1339 1555 cruce
1369 1533 1406 1556 se
1434 1533 1508 1556 cum
1538 1525 1619 1557 uiris
1640 1522 1782 1568 ydoneis
1811 1534 1944 1569 expur-

87 1578 236 1626 gabit30)
274 1581 399 1615 Tamen
429 1584 461 1615 in
490 1581 577 1615 hunc
614 1581 756 1614 modum.
815 1581 988 1617 Forma
1021 1582 1225 1618 iurandi.
1280 1583 1471 1616 Accusatus
1501 1586 1606 1629 primo
1640 1583 1763 1628 jurabit
1800 1595 1837 1618 se
1867 1595 1945 1618 esse

88 1643 314 1684 innocentem,
335 1642 387 1676 alii
416 1646 483 1676 tres
507 1641 665 1686 jurabunt
694 1653 732 1676 se
752 1641 875 1675 uidisse
904 1644 1136 1675 innocenciam
1157 1653 1264 1685 suam,
1293 1643 1396 1676 vltimi
1425 1648 1495 1677 tres
1522 1643 1679 1688 jurabunt
1707 1645 1780 1678 illos
1801 1650 1944 1691 quatuor

82 1703 173 1746 juste
197 1703 346 1746 jurasse.
403 1702 562 1737 Similiter
586 1701 766 1747 jurabunt,
797 1705 850 1747 qui
885 1704 985 1735 uitam
1021 1713 1114 1736 suam
1153 1702 1363 1737 defendendo
1393 1704 1534 1749 aliquem
1565 1702 1791 1750 occidunt.³¹)
1845 1705 1886 1739 Et
1914 1708 1942 1738 si

90 1767 270 1796 accusatus
299 1762 412 1809 fugam
441 1763 581 1806 dederit,
602 1764 719 1798 nolens
748 1774 956 1809 comparere,
977 1762 1018 1796 de
1046 1762 1204 1809 predictis
1224 1767 1357 1809 triginta
1368 1762 1417 1809 ³²]
1448 1768 1568 1799 marcis
1598 1765 1718 1799 cedent
1737 1768 1878 1800 inimicis
1891 1763 1942 1809 ³3)

86 1821 210 1857 XXIII.
240 1821 413 1871 Marceffl)
440 1824 547 1858 Judici
576 1827 720 1870 quinque
750 1821 932 1868 marceg‘ffi')
961 1823 1087 1857 Juratis
1118 1835 1198 1858 rero
1227 1824 1291 1858 due
1310 1823 1433 1859 Marce.
1446 1823 1495 1869 ⁷³⁶)
1550 1826 1621 1863 De
1644 1828 1941 1873 proseriple's.

87 1882 151 1917 Pro
185 1883 381 1929 homicidio,
420 1888 447 1919 si
485 1888 558 1932 quis
588 1888 793 1932 proscriptus
823 1884 941 1927 fuerit,
976 1887 1048 1918 sine
1085 1887 1174 1918 omni
1207 1885 1470 1920 contradictione
1499 1889 1664 1920 ciuitatem
1700 1897 1788 1921 anno
1822 1891 1853 1920 et
1890 1886 1945 1920 die

88 1943 210 1980 uitabit.
242 1945 277 1979 Si
306 1950 414 1980 autem
444 1950 613 1980 transacto
642 1957 729 1979 anno
757 1948 905 1990 graciam
934 1947 1141 1978 inimicorum
1171 1945 1334 1989 habuerit,
1355 1951 1532 1991 antequam
1562 1950 1728 1981 ciuitatem
1758 1951 1855 1981 intret
1879 1949 1941 1991 ju-

86 2006 167 2038 ratis
194 2004 340 2040 Marcam
369 2006 458 2040 dabit
486 2004 572 2051 et37)
602 2006 710 2040 Judici
739 2003 977 2049 dimidiam-³⁵³³)
1007 2005 1204 2050 Quicunque
1233 2008 1263 2039 in
1292 2017 1355 2040 una
1392 2010 1530 2042 ciuitate
1566 2008 1687 2041 domini
1716 2007 1822 2053 Regis
1851 2018 1941 2054 pro-

86 2066 228 2109 scriptus
248 2065 345 2100 fuerit
372 2067 423 2101 uel
445 2070 476 2101 in
505 2068 569 2101 alio
598 2067 706 2113 aliquo
735 2067 819 2109 loco,
849 2069 881 2100 in
910 2065 1061 2100 omnibus
1089 2066 1278 2101 ciuitatibus
1298 2071 1329 2100 et
1358 2069 1390 2101 in
1418 2068 1500 2102 locis
1530 2071 1649 2113 rengni
1678 2073 1711 2102 et
1740 2071 1836 2103 terris
1857 2080 1942 2114 pro-

87 2127 229 2169 scriptus
248 2125 407 2161 habeatur
426 2132 458 2162 et
476 2128 585 2162 nullus
604 2127 687 2162 baro
708 2128 760 2161 uel
783 2127 899 2160 nobilis
928 2127 980 2160 uel
1001 2127 1095 2161 miles
1123 2129 1241 2171 rengni
1272 2128 1323 2161 uel
1344 2129 1545 2174 prouncialis
1559 2126 1607 2171 ⁷⁵⁹)
1637 2132 1740 2173 ipsum
1763 2128 1940 2173 tenerem)

144 2245 167 2274 ¹*
193 2247 254 2274 alio.
279 2246 304 2280 2)
328 2252 477 2277 conuictus.
503 2249 528 2284 3)
554 2252 612 2277 biis.
638 2249 663 2284 ⁴)
688 2259 784 2285 equum
816 2258 890 2275 snum
921 2249 1062 2283 aputalium
1088 2249 1231 2275 detinuerit
1262 2259 1319 2277 cum
1344 2252 1409 2278 iure.
1436 2250 1461 2285 ⁵)
1487 2260 1598 2277 anuanc.
1624 2250 1650 2283 ὑ)
1675 2252 1754 2278 XXX.
1782 2249 1806 2285 ῖ)
1831 2253 1940 2279 dixerit,

190 2298 217 2331 ⁸)
251 2300 333 2326 Felilt.
362 2300 389 2335 ν)
417 2303 535 2330 scbiben.
569 2301 608 2335 ¹⁰)
638 2302 782 2329 obtinetur.
818 2299 857 2335 11)
889 2302 943 2327 suis
977 2302 1077 2327 vicinis.
1111 2300 1148 2333 12)
1181 2304 1303 2336 prestito.
1335 2300 1373 2337 13)
1404 2305 1526 2331 concine.
1562 2301 1598 2335 14)
1629 2303 1731 2330 haberi.
1760 2302 1798 2337 ¹⁵)
1821 2305 1929 2330 babeat.

195 2350 232 2381 ¹¹¹)
258 2355 364 2386 poterit.
395 2352 434 2388 Π)
458 2359 511 2383 aut.
546 2354 584 2388 μ’)
615 2358 747 2381 mortuum
779 2355 802 2379 in
836 2354 916 2379 domo
950 2361 996 2378 sua
1021 2353 1123 2387 hospes
1154 2355 1300 2380 retinuerit.
1329 2352 1364 2389 Η’)
1390 2356 1439 2381 sibi
1470 2356 1565 2381 inserat
1595 2356 1761 2382 sentenciam
1793 2357 1937 2390 capitalem

192 2403 230 2435 ²⁰)
255 2414 284 2431 se
309 2408 491 2441 metseptimus
514 2408 539 2434 in
571 2416 660 2434 cruce.
693 2404 732 2437 ΖΙ)
765 2406 912 2440 proposita.
945 2402 985 2439 22)
1011 2406 1178 2439 expurgabit.
1214 2403 1253 2437 ²³⁸)
1278 2415 1326 2441 per
1356 2409 1501 2442 simplicem
1534 2408 1735 2441 querimoniam.
1770 2406 1809 2443 ²¹¹)
1841 2417 1934 2435 muros

192 2455 231 2486 ²³)
256 2458 334 2484 XXX.
359 2455 400 2491 26)
412 2459 565 2486 homicidio.
590 2457 631 2494 ²⁷)
656 2462 747 2493 potest
771 2457 926 2483 lideiubere.
952 2454 992 2489 2’“)
1010 2457 1091 2482 Felilt.
1117 2455 1157 2491 1Ψ)
1181 2458 1276 2484 volens
1300 2467 1329 2484 se
1354 2468 1514 2494 expurigare.
1542 2457 1585 2491 ³¹⁰)
1602 2461 1625 2484 in
1651 2468 1729 2486 cruce
1754 2469 1827 2486 snam
1846 2462 1927 2486 inno-

191 2511 308 2536 cencium
333 2510 519 2544 comprobabit
548 2519 606 2537 cum
636 2512 699 2537 viris
732 2510 883 2543 lidedignis.
918 2506 960 2543 ³¹)
989 2510 1032 2542 qui
1063 2511 1140 2535 vitam
1173 2511 1215 2543 qui
1246 2510 1420 2537 defendendo
1453 2513 1529 2536 vitam
1553 2513 1627 2543 (sir)
1651 2514 1785 2547 propriam
1812 2513 1931 2546 aliquem

191 2563 326 2588 occidunt..
360 2559 399 2597 32)
429 2562 508 2588 XXX.
539 2559 580 2596 ³³)
610 2563 755 2589 actoribus.
792 2559 834 2593 ΖΗ)
868 2561 950 2587 Felilt..
987 2558 1030 2595 3·”)
1058 2561 1117 2587 blos
1148 2561 1180 2587 V.
1217 2560 1256 2597 3ὓ)
1288 2562 1371 2589 Felilt.
1404 2561 1442 2595 Ἤ)
1473 2563 1556 2589 Felilt.
1590 2562 1629 2597 ²¹⁸)
1658 2564 1769 2590 mediam
1802 2573 1932 2590 niartam.

191 2611 230 2643 ςιυι
256 2612 430 2648 prouincialis
456 2614 541 2647 regni.
567 2612 610 2648 ⁴⁰)
633 2616 713 2640 tueri.

1793 2669 1829 2694 {14
