2184 2828
135 217 316 262 equaliter.
355 219 402 249 sic
431 215 517 261 quod
553 217 661 260 quiuis
691 215 911 261 predictorum
942 216 1146 250 dominorum
1177 218 1208 249 in
1238 220 1461 262 percepcioue
1497 221 1599 264 patris
1629 218 1712 263 (sic)
1741 229 1815 252 eum
1844 221 1981 252 contiu-

133 279 243 321 gentis
276 276 462 309 nullatenus
497 274 722 309 defraudetur.
778 276 983 320 Iniungimns
1019 280 1123 310 eciam
1158 276 1313 322 predictis
1350 276 1520 312 dominis.
1553 305 1560 312 .
1585 278 1776 324 Preposito‚
1814 279 1980 321 BertoldQ

134 336 346 371 Tscbencoui
381 339 412 369 et
449 335 626 378 Heinrico,
673 340 708 370 vt
743 336 889 382 predicta
926 336 1090 371 divisione
1124 348 1185 382 per
1221 347 1282 370 nos
1318 335 1405 370 facta
1435 340 1527 372 iuxta
1563 342 1802 385 promissorum
1838 342 1981 385 ipsorum

132 398 374 431 continenciam
403 395 499 429 nobis
528 396 668 429 fideliter
706 395 866 430 sactorum
896 400 1080 431 contentari
1109 399 1242 431 omnino
1272 396 1436 439 debeant,
1473 402 1505 431 et
1540 401 1643 444 ipsam
1674 402 1705 433 in
1734 399 1886 434 omnibus
1914 403 1982 434 suis

131 456 286 490 clausulis
315 456 550 489 inuiolabiliter
578 455 774 490 obseruare.
833 457 990 490 Preterca
1021 468 1081 491 nos
1109 457 1286 491 Heinricus
1316 460 1504 503 prepositus
1533 458 1708 493 Bertoldus
1742 464 1775 493 et
1804 460 1982 494 Tsclienko

131 519 390 550 renuncciamus
421 528 584 562 expresse
614 519 701 550 omni
731 520 877 560 accioni,
916 520 1117 563 impeticioni
1153 528 1212 551 seu
1247 521 1460 564 repeticionh
1503 531 1567 564 que
1604 520 1699 554 nobis
1735 520 1914 554 heredibus
1953 525 1982 554 et

131 576 393 610 Successoribus
423 579 545 610 nostris
574 579 605 610 in
636 576 731 610 bouis
752 581 858 623 ipsum
882 577 1036 611 Patruum
1058 583 1204 611 nostrum
1226 577 1393 612 dominum
1413 578 1619 622 Ileinricuim
1650 580 1797 621 fratrem„
1828 581 1983 614 Sorores.

129 636 272 671 heredes
301 641 333 670 et
363 637 590 670 Successores
620 639 767 682 ipsorum
797 649 857 683 per
886 637 1081 672 diuisionem
1111 638 1297 672 huiusmodi
1327 639 1598 683 contingentibus
1627 646 1763 685 possent
1793 646 1983 687 competere

130 698 256 731 auxilio
285 697 387 739 Juris‚
418 697 517 741 Legis
547 709 605 730 seu
628 697 804 731 Terrarum
834 699 1083 732 consuetudinis
1103 702 1341 744 cuiuscumque
1371 700 1546 744 suffragari
1575 706 1712 745 possent
1741 702 1986 746 quomodolibet

130 757 335 803 temporibus
365 758 526 803 affuturis7
557 758 613 791 Sic
642 762 674 792 et
702 769 763 792 nos
791 758 968 793 Heinricus
998 759 1166 805 predictus
1195 759 1325 793 Patruis
1361 763 1483 794 nostris
1512 760 1648 806 prefatis
1684 773 1743 807 pro
1772 765 1985 808 impeticionc

129 818 295 852 Bonorum
317 829 376 852 eos
395 818 544 852 similiter
572 821 844 863 contingencium
873 823 1129 854 renuncciamus
1158 831 1218 866 per
1237 820 1368 853 modum
1390 821 1530 854 lideliter
1557 826 1589 855 et
1617 825 1759 856 sincere.
1789 822 1824 856 In
1846 834 1983 868 quorum

129 881 272 912 omnium
303 881 524 912 testimonium
554 883 730 923 presentes
760 879 829 912 lieri
856 882 1010 913 iussimus
1030 881 1155 923 literas,
1187 881 1375 925 Sigillorum
1407 886 1594 915 nostrorum
1616 885 1796 916 munimine
1825 883 1866 916 de
1894 888 1982 917 certa

131 944 246 974 nostra
275 942 421 973 sciencia
450 938 636 973 roboratos.
692 939 762 973 Nos
791 950 874 973 vero
894 940 1041 981 want-0„
1071 941 1185 983 Jesco„
1215 941 1329 979 Jescm
1362 941 1543 976 ssencssius
1573 947 1605 976 et
1629 943 1806 976 lleinricus
1834 944 1983 989 predicti.

130 1005 228 1046 atque
265 1011 327 1034 nos
361 999 520 1034 Albertus
555 999 596 1033 de
625 1000 890 1046 Reyssenburk,
920 1001 1115 1035 Cluuii-adas
1144 1002 1251 1036 dictus
1282 1002 1450 1041 Bauarus„
1488 1008 1519 1036 et
1548 1003 1655 1038 Hinco
1685 1003 1726 1037 de
1754 1004 1896 1037 Bludow
1926 1016 1985 1050 per

131 1060 298 1107 predictos
335 1061 485 1094 dominos
520 1065 656 1094 nostros
692 1064 914 1106 prepositum‚
946 1062 1150 1101 Bertoldmm
1187 1062 1443 1097 Tscbenconem
1478 1069 1509 1097 et
1538 1063 1730 1097 Heinricum
1768 1064 1806 1098 ad
1838 1065 1984 1110 predicta

130 1121 321 1167 specialiter
348 1125 454 1165 rogati
483 1132 543 1167 pro
575 1121 712 1155 testibus
742 1122 860 1166 sigilla
890 1126 1002 1155 nostra
1038 1134 1110 1156 cum
1146 1123 1271 1167 sigillis
1299 1123 1521 1169 predictomm
1558 1124 1765 1158 dominorum
1806 1129 1985 1159 amicorum

130 1186 320 1216 nostrorum
349 1185 496 1228 presenti
526 1181 620 1215 litere
650 1182 792 1227 appendi
822 1182 1052 1217 maudauimus
1081 1186 1111 1217 in
1141 1186 1298 1217 maiorem
1320 1187 1464 1217 omnium
1487 1188 1724 1230 premissorum
1753 1186 1983 1220 certitudinem

131 1247 162 1276 et
191 1243 367 1276 cautelam.
397 1243 517 1276 Actum
548 1247 580 1276 et
607 1242 727 1276 Datum
758 1242 904 1289 Lypnicz
934 1246 965 1277 in
995 1248 1115 1278 octaua
1134 1244 1331 1290 Epyphanie
1351 1245 1485 1278 Domini
1514 1257 1600 1279 anno
1630 1249 1808 1280 natiuitatis
1837 1246 1984 1281 eiusdem

130 1302 181 1336 ΜΟ
210 1303 308 1337 CCU'
337 1302 393 1336 XL
423 1302 541 1336 Sexto.

439 1382 523 1413 (Nacli
553 1382 612 1407 (lem
638 1382 796 1410 Fraffmente
829 1383 903 1408 ciues
928 1383 1114 1417 l‘upier-soil.
1146 1392 1193 1409 aus
1219 1384 1267 1409 der
1292 1384 1322 1410 ll.
1350 1384 1435 1410 llall'te
1461 1385 1508 1410 des
1533 1385 1602 1410 XIV*
1629 1384 1860 1418 ,latii-tininleiics,
1885 1387 1908 1412 iu
1936 1386 1982 1411 der

544 1434 742 1459 Cerrouiscben
769 1435 923 1468 Sammlung
947 1435 978 1460 ll.
1004 1444 1028 1460 u.
1048 1434 1107 1460 ‘264
1134 1436 1160 1461 S.
1188 1436 1215 1469 7,
1240 1437 1273 1462 im
1298 1437 1380 1462 mulir.
1407 1436 1493 1462 stand.
1520 1437 1758 1467 Laudesurrliiie.)

1003 1564 1110 1599 (3:34.

135 1632 250 1674 Cenelt·
286 1652 352 1675 ron
381 1641 467 1686 Εἶρα
496 1641 663 1675 bestimmt
691 1642 881 1686 ‹Ie‘ejem‘yen
913 1642 1073 1676 ert‘ihreml
1106 1644 1220 1676 semer
1251 1644 1541 1689 (idumeam-least
1568 1644 1769 1688 miuneham
1800 1645 1982 1687 iS'elmlden,

131 1702 257 1735 welche
291 1702 395 1735 ‹lm-cla
430 1704 546 1735 seimon
581 1703 716 1736 [ἐι-κάει·
748 1702 912 1736 Heinrich
949 1703 1015 1736 and
1051 1703 1154 1736 ‹lm—elz
1190 1705 1283 1738 sesne
1335 1705 1471 1739 telleree
1510 1705 1681 1738 Bet-thom
1715 1706 1780 1739 und
1819 1706 1983 1739 llefmv'clt

127 1762 266 1806 yezalelt
295 1763 427 1796 werden
457 1763 577 1797 sellem.
634 1764 694 1797 De.
726 1763 875 1808 Le'pm’vz.
905 1764 1074 1796 ‹lmw'niea
1109 1766 1272 1808 prou-ima
1307 1769 1388 1799 (mle
1423 1765 1453 1799 b.
1485 1765 1514 1800 l).
1545 1766 1694 1799 Fabiam?
1721 1769 1754 1799 cl
1783 1766 1986 1799 Sebastiam·

767 1828 908 1868 intirlssr.
941 1824 1021 1865 (1⁵.
1051 1824 1205 1867 Ja'meelfi)
1238 1825 1348 1859 1346.

287 1899 377 1953 Ros
394 1918 529 1953 Czenko
546 1919 586 1953 de
605 1919 696 1965 Lypa
712 1919 831 1953 Notum
851 1919 988 1953 facimus
1005 1922 1183 1953 vniuersis.
1202 1920 1296 1960 Quod
1318 1921 1501 1955 venerabili
1518 1921 1660 1955 Domino
1678 1921 1824 1955 ilenrico
1840 1921 1983 1955 W'isse-

137 1977 290 2012 hradensi
325 1982 495 2025 preposito
529 1980 650 2014 Patruo
687 1985 801 2014 nostro
837 1980 978 2013 Domino
1021 1979 1176 2014 Bertoldo
1210 1980 1304 2014 fratri
1345 1986 1458 2016 nostro
1501 1987 1599 2028 atque
1639 1982 1784 2015 lIcnrico
1819 1981 1981 2027 quondam

138 2037 246 2072 l'ratris
273 2042 375 2073 nostri
395 2039 533 2074 Hem-ici
562 2040 626 2074 lilio
656 2041 750 2075 dictis
780 2041 819 2074 de
841 2040 931 2086 Lypa
961 2043 1171 2085 promisimus
1193 2045 1225 2074 ct
1245 2044 1462 2086 promittimus
1484 2042 1568 2076 bona
1590 2042 1653 2076 lide
1682 2045 1707 2076 si
1738 2042 1844 2086 aliqua
1874 2041 1982 2076 debita

138 2100 315 2132 occasione
344 2112 569 2145 expensarum
600 2101 654 2135 vel
683 2101 755 2145 alijs
785 2101 1044 2147 quibuscumque
1064 2101 1169 2134 modis
1196 2101 1333 2135 durante
1353 2106 1543 2148 captiuitate
1563 2108 1675 2136 nostra
1702 2101 1980 2137 contralieremus

139 2158 190 2190 vel
228 2157 366 2204 dampna
401 2161 647 2206 quomodolibet
682 2161 888 2203 subiremus,
927 2172 990 2204 quc
1028 2160 1168 2206 dampna
1204 2165 1236 2194 et
1273 2161 1380 2196 debita
1417 2166 1495 2209 ipsis
1530 2167 1654 2209 patruis
1688 2166 1808 2196 nostris
1845 2162 1980 2196 forsitan

138 2218 351 2264 displicerent
370 2220 463 2260 Quod
494 2221 555 2255 bec
585 2222 624 2255 ad
654 2222 862 2256 audienciam
884 2221 1090 2255 dominorum
1110 2221 1265 2255 Jesconis
1286 2222 1326 2255 dc
1347 2223 1547 2257 Bozcowicz
1568 2224 1756 2257 Wanconis
1777 2227 1809 2256 ct
1827 2222 1981 2257 Jesconis

138 2280 179 2312 de
209 2278 347 2312 wessel
376 2280 537 2315 dictorum
567 2282 608 2316 de
636 2282 864 2316 wartenberk
895 2287 927 2315 ct
957 2281 1101 2315 lleinrici
1131 2282 1171 2315 de
1193 2282 1418 2327 Clingenberk
1448 2287 1627 2318 amicorum
1657 2287 1844 2316 nostrorum
1874 2283 1982 2317 dilec-

142 2343 247 2372 torum
278 2338 408 2373 deferre
444 2342 529 2375 nulla
560 2343 831 2376 contradiccione
860 2345 988 2388 penitus
1018 2341 1125 2375 babita
1156 2342 1336 2376 debeamus
1365 2343 1435 2377 Tali
1472 2344 1669 2378 condicione
1698 2343 1783 2388 quod
1813 2343 1980 2389 predictus

139 2398 242 2432 frater
271 2404 303 2432 et
332 2399 439 2433 l'atrui
469 2406 572 2436 nostri
600 2403 738 2449 predicti
768 2404 808 2436 di·
829 2404 976 2448 dampnis
1005 2407 1036 2435 et
1066 2402 1183 2436 debitis
1206 2402 1390 2437 huiusmodi
1410 2415 1476 2438 non
1505 2406 1611 2447 magis
1633 2403 1727 2436 nobis
1748 2406 1778 2436 in
1801 2404 1978 2437 subsidium

137 2459 358 2504 predictorum
389 2459 602 2506 dampnorum
630 2468 663 2497 et
692 2463 874 2497 debitorum
905 2466 966 2496 uisi
996 2463 1024 2496 id
1055 2463 1140 2507 quod
1169 2463 1306 2509 predicti
1337 2463 1457 2498 domini
1479 2464 1611 2497 Wanco
1641 2467 1673 2496 et
1700 2466 1806 2497 ceteri
1837 2464 1980 2498 manda-

140 2522 243 2552 uerint
273 2519 351 2552 dare
380 2524 411 2552 et
439 2520 570 2554 soluere
599 2527 782 2557 tencantur.
816 2524 936 2556 llaruin
967 2528 1154 2556 nostrarum
1184 2523 1300 2568 quibus
1324 2524 1473 2567 Sigillum
1503 2528 1650 2557 nostruin
1681 2523 1720 2557 de
1749 2529 1837 2558 certa
1867 2529 1977 2557 nostra

139 2582 283 2613 sciencia
314 2591 495 2625 appensum
523 2586 573 2615 cst
601 2586 786 2617 testimonio
815 2585 993 2618 literarum.
1050 2583 1169 2617 Datum
1205 2584 1351 2628 Lypuicz
1389 2585 1560 2618 Dominica
1595 2587 1745 2629 proxima
1783 2589 1858 2618 ante
1887 2585 1979 2618 lica-
