2184 2828
245 254 276 282 et
304 249 489 283 huiusmodi
518 250 712 283 electionem
742 259 818 283 esse
846 252 1040 283 canonicam
1071 248 1151 281 alias
1180 248 1325 292 legitime
1353 251 1495 282 constitit
1522 249 1681 295 prefatum
1712 250 1852 283 electum
1883 259 1983 294 super
2011 248 2071 283 hiis

244 310 357 343 audire
398 309 568 354 denegans
610 309 761 342 dilectum
802 310 899 342 filium
935 308 1130 342 Stinlionem
1166 308 1206 341 de
1244 308 1428 342 Blelsschin
1465 308 1664 344 Canonicum
1701 310 1896 344 Monasterii
1934 309 2070 355 Syloen.

243 369 365 403 ordinis
394 374 425 403 et
454 370 595 414 Pragen.
626 369 711 403 dioc.
742 369 961 416 predictorum
990 372 1077 401 motu
1106 371 1221 413 propio
1251 373 1282 402 et
1310 369 1350 402 de
1379 368 1467 402 facto
1496 371 1622 403 intrusit
1651 375 1681 404 et
1706 381 1764 415 per
1791 369 1941 403 laicalem
1975 373 2071 403 etiam

244 433 422 475 potentiam
451 430 569 463 intrudi
598 429 677 463 fecit
705 432 736 463 in
765 429 851 463 dicto
887 429 1089 463 Monasterio
1127 427 1427 462 Zabbarduwizen.
1465 432 1495 462 in
1532 429 1708 469 Abbatem,
1747 434 1881 475 propter
1915 440 1979 474 que
2013 440 2072 475 pro

243 495 335 535 parte
364 490 521 523 dictorum
551 489 742 523 Conventus
776 490 835 524 fuit
869 490 907 523 ad
938 489 1050 523 sedem
1079 489 1293 533 apostolicam
1323 489 1531 535 appellatum.
1560 489 1639 524 Cum
1674 494 1782 534 itaque
1819 489 1956 523 dilectus
1990 490 2072 523 lilius

242 550 471 583 Tlieodoricus
509 549 695 584 Canonicus
732 550 807 584 dicti
844 549 1037 583 Monasterii
1075 548 1372 582 Zabbarduwizen.
1412 560 1451 583 ac
1487 554 1597 584 rector
1628 549 1827 596 parochialis
1857 550 2002 583 ecclesie
2040 553 2071 583 in

243 610 387 643 Ulobucli
425 610 511 644 dicte
550 609 742 644 Olomucen.
782 611 925 644 diocesis
967 620 1026 655 per
1063 609 1251 643 Canonicos
1294 609 1369 642 dicti
1407 608 1595 643 Monasterii
1632 610 1932 644 Zabbarduwizen.
1976 610 2072 643 solite

240 670 420 714 gubernari
449 681 508 704 suo
529 675 561 704 et
580 670 739 704 dictorum
760 675 945 704 conventus
966 672 1097 703 nomine
1118 668 1383 715 prosequendum
1404 670 1655 715 appellationem
1676 669 1859 704 huiusmodi
1880 669 1920 703 de
1939 669 2071 703 licentia

241 735 272 764 et
308 731 479 764 voluntate
516 731 704 764 eorumdem
744 730 984 764 Canonicorum
1023 732 1083 763 iter
1117 733 1311 775 arripuisset
1349 729 1387 762 ad
1417 729 1528 764 sedem
1560 730 1715 764 veniendi
1753 730 1946 776 predictam,
1985 730 2070 763 idem

239 790 348 824 Hinko
377 802 449 825 cum
480 790 672 836 quibusdam
701 793 769 825 suis
798 794 829 824 in
860 790 921 823 bac
950 794 1044 836 parte
1072 789 1286 835 complicibus
1314 790 1443 823 clericis
1472 795 1504 824 et
1531 791 1623 824 laicis
1657 790 1798 824 eundem
1828 789 2071 823 Tlieodoricum

239 855 271 885 in
300 852 386 885 dicto
415 855 531 885 itinere
559 855 768 885 constitutum
798 851 962 884 violenter
996 853 1083 896 cepit
1110 855 1143 884 et
1171 850 1266 884 bonis
1296 861 1360 895 que
1388 861 1498 884 secum
1537 850 1679 884 habebat
1702 878 1708 884 .
1728 878 1733 884 .
1753 878 1760 884 .
1784 862 1846 884 nec
1881 861 1947 884 non
1985 850 2071 883 dicta

241 912 384 945 ecclesia
413 915 445 945 in
474 923 535 957 qua
565 911 603 945 ad
634 914 915 956 presentationem
945 910 1158 944 Gotlischalci
1186 910 1328 944 Abbatis
1357 914 1389 944 et
1416 916 1599 944 conventus
1627 911 1846 956 predictorum
1876 914 2071 944 auctoritate

239 972 404 1006 ordinaria
433 975 593 1006 canonice
621 971 728 1005 fuerat
756 975 930 1009 institutus,
961 982 1099 1016 eamque
1128 982 1188 1017 per
1216 971 1325 1016 plures
1359 981 1464 1004 annos
1498 971 1635 1017 pacifice
1672 971 1866 1017 possederat
1903 975 1935 1004 et
1972 973 2070 1004 etiam

238 1032 427 1078 possidebat
460 1035 611 1078 nequiter
647 1032 799 1077 spoliavit
832 1035 1006 1077 ipsumque
1044 1043 1102 1077 per
1136 1042 1256 1065 aunum
1297 1036 1329 1064 et
1363 1032 1498 1077 amplius
1535 1031 1654 1065 tamdiu
1690 1032 1780 1065 duris
1819 1030 2011 1065 carceribus
2040 1035 2071 1063 et

238 1093 378 1127 vinculis
410 1092 528 1126 seri-eis
557 1093 692 1126 detinuit
721 1095 953 1137 mancipatum7
984 1092 1091 1126 donec
1118 1095 1190 1137 ipse
1219 1091 1446 1125 Theodoricus
1474 1092 1683 1137 appellationi
1712 1097 1742 1125 et
1770 1092 1913 1125 ecclesie
1949 1102 2071 1137 supra-

238 1153 331 1187 dictis
359 1157 390 1187 in
419 1152 568 1186 inanibus
597 1153 743 1186 eiusde-m
773 1153 936 1186 llinkonis
964 1155 1154 1186 renuntiare
1190 1157 1222 1186 et
1257 1152 1318 1186 sibi
1347 1157 1508 1198 tamquam
1538 1163 1598 1186 suo
1625 1152 1747 1185 Abbati
1783 1152 2003 1185 obedientiam
2040 1155 2071 1184 et

237 1214 412 1247 nonnullas
450 1216 690 1259 promissiones
728 1213 858 1254 facere„
901 1218 935 1247 et
971 1213 1055 1258 quod
1093 1224 1259 1257 nunquam
1298 1213 1338 1246 de
1374 1215 1542 1258 premissis
1579 1215 1815 1256 querimoniam
1858 1216 2070 1258 proponeret.

236 1284 298 1307 nec
318 1278 430 1307 contra
460 1274 579 1307 dictum
610 1273 795 1307 Hinkonem
825 1273 945 1318 aliquid
973 1278 1166 1319 procuraret
1196 1276 1305 1307 iurare
1333 1278 1468 1307 coactus
1496 1275 1603 1306 extitit
1630 1284 1689 1318 per
1717 1276 1782 1306 vim
1813 1277 1843 1306 et
1872 1277 1990 1306 metum
2019 1275 2072 1317 qui

236 1334 357 1368 cadere
386 1338 515 1379 poterat
542 1337 574 1368 in
604 1339 811 1368 constantem
833 1338 966 1379 propter
986 1345 1048 1379 quc
1069 1334 1153 1367 idem
1182 1333 1290 1367 Hinko
1316 1335 1666 1367 excommunicationis
1687 1336 1881 1367 sententiam
1903 1336 1934 1366 in
1955 1344 2071 1366 omnes

239 1398 292 1440 qui
321 1394 522 1428 accedentes
552 1395 592 1428 ad
621 1394 738 1428 dictam
768 1394 881 1428 sedem
912 1399 943 1428 et
972 1394 1168 1428 recedentes
1198 1394 1238 1427 ab
1267 1406 1307 1428 ea
1335 1405 1456 1440 capere
1489 1394 1543 1428 vel
1577 1398 1744 1427 arrestare
1778 1398 1834 1427 aut
1870 1393 1965 1427 bonis
2003 1397 2071 1427 suis

238 1456 384 1501 spoliare
413 1456 467 1489 vel
496 1455 655 1500 impedire
683 1459 876 1500 presumunt
903 1456 1107 1499 generaliter
1135 1455 1372 1500 promulgatam
1401 1457 1548 1489 noscitur
1575 1457 1765 1488 incurrisse.
1796 1453 1875 1487 Cum
1905 1457 2005 1498 igitur
2033 1464 2071 1487 ea

237 1527 300 1561 que
337 1518 364 1550 si
393 1520 499 1549 metus
536 1527 578 1549 116
610 1526 711 1549 causa
750 1516 829 1549 liunt
866 1526 983 1549 curare
1022 1515 1144 1549 debent
1181 1515 1302 1549 robore
1338 1515 1497 1549 firmitatis
1526 1520 1558 1548 et
1586 1514 1629 1547 hii
1658 1517 1711 1559 qui
1742 1514 1782 1548 ad
1810 1514 1928 1548 dictam
1958 1514 2071 1548 sedem

236 1578 374 1610 veniunt
401 1576 455 1610 vel
484 1576 645 1610 recedunt
672 1575 713 1609 ab
743 1587 794 1618 ea,
825 1576 967 1610 debeant
995 1577 1091 1622 plena
1122 1579 1301 1610 securitate
1328 1575 1476 1620 gaudere
1503 1575 1694 1608 discretioni
1724 1579 1777 1608 tue
1805 1586 1865 1620 per
1890 1575 2072 1621 apostolica

236 1639 355 1682 scripta
385 1636 577 1670 mandamus
607 1641 768 1681 quatenus
798 1639 825 1670 si
853 1641 903 1671 est
931 1639 973 1671 ita
1002 1637 1183 1682 predictum
1203 1636 1391 1670 Hinkonem
1419 1640 1452 1669 ut
1478 1635 1662 1669 huiusmodi
1691 1638 1906 1669 iuramentum
1941 1635 2071 1668 relaxet

235 1708 342 1743 eoque
379 1697 529 1730 relaxato
567 1697 730 1742 prefatum
769 1696 1012 1731 Theodericum
1047 1708 1113 1731 non
1154 1696 1360 1731 obstantibus
1398 1695 1668 1742 promissionibus
1707 1700 1739 1729 et
1773 1695 2071 1729 renuntiationibus

235 1757 432 1803 supradictis
452 1757 493 1790 ad
513 1757 653 1791 eandem
674 1758 851 1791 ecclesiam
880 1762 912 1791 ct
931 1761 1002 1792 eius
1022 1761 1270 1804 possessionem
1290 1760 1442 1792 restituas
1463 1761 1572 1790 amoto
1592 1756 1715 1789 exinde
1735 1755 1880 1801 quolibet
1899 1756 2071 1789 detentore

237 1823 269 1851 et
305 1817 536 1851 nichilominus
574 1817 724 1852 eumdem
763 1817 950 1852 Hinkonem
992 1819 1114 1852 tamdiu
1159 1819 1380 1865 appellatione
1415 1821 1539 1850 remota
1577 1819 1897 1850 excommunicatum
1941 1815 2071 1862 publice

235 1881 374 1912 nuncies
413 1882 446 1912 et
482 1878 587 1912 facias
616 1878 655 1912 ab
684 1878 835 1912 omnibus
872 1882 981 1913 arcius
1017 1882 1135 1913 evitari
1169 1879 1275 1913 donec
1310 1889 1410 1924 super
1446 1877 1506 1911 hiis
1539 1876 1737 1911 satisfecerit
1774 1880 2004 1922 competenter
2039 1881 2071 1909 et

236 1949 308 1972 cum
339 1943 463 1972 tuarum
493 1941 678 1972 testimonio
706 1939 872 1973 literarum
902 1939 941 1973 ad
971 1939 1120 1973 eamdem
1150 1939 1262 1974 sedem
1291 1941 1419 1973 venerit
1452 1937 1700 1971 Absolvendus.
1746 1936 1864 1970 Datum
1900 1938 2070 1970 Avinione

238 1998 342 2034 Nonis
370 1999 566 2034 Decembris
595 1999 695 2033 Anno
725 1999 866 2034 Octavo.

544 2078 630 2110 (Nacti
648 2079 706 2104 dem
725 2078 798 2113 Orig.
818 2079 935 2113 Regeste
952 2078 1055 2105 Pabst's
1073 2078 1196 2104 Clemens
1214 2078 1258 2104 Vl.
1273 2077 1297 2104 J.
1316 2077 1385 2103 vm.
1411 2077 1438 2103 B.
1457 2076 1501 2102 IV.
1527 2075 1571 2102 Th.
1591 2075 1621 2101 ll.
1642 2075 1683 2101 ΒΓ.
1703 2075 1758 2101 311
1781 2076 1807 2102 S.
1829 2075 1887 2101 104
1905 2076 1937 2101 im
1955 2075 2068 2102 Vatica-

648 2130 757 2156 niscben
784 2132 900 2157 Archive
925 2139 955 2157 zu
980 2131 1053 2157 Rom.
1101 2130 1197 2156 Vidini.
1224 2130 1361 2156 Abscliril't
1384 2130 1416 2155 im
1441 2128 1522 2154 maht.
1548 2128 1633 2154 stand.
1658 2128 1896 2160 Laudesarcluve.)

1097 2250 1204 2286 976.

381 2326 454 2380 Κ.
481 2346 561 2380 Karl
589 2345 646 2380 IV.
676 2350 831 2390 gestattet
859 2346 933 2381 dem
961 2346 1183 2381 Frauenstifte
1213 2346 1260 2381 St.
1291 2345 1404 2390 Georg
1432 2355 1471 2378 zu
1500 2343 1587 2388 Prag
1617 2343 1719 2378 Guter
1752 2343 1975 2387 anzukaufem
2011 2354 2069 2377 zur

240 2403 450 2452 Bestreitung
478 2409 571 2441 einer
600 2406 763 2452 tagliclien
794 2407 940 2454 Spende.
995 2407 1049 2441 Dt.
1080 2407 1177 2452 ng,
1208 2407 1241 2441 7.
1271 2405 1457 2441 December
1487 2403 1596 2438 1349.
1724 2401 1730 2407 ’

544 2485 611 2517 (Das
635 2485 708 2519 Orig.
733 2486 764 2511 im
789 2486 814 2512 k.
840 2486 866 2513 k.
892 2486 1033 2520 geheimen
1059 2486 1175 2512 Archive
1200 2494 1231 2512 zu
1254 2485 1358 2517 Wien.)
