2184 2828
1011 82 1083 115 §³07

119 198 314 241 reformare,
344 209 451 243 neque
480 201 582 244 ipsius
612 199 708 241 iilius,
738 203 832 245 patre
861 198 1029 233 defuncto.
1065 201 1119 245 qui
1147 201 1198 232 sui
1228 210 1268 232 eo
1302 210 1363 234 nos
1396 201 1595 245 aliquotiens
1622 204 1758 244 monuit,
1788 213 1833 235 ex
1860 213 1969 235 occu-

120 262 252 306 patione
279 262 394 292 nostra
423 269 489 292 non
519 259 617 293 suerit
646 263 678 293 in
707 262 777 305 ipsa
807 263 1026 305 possessione
1060 259 1270 306 postmodum
1298 259 1509 296 reformatus.
1547 261 1674 294 Tamen
1703 261 1743 295 ad
1772 264 1970 296 instanciam

119 319 281 354 Johannis
317 318 518 365 presbyteri.
556 331 653 365 quem
687 331 763 354 cum
798 321 870 354 aliis
899 319 1067 366 Orphanis
1102 320 1188 354 dicte
1222 331 1326 354 cause
1361 324 1523 367 contingit
1551 325 1741 367 negocium,
1770 326 1877 369 ipsum
1905 323 1973 357 Jo-

120 379 262 414 hannem
291 384 340 413 et.
359 407 366 413 .
384 379 500 414 ‚filium
532 380 645 414 Georii
674 385 705 414 et
733 380 910 427 Orphanos
937 385 1117 427 pretaetos,
1147 391 1285 426 quorum
1314 383 1466 424 interest,
1495 385 1526 416 in
1557 382 1727 428 sepedicta
1755 386 1973 428 possessione

119 440 218 485 ville,
253 444 409 485 quantum
450 440 490 474 de
523 442 600 485 jure
635 441 750 483 suerit,
789 441 1001 476 decrevimus
1036 440 1286 485 reformandos,
1322 445 1530 479 comittentes
1573 442 1636 476 boe
1672 443 1788 477 illustri
1825 444 1971 486 domino,

118 499 244 535 Karolo
272 500 457 535 Marchioni
485 500 647 544 Moravie,
679 501 906 547 Primogenito
935 506 1050 536 nostro
1080 502 1268 545 karissimo,
1298 513 1337 536 ac
1367 505 1465 536 etiam
1495 503 1687 537 Venerabili
1715 503 1860 538 Johanni
1885 504 1973 539 010-

119 560 307 607 m(ucensi)
335 560 515 607 Episcopo,
544 564 684 608 principi
713 566 826 596 nostro
855 562 986 605 dilecto,
1016 567 1202 608 opportuno
1231 567 1381 610 tempore
1409 562 1608 598 faciendum.
1639 564 1763 598 Harum
1784 569 1972 599 nostrarum

118 624 306 656 testimonio
333 622 529 665 litterarum,
559 622 678 668 quibus
708 623 850 667 sigillum
879 628 1028 658 nostrum
1056 628 1089 657 et
1116 628 1198 658 cetr.

429 691 538 722 (Jacobi
563 693 624 719 cod.
651 693 758 727 epistol.
783 693 916 719 ¹Iohannis
941 702 999 727 reg.
1026 693 1136 720 Bohem.
1161 694 1188 719 S.
1214 693 1264 721 37.
1289 703 1314 720 n.
1340 693 1405 727 81.)

996 839 1102 875 349.

118 915 188 950 Die
215 916 427 961 illut-ltqrdfin
455 928 519 951 von
547 917 692 951 ΜᾶΙιιέιι
721 917 881 951 ersuclaet
912 920 929 959 (
933 918 1031 951 einen
1058 917 1222 962 Bisclcof)
1252 930 1305 951 um
1333 918 1387 952 (lie
1411 918 1612 963 Verlee'lumy
1636 921 1729 952 eines
1755 920 1973 953 Kanom'tats

117 991 163 1013 an
198 979 262 1012 den
298 977 460 1011 Klerz‘lter
497 978 677 1020 Nicolaus,
717 978 811 1012 Solm
850 979 908 1011 des
946 977 1157 1012 Lombarden
1193 978 1331 1012 Jokann
1368 990 1433 1012 eon
1475 979 1596 1013 Vir-ier.
1637 992 1668 1014 0.
1706 980 1740 1014 J.
1778 980 1823 1014 D.
1860 993 1892 1014 υ.
1932 981 1971 1014 0.

910 1038 1177 1073 1334-1346.

264 1087 538 1142 Nlarchionissa
573 1107 736 1142 Moravie.
776 1107 1013 1142 Reverendam
1050 1111 1282 1154 paternitatem
1320 1113 1465 1143 vestram
1504 1114 1535 1142 et
1572 1112 1748 1144 amicitiam
1786 1110 1971 1144 affectuose

116 1180 303 1216 precamur,
332 1173 495 1215 quatenus
531 1168 649 1202 dilecto
686 1167 783 1203 nobis
818 1168 956 1203 Nicolao
992 1168 1121 1203 Clerico
1150 1169 1312 1204 Johannis
1347 1170 1387 1204 de
1415 1170 1554 1204 Vivario
1591 1170 1763 1204 Lombardi
1798 1174 1972 1205 servitoris

118 1233 238 1273 nostri,
267 1240 364 1276 quem
392 1232 461 1265 suis
489 1228 703 1274 exigentibus
733 1231 858 1264 meritis
893 1232 1000 1274 gratia
1034 1233 1269 1276 prosequimur
1303 1234 1337 1264 et
1364 1230 1494 1274 favore,
1530 1234 1651 1264 curetis
1680 1234 1783 1265 nostri
1812 1236 1971 1265 contem-

119 1291 272 1337 placione
300 1290 341 1324 de
369 1291 479 1336 aliquo
513 1289 720 1324 Canonicatu
755 1301 828 1324 cum
858 1290 1039 1337 prebenda,
1074 1302 1135 1337 per
1163 1292 1256 1335 cujus
1285 1296 1468 1337 proventus
1499 1291 1608 1325 Pailue
1637 1292 1752 1325 studiis
1781 1291 1970 1326 liberalibus

119 1354 273 1386 insistere
301 1351 424 1394 valeat,
453 1350 657 1397 providetur.
689 1350 851 1397 Quicquid
882 1353 968 1384 enim
997 1361 1057 1397 pro
1086 1362 1126 1385 eo
1154 1351 1301 1386 feceritis
1329 1355 1362 1386 in
1391 1351 1453 1386 bac
1481 1357 1585 1398 parte.
1621 1352 1716 1385 nobis
1745 1353 1970 1398 reputabimus

119 1423 198 1447 esse
226 1411 359 1446 factum.
388 1411 510 1446 Datum
540 1415 572 1445 et
601 1415 681 1445 cetr.

427 1482 540 1515 (Jacohi
565 1481 627 1508 cod.
652 1481 759 1516 epistol.
784 1481 915 1507 ,Iohannis
941 1483 1013 1516 regis
1038 1482 1191 1509 Bohemiae.
1216 1483 1243 1508 S.
1271 1483 1319 1510 38.
1345 1492 1370 1510 n.
1397 1483 1459 1513 ⁵33.)

996 1628 1103 1663 350.

118 1706 186 1740 Die
214 1705 427 1751 Mar-kyrafin
455 1705 591 1739 Blanlca
626 1705 795 1749 emplielelt
829 1705 902 1739 dem
930 1705 1133 1739 Penes-liner
1162 1706 1325 1750 Biselzofe
1358 1707 1425 1740 und
1462 1707 1629 1741 Cardz'nal
1657 1707 1694 1741 P.
1732 1708 1786 1741 die
1816 1708 1973 1741 l’riester

382 1766 423 1800 P.
453 1767 520 1799 mid
554 1765 603 1801 W.
634 1777 696 1799 aas
726 1766 821 1810 Pras]
848 1777 910 1799 z-nr
937 1766 1148 1810 Fonlermzy.
1179 1766 1273 1811 Praq
1301 1778 1332 1800 o.
1362 1767 1406 1801 D.
1439 1767 1703 1802 1334—1346.

270 1825 498 1880 Reverendo
527 1847 560 1878 in
589 1843 719 1878 Christo
749 1843 837 1877 Patri
867 1848 898 1877 et
926 1843 1070 1887 domino,
1100 1844 1232 1878 domino
1261 1844 1296 1878 P.
1324 1844 1528 1892 Presbytero
1549 1846 1731 1880 Gai-dinalis
1756 1846 1849 1889 tituli,
1870 1846 1973 1892 Epis-

119 1915 205 1950 copo
232 1904 423 1949 Penestino,
462 1905 749 1939 Vicecaneellario
787 1904 909 1938 domini
943 1904 1237 1951 pape..Blanca,
1273 1905 1394 1940 domini
1431 1910 1522 1952 regis
1555 1907 1695 1951 francie,
1730 1907 1974 1941 Mai-cliionissa

120 1963 270 2000 Moravie
307 1977 382 2000 cum
415 1965 743 2000 recommendatione
780 1967 830 1999 sui
867 1969 1033 2000 sincerum
1068 1968 1100 1999 in
1137 1965 1290 2000 omnibus
1329 1968 1557 2014 complacendi
1593 1968 1758 2002 affectum.
1800 1967 1974 2002 Discretos

119 2027 212 2059 viros
239 2025 274 2060 P.
303 2031 354 2060 et.
372 2025 696 2072 .W..presbyteros
725 2025 767 2059 de
795 2025 915 2071 Praga,
945 2028 1148 2072 presentium
1172 2030 1379 2071 ostensor—es,
1408 2040 1490 2075 quos
1518 2032 1701 2063 amicorum
1723 2039 1858 2064 suorum
1879 2027 1975 2062 nobis

120 2089 153 2119 et
180 2089 292 2120 nostre
320 2086 419 2122 Curie
447 2087 645 2121 familiarum
673 2090 770 2131 grata
798 2091 831 2120 et
859 2089 1013 2120 continua
1043 2086 1203 2133 obsequia
1231 2086 1327 2122 vobis
1356 2089 1505 2123 similiter
1531 2089 1672 2124 reddunt
1698 2093 1826 2134 gratos,
1855 2088 1976 2124 Reve-

120 2148 236 2180 rencie
264 2151 378 2182 vestre
406 2159 480 2182 cum
509 2147 629 2181 fiducia
658 2147 812 2181 duximus
839 2147 1133 2191 commendandos,
1162 2147 1345 2182 affectuose
1368 2160 1428 2195 pro
1453 2153 1533 2197 ipsis
1557 2155 1591 2184 et
1612 2161 1686 2184 cum
1706 2152 1788 2196 ipsis
1807 2153 1974 2196 petentes,

122 2211 286 2254 quatenus
321 2211 456 2253 cognito
492 2220 607 2243 eorum
642 2210 812 2254 proposito
848 2211 938 2254 ipsos
970 2211 1003 2242 in
1040 2207 1114 2251 hiis,
1149 2219 1213 2254 que
1245 2209 1341 2243 saluti
1379 2214 1559 2244 animarum
1604 2221 1739 2245 suarum
1774 2209 1976 2245 videbuntur

120 2271 324 2313 competere,
353 2272 475 2304 curetis
503 2271 607 2303 nostri
635 2269 903 2303 consideratione
931 2279 976 2303 ex
1004 2268 1172 2313 diligentia
1200 2280 1403 2315 promovere
1432 2275 1464 2305 et
1491 2273 1650 2317 prosequi
1677 2281 1859 2315 generose.
1889 2270 1974 2305 Nam

121 2327 230 2373 siquid
257 2327 450 2373 placiturum
478 2329 576 2365 vobis
606 2332 639 2364 in
667 2329 730 2363 hiis
759 2328 906 2375 partibus
936 2331 1144 2371 noverimus,
1169 2333 1287 2375 parate
1311 2341 1424 2366 sumus
1450 2342 1584 2377 semper
1597 2333 1695 2376 juxta
1715 2342 1818 2377 posse
1842 2331 1975 2366 effectui

120 2390 326 2433 mancipare.
356 2387 475 2422 Datum
502 2392 535 2424 in
565 2389 682 2424 Castro
711 2389 870 2434 Pragensi
900 2393 933 2423 et
963 2401 992 2423 c.

432 2467 545 2501 (Jacobi
570 2470 631 2496 cod.
657 2469 765 2504 epistol.
791 2468 923 2495 lobannis
947 2470 1020 2503 regis
1045 2469 1197 2496 bohemiae,
1224 2471 1251 2497 S.
1278 2470 1327 2498 39.
1353 2479 1378 2497 n.
1409 2472 1457 2497 55.
