2184 2828
1092 121 1137 154 56

197 240 354 286 expedire
389 240 509 274 viderit
542 239 668 273 faciens
700 241 918 284 inquisitionis
953 238 1095 272 officium
1131 241 1245 271 contra
1272 237 1379 271 labem
1417 237 1563 272 heretice
1597 241 1768 284 pravitatis
1803 238 1974 273 ferventer
2001 243 2033 272 et

197 301 335 334 fideliter
362 305 457 346 prout
486 303 515 334 ei
543 299 634 333 Deus
663 298 787 332 dederit
816 303 1002 344 exequatur
1036 302 1150 332 contra
1186 297 1352 331 hereticos
1387 299 1562 332 credentes
1600 299 1747 333 fautores
1776 299 1972 333 defensores
2001 303 2033 332 et

195 365 420 406 receptatores
450 371 563 394 eorum
593 358 773 392 secundum
802 361 948 392 instituta
976 357 1160 392 huiusmodi
1190 361 1384 391 auctoritate
1420 359 1547 404 prefata
1574 359 1784 393 nihilominus
1813 370 2032 405 processurus

194 420 234 454 Et
268 424 295 454 si
331 421 427 466 aliqui
464 420 610 453 heretica
644 419 781 465 persidia
813 422 943 465 penitus
977 418 1124 452 abiurata
1159 417 1267 451 redire
1303 419 1469 453 voluerint
1502 419 1541 453 ad
1577 420 1720 453 ecclesie
1756 422 1914 453 unitatem
1951 422 2031 465 ipsis

195 483 284 514 iuxta
313 480 451 514 formam
481 480 626 513 ecclesie
654 491 692 513 ac
727 479 908 513 secundum
941 481 1085 512 instituta
1120 478 1301 512 huiusmodi
1336 478 1531 513 heneficium
1565 479 1778 513 absolutionis
1807 479 1974 525 impendat
2000 485 2033 513 et

195 544 343 585 iniungat
377 544 424 574 eis
461 551 523 585 que
559 540 739 574 secundum
782 540 866 573 dicta
902 542 1044 572 instituta
1078 543 1151 572 sunt
1185 538 1303 572 talibus
1338 540 1538 584 iniungenda
1573 540 1718 585 Ideoque
1751 539 2031 584 lllagnificentiam

194 601 333 646 Regiam
362 612 518 645 rogamus
547 612 718 634 monemus
749 604 780 633 et
808 600 976 633 hortamur
1004 604 1126 633 attente
1163 602 1193 632 in
1222 602 1452 634 remissionem
1481 600 1536 634 tibi
1565 603 1792 646 peccaminum
1821 602 2033 644 iniungentes

195 667 356 707 quatenus
385 661 526 694 eundem
555 661 785 706 Inquisitorem
821 670 880 705 pro
916 660 1026 693 divina
1063 664 1095 693 et
1124 659 1304 705 apostolice
1332 660 1420 694 sedis
1456 672 1494 695 ac
1522 665 1634 694 nostra
1663 663 1853 694 reverentia
1887 659 2033 705 benigne

193 725 334 767 recipias
363 726 394 754 et
424 721 564 755 honeste
592 725 776 766 pertractes
805 720 913 754 eidem
941 723 973 753 in
1002 720 1063 753 hiis
1088 719 1224 764 Regalis
1244 719 1369 754 favoris
1389 721 1566 766 presidium
1588 725 1618 754 et
1637 725 1854 766 opportunum
1875 720 2032 754 auxilium

193 783 301 815 taliter
329 782 548 827 impendendo
578 781 662 827 quod
692 785 761 826 ipse
790 783 1011 826 inquisitionis
1047 780 1232 824 hujusmodi
1265 780 1408 814 osticium
1443 781 1504 815 sibi
1532 784 1743 815 commissum
1772 783 1894 827 exequi
1922 780 2034 814 valeat

192 845 392 875 inconcusse
419 842 555 888 Nosque
583 844 781 875 sinceritatis
816 846 870 874 tue
904 841 1011 874 zelum
1045 844 1211 887 possumis
1245 844 1276 875 in
1310 841 1451 875 Domino
1481 842 1595 887 amplis
1623 841 1770 875 laudibus
1798 840 2033 875 commendare

193 914 231 936 ac
269 907 300 936 tu
334 902 455 936 exinde
490 913 670 948 pei-empne
713 901 833 935 bouum
869 901 953 947 quod
990 904 1057 935 suis
1092 901 1241 935 fidelibus
1275 901 1385 935 divina
1421 902 1595 935 clementia
1636 902 1810 947 pollicetur
1844 901 1885 935 ad
1926 901 2032 946 Regis

192 963 320 1007 Regum
351 962 492 997 Celestis
520 962 648 996 laudem
678 967 709 996 et
736 963 874 1006 gloriam
904 965 1013 995 anime
1041 966 1094 996 tue
1123 963 1259 996 salutem
1288 973 1326 996 ac
1358 962 1466 1007 Regni
1495 962 1642 996 eiusdem
1671 962 1904 996 exaltationem
1933 961 2034 1007 digne

192 1026 352 1069 consequi
381 1026 554 1057 merearis.
610 1022 729 1056 Datum
759 1022 843 1068 apud
872 1022 1010 1056 Pontem
1038 1026 1150 1067 sorgie
1184 1023 1386 1056 Avinionen.
1416 1023 1510 1057 Dioc.
1540 1022 1598 1056 XI.
1629 1022 1797 1056 Kalendas
1827 1022 2032 1069 Septembris

195 1095 281 1117 anno
333 1094 426 1117 1'11110.

310 1095 329 1129 p
500 1145 584 1175 (Nat-li
609 1145 667 1170 dem
693 1144 766 1177 orig.
792 1144 907 1177 Reges-ie
942 1145 1043 1178 Papst's
1067 1145 1193 1170 Benedict
1221 1145 1277 1171 Xll.
1308 1145 1379 1171 Jahr.
1406 1145 1422 1170 1.
1450 1144 1489 1170 Br.
1523 1145 1590 1170 764.
1617 1145 1649 1170 im
1674 1144 1880 1171 Vaticanisehen
1905 1144 2031 1179 ,Al-chive,

603 1197 760 1230 mitgetlieilt
783 1196 828 1222 Dr.
855 1196 882 1223 B.
907 1196 1022 1229 Dudi‘k.)

1077 1290 1146 1326 76.

194 1359 259 1393 Die
295 1359 535 1404 Abyesaudlen
577 1361 636 1394 (les
670 1361 821 1405 Ii'om'qes
854 1361 1009 1394 Isaz-z'mir
1044 1372 1104 1394 rou
1141 1359 1270 1393 Pohlen
1304 1359 1473 1402 erlrlzirem
1515 1361 1594 1394 «lass
1637 1360 1748 1405 Isom’y
1791 1359 1926 1394 Johmm
1967 1369 2031 1394 von

192 1421 341 1454 Boltmelt
378 1422 442 1454 uml
477 1421 664 1466 Jiarlcyraf
693 1422 782 1454 ΙιίινΙ
810 1434 870 1455 con
904 1421 1047 1454 Malu-en
1086 1423 1152 1465 aas
1177 1422 1238 1454 das
1272 1421 1477 1465 Ii'otteysreirle
1515 1421 1642 1455 Polelen
1678 1421 1865 1454 ¹verz-z'eltlet
1906 1419 2028 1454 haben.

577 1482 632 1515 [Η.
661 1482 843 1525 Triuciuio,
865 1483 917 1515 die
938 1482 976 1516 S.
997 1482 1236 1516 Bartleolomez'
1255 1482 1334 1524 (24.
1357 1482 1512 1525 Anytus-l)
1539 1481 1645 1515 1335.

345 1549 390 1602 111
419 1572 553 1602 nomine
583 1569 703 1602 domiui
725 1569 844 1602 Amen.
877 1569 975 1602 Anno
1002 1569 1148 1603 eiusdem
1169 1567 1428 1602 MCCCXXXV.
1450 1570 1480 1601 in
1503 1567 1586 1601 festo
1605 1567 1787 1601 beatissimi
1808 1567 2032 1601 Bartholomei

190 1629 328 1674 apostoli
358 1640 418 1663 nos
449 1630 566 1675 Spitko
594 1630 811 1663 castellanus:
842 1629 1010 1674 Sbigneus
1038 1632 1223 1676 prepositus
1252 1628 1502 1663 Cracoviensis:
1532 1628 1647 1662 Petrus
1676 1628 1876 1662 castellanus
1896 1627 2032 1662 Sando-

191 1692 384 1723 meriensis:
414 1690 560 1724 Thomas
596 1690 635 1724 de
671 1690 863 1734 Zajunczlm
901 1695 933 1723 et
965 1689 1109 1724 Nimissa
1141 1689 1335 1724 Mandrossa
1370 1693 1604 1734 procuratores
1633 1700 1651 1722 a
1681 1689 1857 1734 magnifico
1885 1691 2032 1735 principe

191 1754 223 1783 et
251 1749 382 1783 domino
410 1750 578 1784 Kazimiro
607 1762 689 1795 rege
711 1750 846 1784 Polonie
872 1753 1038 1784 constituti
1065 1750 1104 1784 ad
1126 1750 1209 1784 insi-a
1230 1752 1350 1796 scripta
1371 1749 1503 1783 realiter
1522 1754 1619 1795 atque
1639 1749 1717 1783 dati:
1739 1750 1778 1784 ad
1799 1752 2033 1783 universorum

191 1813 334 1844 notitiam
365 1815 480 1845 tenore
509 1815 709 1856 presentium
741 1812 892 1845 volumus
921 1811 1049 1856 publice
1077 1811 1236 1845 devenire
1255 1810 1339 1856 quod
1360 1821 1433 1843 eum
1454 1813 1688 1844 serenissimus
1709 1813 1863 1856 princeps
1882 1810 2033 1844 dominus

190 1871 360 1905 Joliannes
392 1871 526 1905 Boemie
554 1883 615 1905 rex
651 1877 682 1906 et
716 1872 848 1906 illustris
887 1872 1037 1905 dominus
1066 1872 1203 1905 Carolus
1232 1873 1468 1917 primogenitus
1504 1873 1576 1904 eius
1613 1870 1759 1904 marchio
1794 1870 1945 1905 Moravie
1972 1880 2031 1916 pro

192 1943 228 1965 se
257 1936 289 1965 et
317 1935 385 1965 suis
414 1932 592 1966 heredibus
621 1933 855 1978 pretendentes
884 1932 1091 1966 commodum
1121 1937 1153 1965 et
1181 1931 1444 1977 tranquillitatem
1474 1942 1652 1975 regnorum
1683 1931 1818 1964 sso'emie
1846 1935 1878 1964 et
1897 1930 2032 1965 Polonie

191 2003 229 2025 ac
258 1995 518 2037 regnigenaruni
553 1998 583 2026 et
622 1993 802 2026 incolarum
840 1995 983 2038 ipsorum
1022 2004 1083 2027 nec
1118 2004 1183 2026 non
1221 1992 1498 2037 contemplatione
1535 1996 1567 2025 ct
1596 1994 1707 2025 intuitu
1745 1994 2031 2025 serenissimorum

193 2055 371 2098 principum
401 2053 523 2086 domini
553 2053 660 2087 Caroli
691 2053 859 2097 lluugarie
888 2057 978 2091 regis
1017 2059 1050 2087 et
1087 2053 1163 2087 dicti
1198 2053 1352 2087 Kazimiri
1389 2051 1523 2085 l’olonie
1558 2055 1652 2097 regis
1687 2055 1924 2097 cupientesque
1952 2053 2032 2097 ipsis

193 2116 304 2158 regnis
339 2118 371 2147 et
407 2113 592 2147 hominibus
629 2114 703 2147 binc
742 2114 817 2147 iude
852 2114 972 2147 salubri
1014 2114 1194 2160 providere
1229 2112 1375 2147 remedio
1411 2116 1574 2157 (piatenus
1611 2112 1750 2158 provide
1785 2114 1965 2146 animarum
2001 2116 2033 2145 et

192 2184 366 2217 corporum
397 2175 552 2219 periculis
586 2174 763 2208 salubriter
796 2174 965 2208 obvietur:
1001 2179 1120 2220 sponte
1157 2186 1195 2208 ac
1228 2173 1329 2207 libere
1366 2175 1637 2206 renunciaverint
1673 2175 1759 2205 omni
1797 2175 1870 2216 iuri⁷
1899 2174 2031 2207 actioni.

193 2236 393 2278 exceptioni,
423 2237 625 2280 proprietati,
661 2234 805 2268 dominio
842 2239 871 2268 et
907 2235 996 2268 titulo
1030 2238 1124 2279 regni
1161 2234 1294 2268 Polonie
1328 2236 1376 2267 eis
1412 2235 1443 2266 in
1479 2244 1518 2265 eo
1556 2232 1816 2278 competentibus
1853 2232 1912 2267 sub
1947 2243 2032 2278 pena

193 2297 546 2328 excommunicationis
575 2298 803 2341 promittentes
832 2306 891 2340 pro
927 2306 963 2329 se
1000 2300 1031 2329 et
1065 2294 1241 2329 heredibus
1276 2296 1344 2328 suis
1385 2297 1497 2326 contra
1537 2293 1718 2326 huiusmodi
1747 2296 2030 2327 renunciationem

194 2358 225 2387 et
252 2357 438 2388 cessionem
469 2367 533 2389 11011
571 2360 684 2389 eontra
714 2359 829 2389 venire
858 2356 964 2401 aliqua
1002 2359 1190 2397 0660510116,
1233 2356 1376 2399 ingenio,
1414 2353 1502 2386 sacto
1538 2356 1659 2399 pariter
1687 2358 1719 2387 et
1755 2364 1909 2388 sermone
1937 2357 2032 2399 prout

195 2418 224 2448 iu
254 2415 325 2448 aliis
354 2426 465 2448 eorum
496 2416 608 2450 litteris¹
638 2416 764 2462 plenius
793 2419 989 2449 continetur:
1019 2420 1223 2461 exceperunt
1250 2420 1356 2449 tamen
1386 2417 1620 2459 excipiuntque
1649 2425 1835 2456 generosos
1863 2416 2031 2460 principes

194 2475 343 2509 dominos
373 2475 474 2509 duces
505 2477 586 2509 inl'ra
617 2479 757 2522 scriptos
787 2477 932 2510 vasallos
962 2487 1075 2509 eorum
1105 2487 1178 2510 cum
1208 2486 1320 2509 eorum
1349 2473 1530 2512 ducatibus,
1560 2477 1666 2512 terris,
1689 2474 1796 2512 bonis..
1817 2474 1970 2508 dominiis
1999 2478 2031 2508 et

195 2538 400 2580 pertinentiis
429 2535 677 2582 ‹piiluiscunque
706 2548 768 2583 que
803 2541 950 2583 temporo
985 2539 1111 2582 prestiti
1148 2536 1289 2581 homagii
1328 2534 1537 2581 possiderunt
1565 2539 1593 2568 et
1623 2538 1710 2568 0111111
1741 2535 1836 2568 modo
1865 2538 1897 2568 61
1925 2534 2029 2568 l'orma

195 2596 310 2641 quibus
339 2596 412 2629 dicti
443 2596 562 2630 domini
593 2597 693 2630 duces
723 2600 802 2642 ipsis
831 2597 970 2631 dominis
998 2599 1067 2641 regi
1091 2597 1224 2630 Boemie
1249 2601 1279 2630 et
1299 2595 1480 2630 Marcbioni
1501 2595 1652 2629 Moravie
1672 2600 1703 2629 et
1723 2606 1835 2629 eorum
1857 2594 2032 2629 heredibus
