2184 2828
1124 147 1195 181 6:36

237 274 267 302 et
298 268 463 301 decretum
485 268 538 301 vel
560 267 640 300 alias
661 265 905 311 quomodolibet
924 268 965 299 sit
986 275 1179 310 processum
1201 264 1316 309 quibus
1337 263 1488 297 omnibus
1509 267 1540 297 in
1560 268 1771 298 assecutione
1791 265 1866 298 dicti
1887 264 2076 298 Decanatus

237 335 267 363 te
297 329 449 362 volumus
478 326 647 360 antel'errL
678 325 744 359 Sed
774 326 895 359 nullum
925 336 984 371 per
1013 324 1074 357 boc
1104 328 1151 357 eis
1180 335 1243 368 quo
1273 324 1311 357 ad
1341 327 1585 358 assecutionem
1615 325 1806 369 dignitatum
1838 329 2072 370 personatuum

236 390 421 422 oflieiorum
452 400 490 421 ac
521 387 757 420 beneficiorum
787 387 924 418 aliorum
954 384 1167 430 preiudicium
1197 387 1362 427 generari.
1401 384 1467 416 Seu
1498 387 1523 417 si
1552 385 1735 418 venerabili
1764 385 1873 418 fratri.
1893 385 2076 430 ,Episcopo

237 455 268 483 et
297 450 423 482 dilectis
454 449 524 481 liliis
554 447 705 492 Capitulo
736 446 930 479 Olomucen.
962 445 1014 479 vel
1045 444 1215 489 quibusvis
1245 444 1315 477 aliis
1345 447 1562 477 communiter
1595 445 1649 478 vel
1678 445 1807 477 divisim
1836 457 1853 478 a
1883 446 1967 478 dicta
1997 445 2076 478 sede

236 510 392 543 indultum
423 511 545 541 existat
584 507 668 552 quod
708 507 745 540 ad
776 509 999 551 receptionem
1030 505 1082 538 vel
1112 507 1336 549 provisionem
1367 505 1503 537 alieuius
1532 507 1662 538 minime
1691 509 1882 546 teneantur,
1920 510 1951 538 et
1980 505 2019 538 ad
2051 504 2081 538 id

237 571 388 615 compelli
423 580 487 602 non
523 571 665 613 possint,
704 567 856 612 quodque
890 567 929 599 de
963 565 1146 598 huiusmodi
1182 565 1393 608 dignitatibus
1429 565 1655 609 personatilnis
1689 566 1742 598 vel
1779 565 1897 598 ol'liciis
1926 570 1979 598 aut
2008 565 2080 598 aliis

237 631 406 663 beneticiis
436 629 673 661 ecclesiasticis
711 627 750 660 ad
787 638 900 660 eorum
931 626 1138 658 collationem
1174 628 1398 670 provisionem
1434 635 1490 658 seu
1525 628 1674 670 quamvis
1703 625 1798 658 aliam
1828 624 2077 670 dispositionem

237 693 435 724 coniunctim
456 689 510 723 vel
531 691 706 734 separatim
729 686 955 733 spectantibus
976 686 1053 719 nulli
1074 686 1183 718 valeat
1206 685 1370 731 provideri
1391 696 1450 730 per
1470 685 1591 718 litteras
1611 686 1812 731 apostolicas
1833 696 1898 718 uon
1918 685 2079 719 facientes

237 751 367 796 plenam
397 754 429 783 et
458 760 654 794 expressam
684 759 722 781 ac
752 748 791 780 de
820 746 924 780 verbo
954 746 992 779 ad
1023 746 1160 779 verbum
1190 746 1229 778 dc
1263 745 1387 778 indulto
1424 745 1605 779 buiusmodi
1643 749 1842 778 mentionem
1878 749 1911 778 et
1939 745 2081 789 qualibet

238 812 299 845 alia
330 811 416 844 dicte
447 810 536 843 sedis
566 809 768 851 indulgentia
797 807 946 851 generali
974 806 1027 839 vel
1057 806 1193 851 speciali
1223 809 1460 851 cuiuscumque
1490 809 1610 839 tenoris
1639 809 1773 845 existat„
1804 817 1862 851 per
1882 816 1979 851 quam
1999 816 2081 850 pre-

238 871 387 906 sentibus
416 882 481 904 non
512 880 710 915 expressam
741 868 793 900 vel
823 867 964 900 totaliter
993 878 1057 900 non
1086 870 1244 899 insertam
1274 866 1409 899 effecius
1438 865 1619 899 huiusmodi
1657 871 1768 899 nostre
1797 868 1903 909 gratie
1932 865 2082 910 impediri

239 933 349 966 valeat
377 930 623 976 quomodolibet
651 928 716 963 vel,
734 928 855 961 dill'erri
884 932 917 960 et·
945 927 984 960 de
1013 938 1074 972 qua
1104 930 1265 972 cuiusque
1294 931 1360 959 toto
1389 930 1503 959 tenore
1532 925 1681 959 habenda
1703 929 1793 960 sitin
1816 929 1938 959 nostris
1967 926 2082 959 litteris

238 996 361 1026 mentio
391 991 558 1037 specialis.
589 989 657 1023 Seu
686 992 713 1022 si
742 999 880 1033 presens
909 998 975 1020 non
1005 987 1105 1020 l'ueris
1141 987 1179 1020 ad
1210 986 1423 1032 prestandum
1459 987 1499 1019 de
1527 986 1746 1019 observandis
1776 989 1907 1019 statutis
1937 990 1967 1019 et
1996 996 2083 1019 con-

240 1052 469 1087 suetudinibus
506 1050 654 1084 eiusdem
688 1050 833 1082 ecclesie
869 1051 996 1081 ratione
1026 1047 1215 1081 Decanatus
1255 1047 1393 1092 predicti
1430 1047 1557 1080 solitum
1593 1049 1809 1079 iuramentum
1846 1046 2020 1079 dummodo
2049 1048 2081 1079 in

238 1114 388 1147 absentia
418 1117 470 1146 tua
499 1122 559 1157 per
587 1114 837 1156 procuratorem
867 1108 1035 1153 ydoneum
1065 1112 1095 1141 et
1125 1119 1197 1140 cum
1229 1107 1269 1140 ad
1299 1107 1475 1140 ecclesiam
1511 1110 1614 1152 ipsam
1648 1109 1836 1139 accesseris
1866 1107 2083 1152 corporaliter

239 1174 314 1208 illud
345 1178 488 1219 prestes.
521 1172 588 1205 Seu
617 1170 701 1216 quod
724 1170 961 1202 Canonicatum
992 1174 1024 1202 et
1053 1168 1255 1214 prebendam
1284 1167 1430 1201 eiusdem
1452 1178 1491 1200 ac
1511 1166 1870 1212 Archipresbiteratum
1892 1166 1931 1200 de
1950 1166 2083 1200 Luzana

238 1235 455 1269 ecclesiarum
490 1232 681 1266 Tridentine
720 1231 864 1263 diocesis
899 1229 1045 1265 obtines,
1087 1234 1118 1262 et
1154 1228 1238 1273 quod
1272 1233 1304 1261 ut
1340 1231 1462 1261 asseris
1491 1227 1688 1260 beneficium
1718 1228 1980 1260 ecclesiasticum
2009 1238 2083 1261 cum

239 1306 318 1329 cura
346 1294 400 1328 vel
429 1297 501 1328 sine
530 1304 608 1326 cura
638 1294 765 1325 etiamsi
794 1291 936 1335 dignitas
965 1294 1164 1336 personatus
1194 1289 1247 1322 vel
1276 1288 1419 1321 osticium
1448 1291 1571 1321 existat
1599 1292 1754 1333 spectans
1783 1290 2002 1321 communiter
2028 1287 2084 1322 vel

240 1357 371 1389 divisim
401 1354 440 1387 ad
470 1354 678 1387 collationem
708 1354 933 1397 provisionem
963 1353 1262 1396 presentationem,
1298 1360 1356 1382 seu
1393 1351 1542 1393 quamvis
1570 1348 1664 1381 aliam
1695 1348 1943 1393 dispositionem
1970 1359 2083 1382 vene-

239 1416 350 1450 rabilis
379 1415 489 1449 fratris
519 1417 621 1447 nostri
649 1413 804 1458 Episcopi
835 1411 1028 1445 Olomucen.
1069 1415 1100 1444 et
1135 1410 1327 1443 dilectorum
1363 1409 1499 1442 liliorum
1529 1408 1688 1453 Prepositi
1719 1408 1845 1441 Decani
1883 1413 1915 1442 et
1943 1407 2083 1454 Capituli

241 1476 387 1510 eiusdem
409 1475 603 1508 Olomucen.
627 1474 769 1507 ecclesie
799 1475 993 1506 auctoritate
1014 1471 1193 1504 litterarum
1222 1475 1333 1503 nostra
1363 1480 1398 1503 se
1427 1472 1544 1502 asserit
1571 1473 1764 1514 expectare.
1795 1468 1956 1502 Volumus
1976 1473 2084 1503 autem

241 1537 326 1582 quod
355 1539 592 1581 quamprimum
620 1537 739 1578 vigore
768 1536 967 1578 presentium
998 1531 1132 1577 predicti
1162 1531 1351 1564 Decanatus
1380 1532 1622 1575 possessionem
1652 1529 1823 1574 pacificam
1853 1529 1955 1563 fueris
1983 1541 2085 1564 asse-

241 1602 351 1639 cutus,
389 1594 747 1640 Arcliipresbiteratum
786 1593 966 1638 predictum
1006 1602 1100 1636 quem
1137 1602 1271 1624 exnunc
1308 1601 1432 1624 vacare
1473 1589 1679 1622 decrevimus
1714 1589 1876 1623 dimittere
1912 1594 2008 1636 prout
2044 1589 2084 1623 ad

240 1658 271 1691 id
307 1662 338 1690 tc
370 1661 487 1702 sponte
522 1658 618 1688 etiam
656 1654 800 1688 obtulisti
845 1658 1005 1698 protenus
1050 1655 1213 1693 tenearis„
1252 1656 1284 1684 et
1326 1651 1411 1696 quod
1446 1655 1566 1683 extunc
1601 1649 1729 1695 prefate
1764 1650 1871 1684 littere
1911 1661 1971 1696 per
2004 1661 2085 1695 quas

242 1716 426 1752 huiusmodi
461 1715 657 1765 beneficium
693 1720 726 1748 ut
754 1714 918 1760 prefertur
947 1717 1127 1758 expectas,
1166 1717 1198 1745 et
1230 1722 1408 1757 processus
1443 1710 1540 1743 habiti
1568 1721 1628 1755 per
1656 1710 1790 1744 eosdem
1820 1715 1852 1744 et
1879 1721 2085 1756 quecumque

241 1779 316 1813 inde
345 1782 460 1812 secuta
490 1788 553 1822 quo
583 1777 623 1809 ad
644 1776 838 1809 beneficium
860 1786 933 1808 cum
962 1785 1041 1807 cura
1071 1784 1132 1807 nec
1160 1784 1224 1806 non
1246 1773 1436 1816 dignitatem
1456 1775 1666 1816 personatum
1696 1782 1754 1804 seu
1776 1775 1922 1805 curatum
1943 1771 2087 1804 officium

242 1843 306 1873 sint
339 1849 436 1871 cassa
470 1841 502 1871 et
535 1840 623 1870 irrita
658 1841 689 1870 et
717 1836 835 1869 nullius
869 1845 1006 1880 prorsus
1041 1837 1162 1867 existat
1197 1833 1325 1866 roboris
1361 1832 1414 1866 vel
1450 1834 1604 1864 momenti
1639 1833 1686 1865 eis
1723 1842 1786 1876 quo
1821 1831 1862 1864 ad
1889 1831 2086 1864 heneficium

243 1911 302 1934 seu
330 1899 472 1944 simplex
500 1897 641 1931 officium
663 1908 728 1930 non
757 1901 905 1929 curatum
927 1898 959 1928 in
979 1905 1038 1928 suo
1067 1894 1188 1928 robore
1208 1895 1442 1939 permansuris.
1472 1890 1556 1924 Nulli
1577 1902 1658 1934 ergo
1679 1895 1741 1924 etc.
1769 1896 1881 1924 nostre
1901 1892 2087 1925 collationis

243 1962 445 2006 provisionis
475 1960 718 1992 constitutionis
747 1962 779 1990 et
807 1956 983 1990 voluntatis
1012 1954 1195 1999 infringere
1223 1958 1285 1987 etc.
1319 1953 1438 1986 Datum
1458 1952 1627 1985 Avinione
1647 1951 1724 1984 VIII
1744 1951 1910 1985 Kalendas
1938 1951 2087 1986 Januarii

244 2031 330 2054 anno
359 2022 510 2065 septimo.

551 2097 637 2129 (Nach
654 2097 712 2122 dem
731 2096 804 2129 Orig.
824 2096 940 2129 Regeste
957 2094 1060 2121 Pabst‘s
1078 2094 1201 2120 Clemens
1222 2093 1267 2118 Vl.
1293 2092 1317 2118 J.
1340 2091 1397 2117 VII,
1423 2091 1449 2116 B.
1468 2090 1513 2116 1V.
1538 2090 1583 2116 Tb.
1602 2090 1621 2115 1.
1647 2090 1689 2115 Br.
1710 2090 1769 2115 168
1788 2090 1814 2116 S.
1834 2090 1894 2116 216
1919 2091 1952 2116 im
1970 2090 2083 2116 Vatica-

655 2148 764 2174 nischen
790 2148 907 2174 Arc-inve
932 2156 962 2173 zu
987 2147 1060 2173 Rom.
1108 2146 1205 2171 Vidini.
1232 2144 1370 2171 Abschril't
1392 2144 1425 2168 im
1449 2142 1531 2168 mahr.
1557 2141 1642 2167 stand.
1669 2142 1907 2175 Laudesarcliive.)

1112 2291 1218 2327 888.

391 2356 461 2410 K.
491 2375 570 2409 Karl
598 2372 655 2407 IV.
694 2371 850 2417 bestatigt
887 2372 946 2405 der
982 2369 1281 2415 Erb-Hauptstadt
1309 2367 1394 2411 Prag
1429 2365 1491 2399 alle
1525 2376 1590 2398 von
1620 2365 1682 2399 den
1711 2365 1868 2412 fritheren
1896 2365 2085 2400 romischen

247 2435 310 2469 und
339 2435 553 2469 bolnnisclien
584 2434 738 2478 Konigen
766 2433 958 2466 erhaltenen
987 2431 1189 2475 Privilegien
1218 2429 1282 2464 und
1310 2425 1571 2472 Begnadungen.
1601 2425 1654 2460 Dt.
1677 2426 1839 2470 Dresden‚
1868 2426 1924 2460 VI.
1944 2426 2082 2460 Kalend.

246 2495 393 2529 Januarii
422 2495 498 2540 (27.
529 2493 733 2539 December]
766 2493 872 2528 1348.

553 2580 748 2616 (Ahgedruckt
779 2581 820 2607 bei
850 2580 935 2607 Pelzel
965 2579 996 2605 Κ.
1020 2578 1083 2604 Karl
1108 2578 1151 2604 IV.
1186 2578 1204 2603 l.
1229 2577 1275 2603 Tb.
1306 2573 1478 2602 urkundenb.
1512 2574 1537 2599 S.
1571 2573 1608 2599 82
1641 2582 1664 2599 n.
1690 2574 1801 2601 LXXIII.
1837 2575 1904 2600 nach
1929 2575 2016 2600 einem
2038 2575 2083 2600 llIs.

657 2634 722 2659 eod.
747 2633 794 2659 des
818 2634 916 2667 Pruger
940 2631 1165 2661 Stadtarcbives.)
