2184 2828
982 108 1051 143 541

102 226 225 261 domini
250 225 407 272 Episcopi
436 224 583 259 Ciuitatis
611 224 895 268 LuthomislensiS,
925 225 1075 260 homines
1103 224 1256 271 capituli,
1285 235 1368 271 quos
1397 228 1429 259 in
1459 225 1576 260 eadem
1602 225 1735 270 litigare
1763 228 1942 271 contigerit

102 292 198 333 prout
233 286 304 320 fieri
341 285 501 319 hactenus
530 289 720 328 consueuit,
759 286 879 319 habeat
914 286 1060 320 iudicare
1096 313 1103 320 .
1133 297 1238 332 penas
1272 297 1355 320 vero
1388 286 1569 321 Judiciales
1607 298 1667 321 seu
1696 287 1871 330 emendas,
1901 286 1941 321 ab

103 347 229 381 eisdem
255 349 502 392 prouenientes,
533 348 593 391 ipsi
623 347 776 392 capitulo,
806 349 936 391 integre
958 346 1160 393 presentabit
1190 373 1196 380 .
1225 346 1362 381 Judices
1391 350 1477 380 enim
1506 350 1538 381 in
1566 347 1662 381 bonis
1691 348 1823 393 capituli
1850 350 1943 381 resi-

98 407 237 455 dentes,
272 417 411 440 censum
447 411 479 440 et
513 411 693 452 prouentus
730 409 792 453 ipsi
827 408 968 452 capitulo
1006 407 1152 449 debitos,
1183 406 1290 440 eidem
1319 407 1477 451 colligant
1504 407 1643 442 fideliter
1671 411 1703 441 et
1729 410 1906 453 importent
1935 434 1942 441 .

103 466 265 508 Quantum
293 477 374 500 uero
404 466 444 500 ad
472 469 614 500 seruicia
643 470 675 500 in
704 470 797 512 equis
826 467 990 509 facienda,
1020 470 1079 513 ipsi
1108 467 1287 513 Episcopo,
1316 469 1387 511 cui,
1417 478 1501 501 onus
1530 468 1753 511 defensionis,
1782 467 1943 502 bonorum

101 530 244 561 omnium
277 530 515 573 premissorum
549 527 723 570 incumbit,
754 532 909 574 pareant,
946 531 1094 562 sei-uiant
1123 532 1155 562 et
1182 527 1354 562 intendant
1383 555 1390 561 .
1421 527 1464 562 Vt
1499 533 1607 562 autem
1637 529 1754 562 diuisio
1782 528 1945 562 bonorum

101 592 132 622 et
166 590 352 632 assignatio
394 588 560 634 predicte,
596 587 719 622 firmius
749 588 969 622 obseruentur
998 615 1005 622 .
1035 588 1244 622 decernimus
1273 599 1333 634 per
1360 593 1554 634 presentes,
1589 589 1674 634 quod
1703 591 1731 624 si
1758 591 1830 634 quis
1863 599 1945 622 ausu

101 651 279 682 temerario
308 653 422 682 contra
452 659 522 691 eaS,
553 653 607 682 aut
636 660 749 682 earum
779 649 920 694 aliquam
949 653 1064 682 uenire
1084 651 1352 695 presumpserit.
1374 652 1436 683 nisi
1464 648 1549 682 insra
1569 649 1720 684 Mensem
1749 651 1944 699 cessavuerit,

101 711 130 743 si
150 708 334 755 Episcopus
354 708 462 752 fuerit,
493 712 725 755 suspensionis
746 721 763 742 a
785 709 914 744 diuinis.
945 713 971 743 si
993 708 1186 755 Capitulum,
1216 709 1399 751 Interdicti,
1430 709 1465 743 Si
1492 721 1572 743 uero
1593 711 1769 755 singularis
1788 720 1945 756 persona,

102 769 154 803 uel
182 780 339 815 persone,
368 773 606 815 cuiuscumque
635 774 738 804 status
769 775 821 803 aut
850 770 1046 804 conditionis
1075 773 1219 803 existant
1248 797 1254 804 .
1285 773 1652 812 excommunicationis,
1681 773 1875 813 sententias,
1906 780 1946 803 eo

102 829 188 863 sacto
225 841 262 864 se
296 833 449 863 nouerint
477 833 657 864 incurrisse
686 857 693 864 .
725 830 908 864 Statuiinus
937 841 1068 876 quoque
1097 833 1293 864 auctoritate
1329 831 1510 876 apostolica
1540 843 1602 877 qua
1630 831 1798 875 fungimur
1824 834 1857 864 iu
1885 830 1948 864 hac

103 894 216 936 parte,
255 893 494 924 constitucione
530 890 715 924 huiusmodi
752 896 912 937 perpetuo
948 891 1105 933 valitura,
1135 890 1222 936 quod
1252 918 1258 925 .
1291 918 1298 925 .
1327 891 1422 924 Prior
1450 894 1504 937 qui
1533 896 1602 934 est,
1631 892 1685 925 uel
1713 903 1771 937 pro
1800 896 1948 937 tempore

104 950 221 993 suerit,
256 955 351 995 regat
381 950 499 984 dictam
529 952 707 984 ecclesiam
737 954 768 984 in
798 952 1019 997 spiritualibus
1055 956 1087 985 et
1124 951 1242 985 diuinis
1272 951 1391 995 ofliciJ's
1421 955 1590 998 presitque
1619 952 1692 996 alijs
1720 955 1890 985 canonicis
1918 955 1950 984 et

105 1011 256 1053 Prelatis,
287 1022 423 1057 quorum
454 1022 618 1045 excessus
654 1015 798 1045 minores
828 1016 990 1056 corrigat,
1021 1015 1164 1046 maiores
1193 1023 1288 1057 uero,
1317 1012 1356 1046 ad
1385 1012 1598 1059 Episcopum,
1629 1015 1682 1058 qui
1711 1023 1771 1058 pro
1800 1017 1949 1057 tempore

105 1072 214 1115 suerit,
244 1072 367 1106 referat
396 1072 615 1116 corrigendos
647 1100 653 1106 .
685 1072 803 1106 Custos
834 1078 942 1106 autem
972 1076 1121 1107 existens
1150 1084 1209 1119 pro
1239 1078 1398 1119 tempore,
1429 1085 1541 1107 curam
1571 1073 1676 1120 plebis
1706 1076 1739 1107 in
1767 1076 1949 1107 memorata

104 1133 266 1176 ecclesia,
303 1144 468 1167 annexam
498 1132 619 1166 babeat
648 1136 847 1175 animarum,
885 1138 915 1167 et
949 1133 1092 1178 quitquid
1131 1136 1164 1167 in
1199 1137 1361 1180 premissa
1401 1134 1545 1168 ecclesia
1583 1145 1628 1168 ex
1662 1133 1883 1168 oblationIhus
1918 1137 1951 1166 et

104 1193 360 1227 obuentionibus
390 1193 648 1227 christifidelium
678 1199 710 1228 et
738 1194 777 1228 de
806 1194 987 1228 redditibus
1016 1195 1172 1228 uidelicet
1191 1197 1334 1241 quinque
1362 1206 1549 1229 marcarum
1570 1199 1601 1229 et
1620 1194 1840 1229 Annonarum
1868 1194 1951 1228 alias

104 1253 260 1288 Custodie
295 1257 536 1299 assignatarum
571 1255 754 1295 sustulerit,
794 1254 856 1288 hoc
892 1266 949 1300 pro
988 1254 1219 1299 luminaribus,
1255 1259 1335 1289 vino
1369 1260 1402 1289 et
1438 1255 1563 1289 Oblatis
1598 1267 1638 1289 ac
1673 1255 1745 1290 aliis
1781 1257 1951 1289 consuetis

105 1315 274 1360 obsequijs
303 1315 495 1360 impendere
525 1320 678 1349 teneatur
706 1343 714 1350 .
745 1316 861 1358 Porro,
892 1316 932 1349 de
961 1316 1080 1349 0111010
1109 1319 1149 1350 sit
1177 1319 1341 1359 cantoris,
1382 1316 1467 1362 quod
1496 1319 1528 1350 in
1558 1321 1656 1350 cantu
1686 1321 1717 1349 et
1746 1317 1818 1360 alijs
1847 1316 1952 1349 solitis

105 1379 165 1421 ipsi
196 1376 339 1409 ecclesie
368 1376 536 1410 deseruiat
555 1381 649 1422 prout
669 1376 829 1410 hactenus
851 1379 882 1410 in
904 1376 1019 1409 eadem
1042 1379 1165 1410 exstitit
1185 1376 1396 1411 obseruatum
1420 1405 1426 1410 .
1449 1377 1655 1410 Scolasticus
1675 1381 1783 1411 autem
1804 1376 1953 1410 eiusdem

104 1436 269 1479 Ecclesie,
299 1439 361 1479 0111.
391 1447 503 1470 curam
533 1437 676 1471 ecclesie
706 1438 820 1470 Sancti
850 1437 1029 1470 Clementis
1058 1437 1293 1483 parrochialis,
1328 1437 1412 1471 infra
1449 1442 1542 1483 septa
1579 1437 1778 1471 cathedralis
1808 1437 1953 1470 ecclesie

105 1497 262 1542 predicte,
295 1499 355 1530 site
376 1500 594 1532 annectimus.
626 1497 666 1530 de
686 1497 916 1530 oblationilius.
948 1497 1172 1543 prouentihus.
1203 1503 1235 1532 et
1254 1497 1510 1532 obuentionibus
1531 1497 1714 1532 huiusmodi
1736 1497 1954 1544 parrochialis

105 1558 261 1599 ecclesie,
290 1557 402 1591 libros.
433 1557 472 1590 ad
503 1557 646 1592 diuinum
676 1559 795 1591 cultum
827 1563 1015 1603 spectantes
1045 1570 1224 1604 procurare
1253 1563 1285 1592 et
1312 1559 1493 1593 emendare
1521 1562 1563 1593 sit
1591 1562 1755 1600 astrictus,
1786 1561 1954 1605 presitque

104 1620 276 1652 canonicis
312 1617 502 1652 Junioribus
537 1630 595 1664 per
629 1631 664 1651 se
704 1619 754 1652 uel
793 1619 890 1652 alium
925 1619 1109 1652 scolasticis
1145 1622 1175 1652 in
1212 1619 1369 1653 doctrinis
1403 1647 1409 1653 .
1448 1620 1604 1653 Preterea
1649 1624 1809 1666 perpetuo
1845 1619 1953 1653 edicto

105 1681 309 1721 sanccimus,
347 1679 432 1723 quod
480 1679 681 1724 prelatorum
723 1684 753 1712 et
786 1683 1022 1712 canonicorum
1064 1680 1189 1713 eleccio
1224 1685 1256 1713 et
1295 1684 1467 1726 recepeio,
1510 1692 1648 1714 numero
1683 1691 1782 1726 supra
1821 1684 1954 1721 statuto,

105 1739 338 1780 decrescente,
368 1739 406 1772 ad
427 1739 630 1785 Episcopum
661 1744 691 1773 et
721 1740 897 1785 capitulum
929 1743 1147 1782 conuiuiuter„
1178 1740 1295 1774 debeat
1316 1745 1482 1787 pertinere
1504 1769 1510 1775 .
1534 1741 1677 1775 Custode
1706 1745 1739 1774 et
1768 1741 1954 1774 Scolastico

107 1799 277 1833 dumtaxat
305 1803 468 1845 exceptis,
499 1812 637 1846 quorum
668 1803 832 1834 institucio
862 1803 999 1833 racione
1028 1812 1107 1833 cure
1129 1801 1361 1846 personatibus
1381 1813 1526 1845 aunexe,
1557 1801 1720 1848 spectabit
1748 1800 1954 1835 solummodo

110 1859 149 1893 ad
179 1859 377 1906 Episcopum
408 1861 553 1894 ecclesie
581 1866 763 1894 memorate
794 1889 800 1895 .
832 1861 921 1894 Sane
951 1861 1093 1905 quidem.
1124 1873 1197 1894 cum
1226 1863 1356 1906 singula
1387 1865 1449 1896 sint
1480 1863 1601 1905 ol'licia,
1632 1862 1770 1906 singulis
1799 1864 1955 1895 commit—

107 1919 205 1953 tenda
241 1923 410 1966 personiS,
442 1921 640 1959 Statuiinus,
680 1921 764 1966 quod
802 1922 907 1955 nullus
943 1922 1036 1954 siinul
1074 1934 1149 1954 esse
1185 1922 1296 1956 valeat
1329 1926 1512 1957 canonicus
1542 1928 1573 1956 et
1602 1922 1763 1969 plebanus
1793 1950 1800 1956 .
1832 1921 1898 1955 Sed
1928 1924 1956 1955 si

109 1982 181 2024 quis
210 1980 397 2014 Canonicus
427 1986 480 2015 aut
509 1982 665 2027 prelatus,
697 1982 734 2015 ad
767 1982 927 2025 Regimen
958 1982 1175 2026 parrochialis
1205 1984 1347 2017 ecclesie
1384 1987 1545 2017 canonice
1580 1983 1675 2017 suerit
1704 1986 1884 2025 institutus,
1916 1994 1955 2016 eo

110 2042 182 2085 ipso
211 2040 411 2075 Canonicatu
443 2043 494 2075 uel
523 2043 689 2088 prelatura
720 2046 805 2076 suis.
838 2046 970 2087 [militiis
1000 2046 1039 2075 sit
1069 2045 1232 2088 priuatuS,
1264 2048 1293 2077 et
1323 2044 1405 2078 alias
1436 2045 1605 2091 ydoneus⁷
1640 2047 1670 2077 in
1708 2045 1813 2077 locum
1852 2046 1955 2088 ipsius

111 2102 238 2133 statutis
267 2112 283 2133 a
311 2101 390 2135 Jure
420 2102 623 2148 temporibus
653 2108 870 2138 assumatur.
894 2104 1058 2136 Cetei-uin.
1091 2115 1164 2136 cuni
1194 2109 1331 2150 propter
1351 2108 1568 2149 exiguitatem
1598 2105 1782 2138 reddituum
1813 2104 1956 2137 ecclesie

111 2159 384 2195 Lutliomislensis
414 2168 608 2208 prenarrate
639 2191 645 2197 .
675 2168 707 2197 et
737 2163 972 2197 multitudinem
1004 2175 1233 2208 personarum,
1263 2164 1381 2199 ibidem
1412 2169 1638 2202 existentium,
1667 2176 1783 2198 omnes
1814 2167 1844 2197 in
1874 2176 1956 2210 pre-

110 2224 221 2253 notato
250 2225 367 2255 statuto
388 2222 629 2257 Canonicoruin
659 2236 796 2258 numero
827 2227 1033 2268 nequiuerint
1062 2224 1228 2258 collocari.
1259 2224 1412 2259 duximus
1442 2226 1671 2264 ordinandum,
1701 2224 1786 2269 quod
1815 2225 1956 2259 cedente

112 2280 163 2313 uel
193 2280 374 2315 decedente
404 2284 510 2329 aliquo
540 2285 667 2330 prelato
689 2286 739 2318 uel
763 2286 933 2318 Canonico
962 2284 1002 2317 de
1032 2296 1169 2317 numero
1199 2286 1400 2330 supradicto.
1431 2287 1525 2328 alias,
1555 2297 1663 2331 quem,
1694 2285 1777 2319 idem
1798 2297 1957 2331 compre-

111 2341 257 2374 hendere
287 2342 439 2386 nequibat
468 2356 635 2379 numerus.
666 2348 756 2379 iuxta
788 2348 971 2378 uocationis
992 2357 1051 2378 sue
1072 2345 1231 2380 ordinem.
1263 2345 1436 2380 dummodo
1468 2347 1630 2392 ydoneus,
1660 2347 1810 2391 eligatur,
1840 2346 1957 2392 quibus

110 2401 340 2446 superstitilnis
370 2402 536 2447 frutribus,
567 2406 605 2439 ad
635 2417 805 2439 numerum
837 2410 1019 2451 pretactuui
1051 2405 1181 2438 tandem
1209 2410 1405 2441 successiue
1426 2407 1580 2449 reductis,
1612 2411 1686 2440 tunc
1715 2410 1819 2453 primo
1840 2417 1957 2449 nouos,

112 2461 267 2494 diminuto
297 2462 456 2506 prelibato
477 2464 716 2500 Canonicoruin
738 2478 886 2500 unnim-o.
917 2469 1068 2511 recipere
1097 2469 1135 2499 sit
1165 2469 1375 2511 permissum,
1406 2467 1490 2513 quod
1521 2472 1629 2500 tamen
1650 2471 1785 2513 recepti,
1816 2467 1956 2500 eundem

111 2532 282 2555 nnmerum
317 2533 381 2555 non
417 2524 580 2558 excedant
614 2553 620 2560 .
660 2528 770 2572 Siquis
800 2538 879 2560 uero
918 2530 1135 2572 prescriptum
1170 2526 1389 2570 Prelatoruin,
1420 2532 1474 2561 aut
1503 2527 1743 2561 Canonicorum
1773 2538 1955 2570 numerum,

112 2593 195 2615 ausu
226 2585 414 2625 temerario,
444 2587 592 2618 minuere
613 2591 666 2620 aut
686 2592 902 2632 augmentare
923 2590 1170 2632 presumpserit,
1199 2586 1324 2633 absque
1344 2588 1433 2623 sedis
1455 2588 1636 2633 apostolice
1656 2588 1787 2622 licentia
1808 2589 1956 2634 speciali,
