<?xml version="1.0" encoding="UTF-8"?>
<!DOCTYPE html PUBLIC "-//W3C//DTD XHTML 1.0 Transitional//EN"
    "http://www.w3.org/TR/xhtml1/DTD/xhtml1-transitional.dtd">
<html xmlns="http://www.w3.org/1999/xhtml" xml:lang="en" lang="en">
 <head>
  <title>
</title>
<meta http-equiv="Content-Type" content="text/html;charset=utf-8" />
  <meta name='ocr-system' content='tesseract 3.04.00' />
  <meta name='ocr-capabilities' content='ocr_page ocr_carea ocr_par ocr_line ocrx_word'/>
</head>
<body>
  <div class='ocr_page' id='page_1' title='image "./codexdiplomaticu07morauoft/codexdiplomaticu07morauoft_1080.png"; bbox 0 0 2184 2828; ppageno 0'>
   <div class='ocr_carea' id='block_1_1' title="bbox 1089 110 1163 144">
    <p class='ocr_par' dir='ltr' id='par_1_1' title="bbox 1089 110 1163 144">
     <span class='ocr_line' id='line_1_1' title="bbox 1089 110 1163 144; baseline 0 0"><span class='ocrx_word' id='word_1_1' title='bbox 1089 110 1163 144; x_wconf 77' lang='lat'>946</span> 
     </span>
    </p>
   </div>
   <div class='ocr_carea' id='block_1_2' title="bbox 202 226 2049 516">
    <p class='ocr_par' dir='ltr' id='par_1_2' title="bbox 202 226 2049 516">
     <span class='ocr_line' id='line_1_2' title="bbox 204 226 2049 274; baseline -0.001 -12"><span class='ocrx_word' id='word_1_2' title='bbox 204 233 363 262; x_wconf 81' lang='lat' dir='ltr'>tractatus</span> <span class='ocrx_word' id='word_1_3' title='bbox 402 229 478 262; x_wconf 90' lang='lat' dir='ltr'>hinc</span> <span class='ocrx_word' id='word_1_4' title='bbox 512 228 600 267; x_wconf 70' lang='lat' dir='ltr'>inde„</span> <span class='ocrx_word' id='word_1_5' title='bbox 637 239 736 274; x_wconf 85' lang='lat' dir='ltr'>super</span> <span class='ocrx_word' id='word_1_6' title='bbox 770 238 854 273; x_wconf 87' lang='lat' dir='ltr'>pace</span> <span class='ocrx_word' id='word_1_7' title='bbox 888 227 1099 261; x_wconf 76' lang='lat' dir='ltr'>reformanda</span> <span class='ocrx_word' id='word_1_8' title='bbox 1135 226 1263 261; x_wconf 86' lang='lat' dir='ltr'>habitos</span> <span class='ocrx_word' id='word_1_9' title='bbox 1300 238 1385 260; x_wconf 64' lang='lat' dir='ltr'>xoce</span> <span class='ocrx_word' id='word_1_10' title='bbox 1419 230 1488 273; x_wconf 86' lang='lat' dir='ltr'>pari</span> <span class='ocrx_word' id='word_1_11' title='bbox 1522 232 1556 260; x_wconf 89' lang='lat' dir='ltr'>et</span> <span class='ocrx_word' id='word_1_12' title='bbox 1582 238 1748 261; x_wconf 87' lang='lat' dir='ltr'>consensu</span> <span class='ocrx_word' id='word_1_13' title='bbox 1777 230 1935 270; x_wconf 58' lang='lat' dir='ltr'>munuum</span> <span class='ocrx_word' id='word_1_14' title='bbox 1966 230 2049 261; x_wconf 83' lang='lat' dir='ltr'>sicut</span> 
     </span>
     <span class='ocr_line' id='line_1_3' title="bbox 205 286 2049 335; baseline -0.001 -13"><span class='ocrx_word' id='word_1_15' title='bbox 205 290 329 335; x_wconf 78' lang='lat' dir='ltr'>placuit</span> <span class='ocrx_word' id='word_1_16' title='bbox 356 292 450 335; x_wconf 88' lang='lat' dir='ltr'>pacis</span> <span class='ocrx_word' id='word_1_17' title='bbox 479 293 615 322; x_wconf 86' lang='lat' dir='ltr'>auctore</span> <span class='ocrx_word' id='word_1_18' title='bbox 644 299 759 334; x_wconf 87' lang='lat' dir='ltr'>pacem</span> <span class='ocrx_word' id='word_1_19' title='bbox 786 290 970 322; x_wconf 81' lang='lat' dir='ltr'>amiciciam</span> <span class='ocrx_word' id='word_1_20' title='bbox 991 292 1024 321; x_wconf 88' lang='lat' dir='ltr'>et</span> <span class='ocrx_word' id='word_1_21' title='bbox 1043 290 1199 321; x_wconf 91' lang='lat' dir='ltr'>unionem</span> <span class='ocrx_word' id='word_1_22' title='bbox 1220 286 1478 321; x_wconf 77' lang='lat' dir='ltr'>indissolubilem</span> <span class='ocrx_word' id='word_1_23' title='bbox 1508 291 1540 320; x_wconf 91' lang='lat' dir='ltr'>et</span> <span class='ocrx_word' id='word_1_24' title='bbox 1564 292 1724 333; x_wconf 88' lang='lat' dir='ltr'>perpetuo</span> <span class='ocrx_word' id='word_1_25' title='bbox 1747 288 1932 321; x_wconf 75' lang='lat' dir='ltr'>duraturam</span> <span class='ocrx_word' id='word_1_26' title='bbox 1955 287 2049 321; x_wconf 88' lang='lat' dir='ltr'>ordi-</span> 
     </span>
     <span class='ocr_line' id='line_1_4' title="bbox 202 347 2048 395; baseline -0.001 -13"><span class='ocrx_word' id='word_1_27' title='bbox 202 352 356 383; x_wconf 87' lang='lat' dir='ltr'>navimus</span> <span class='ocrx_word' id='word_1_28' title='bbox 384 352 554 384; x_wconf 76' lang='lat' dir='ltr'>statuimus</span> <span class='ocrx_word' id='word_1_29' title='bbox 583 360 622 382; x_wconf 88' lang='lat' dir='ltr'>ac</span> <span class='ocrx_word' id='word_1_30' title='bbox 650 348 864 395; x_wconf 83' lang='lat' dir='ltr'>probavimus</span> <span class='ocrx_word' id='word_1_31' title='bbox 893 352 977 382; x_wconf 88' lang='lat' dir='ltr'>inter</span> <span class='ocrx_word' id='word_1_32' title='bbox 1002 348 1107 381; x_wconf 87' lang='lat' dir='ltr'>dictos</span> <span class='ocrx_word' id='word_1_33' title='bbox 1132 347 1283 381; x_wconf 90' lang='lat' dir='ltr'>dominos</span> <span class='ocrx_word' id='word_1_34' title='bbox 1308 352 1443 381; x_wconf 70' lang='lat' dir='ltr'>nostros</span> <span class='ocrx_word' id='word_1_35' title='bbox 1464 347 1689 381; x_wconf 87' lang='lat' dir='ltr'>Romanorum</span> <span class='ocrx_word' id='word_1_36' title='bbox 1710 353 1741 381; x_wconf 82' lang='lat' dir='ltr'>et</span> <span class='ocrx_word' id='word_1_37' title='bbox 1761 347 1914 381; x_wconf 82' lang='lat' dir='ltr'>bohemie</span> <span class='ocrx_word' id='word_1_38' title='bbox 1935 347 2048 391; x_wconf 84' lang='lat' dir='ltr'>Reges</span> 
     </span>
     <span class='ocr_line' id='line_1_5' title="bbox 202 407 2049 456; baseline -0.001 -14"><span class='ocrx_word' id='word_1_39' title='bbox 202 410 346 444; x_wconf 74' lang='lat' dir='ltr'>illustres</span> <span class='ocrx_word' id='word_1_40' title='bbox 384 409 444 444; x_wconf 90' lang='lat' dir='ltr'>sub</span> <span class='ocrx_word' id='word_1_41' title='bbox 479 410 584 443; x_wconf 82' lang='lat' dir='ltr'>modis</span> <span class='ocrx_word' id='word_1_42' title='bbox 619 408 834 456; x_wconf 89' lang='lat' dir='ltr'>paccionibus</span> <span class='ocrx_word' id='word_1_43' title='bbox 873 420 931 443; x_wconf 90' lang='lat' dir='ltr'>seu</span> <span class='ocrx_word' id='word_1_44' title='bbox 965 407 1216 442; x_wconf 83' lang='lat' dir='ltr'>condicionibus</span> <span class='ocrx_word' id='word_1_45' title='bbox 1253 411 1283 441; x_wconf 92' lang='lat' dir='ltr'>in</span> <span class='ocrx_word' id='word_1_46' title='bbox 1323 410 1384 441; x_wconf 88' lang='lat' dir='ltr'>iam</span> <span class='ocrx_word' id='word_1_47' title='bbox 1422 407 1498 441; x_wconf 91' lang='lat' dir='ltr'>dicti</span> <span class='ocrx_word' id='word_1_48' title='bbox 1533 407 1654 441; x_wconf 90' lang='lat' dir='ltr'>domini</span> <span class='ocrx_word' id='word_1_49' title='bbox 1688 408 1907 442; x_wconf 85' lang='lat' dir='ltr'>Bohemorum</span> <span class='ocrx_word' id='word_1_50' title='bbox 1945 407 2049 451; x_wconf 78' lang='lat' dir='ltr'>Regis</span> 
     </span>
     <span class='ocr_line' id='line_1_6' title="bbox 204 467 1964 516; baseline -0.001 -13"><span class='ocrx_word' id='word_1_51' title='bbox 204 469 394 516; x_wconf 88' lang='lat' dir='ltr'>patentibus</span> <span class='ocrx_word' id='word_1_52' title='bbox 424 475 455 503; x_wconf 87' lang='lat' dir='ltr'>et</span> <span class='ocrx_word' id='word_1_53' title='bbox 485 472 647 503; x_wconf 83' lang='lat' dir='ltr'>attenticis</span> <span class='ocrx_word' id='word_1_54' title='bbox 678 469 794 503; x_wconf 86' lang='lat' dir='ltr'>litteris</span> <span class='ocrx_word' id='word_1_55' title='bbox 822 469 1086 515; x_wconf 78' lang='lat' dir='ltr'>comprehensis.</span> <span class='ocrx_word' id='word_1_56' title='bbox 1116 479 1252 514; x_wconf 85' lang='lat' dir='ltr'>quarum</span> <span class='ocrx_word' id='word_1_57' title='bbox 1283 473 1377 502; x_wconf 86' lang='lat' dir='ltr'>tenor</span> <span class='ocrx_word' id='word_1_58' title='bbox 1406 468 1476 501; x_wconf 88' lang='lat' dir='ltr'>talis</span> <span class='ocrx_word' id='word_1_59' title='bbox 1505 473 1568 502; x_wconf 85' lang='lat' dir='ltr'>est.</span> <span class='ocrx_word' id='word_1_60' title='bbox 1599 467 1666 501; x_wconf 85' lang='lat' dir='ltr'>Nos</span> <span class='ocrx_word' id='word_1_61' title='bbox 1694 467 1872 501; x_wconf 82' lang='lat' dir='ltr'>Ottakarus</span> <span class='ocrx_word' id='word_1_62' title='bbox 1902 472 1964 501; x_wconf 84' lang='lat' dir='ltr'>etc.</span> 
     </span>
    </p>
   </div>
   <div class='ocr_carea' id='block_1_3' title="bbox 1077 650 1183 684">
    <p class='ocr_par' dir='ltr' id='par_1_3' title="bbox 1077 650 1183 684">
     <span class='ocr_line' id='line_1_7' title="bbox 1077 650 1183 684; baseline -0.009 0"><span class='ocrx_word' id='word_1_63' title='bbox 1077 650 1183 684; x_wconf 74' lang='lat' dir='ltr'>no.</span> 
     </span>
    </p>
   </div>
   <div class='ocr_carea' id='block_1_4' title="bbox 201 726 2049 841">
    <p class='ocr_par' dir='ltr' id='par_1_4' title="bbox 201 726 2049 841">
     <span class='ocr_line' id='line_1_8' title="bbox 201 726 2049 773; baseline -0.002 -11"><span class='ocrx_word' id='word_1_64' title='bbox 201 729 276 763; x_wconf 77' lang='lat' dir='ltr'>Der</span> <span class='ocrx_word' id='word_1_65' title='bbox 303 729 455 773; x_wconf 66' lang='lat' dir='ltr'>Bc‘scliol&#39;</span> <span class='ocrx_word' id='word_1_66' title='bbox 475 740 538 763; x_wconf 68' lang='lat' dir='ltr'>rou</span> <span class='ocrx_word' id='word_1_67' title='bbox 572 730 703 762; x_wconf 70' lang='lat' dir='ltr'>Oltm‘elz</span> <span class='ocrx_word' id='word_1_68' title='bbox 731 728 871 761; x_wconf 65' lang='lat' dir='ltr'>schenkl</span> <span class='ocrx_word' id='word_1_69' title='bbox 900 730 957 761; x_wconf 78' lang='lat' dir='ltr'>mil</span> <span class='ocrx_word' id='word_1_70' title='bbox 988 727 1218 770; x_wconf 72' lang='lat' dir='ltr'>Zztstz&#39;nmumy</span> <span class='ocrx_word' id='word_1_71' title='bbox 1243 728 1354 759; x_wconf 70' lang='lat' dir='ltr'>semes</span> <span class='ocrx_word' id='word_1_72' title='bbox 1377 727 1535 771; x_wconf 71' lang='lat' dir='ltr'>lsstpz&#39;lels</span> <span class='ocrx_word' id='word_1_73' title='bbox 1560 727 1649 759; x_wconf 63' lang='lat' dir='ltr'>rtem.</span> <span class='ocrx_word' id='word_1_74' title='bbox 1669 728 1740 770; x_wconf 74' lang='lat' dir='ltr'>,far</span> <span class='ocrx_word' id='word_1_75' title='bbox 1765 727 1819 760; x_wconf 71' lang='lat' dir='ltr'>die</span> <span class='ocrx_word' id='word_1_76' title='bbox 1842 727 1902 759; x_wconf 71' lang='lat' dir='ltr'>dei·</span> <span class='ocrx_word' id='word_1_77' title='bbox 1922 726 2049 759; x_wconf 77' lang='lat' dir='ltr'>Kircke</span> 
     </span>
     <span class='ocr_line' id='line_1_9' title="bbox 305 787 1943 841; baseline -0.001 -19"><span class='ocrx_word' id='word_1_78' title='bbox 305 793 381 823; x_wconf 69' lang='lat' dir='ltr'>eren</span> <span class='ocrx_word' id='word_1_79' title='bbox 409 790 612 834; x_wconf 69' lang='lat' dir='ltr'>yeleislelen</span> <span class='ocrx_word' id='word_1_80' title='bbox 643 789 786 841; x_wconf 65' lang='lat' dir='ltr'>Qienste</span> <span class='ocrx_word' id='word_1_81' title='bbox 814 789 875 822; x_wconf 75' lang='lat' dir='ltr'>das</span> <span class='ocrx_word' id='word_1_82' title='bbox 905 788 1001 831; x_wconf 80' lang='lat' dir='ltr'>Dorf</span> <span class='ocrx_word' id='word_1_83' title='bbox 1022 787 1213 821; x_wconf 53' lang='lat' dir='ltr'>Hoc-leuvam</span> <span class='ocrx_word' id='word_1_84' title='bbox 1243 788 1348 828; x_wconf 76' lang='lat' dir='ltr'>(Alta</span> <span class='ocrx_word' id='word_1_85' title='bbox 1377 788 1498 829; x_wconf 62' lang='lat' dir='ltr'>sili-a).</span> <span class='ocrx_word' id='word_1_86' title='bbox 1540 788 1577 821; x_wconf 85' lang='lat'>0.</span> <span class='ocrx_word' id='word_1_87' title='bbox 1611 788 1652 821; x_wconf 92' lang='lat' dir='ltr'>D.</span> <span class='ocrx_word' id='word_1_88' title='bbox 1685 788 1721 821; x_wconf 84' lang='lat'>0.</span> <span class='ocrx_word' id='word_1_89' title='bbox 1754 789 1819 821; x_wconf 73' lang='lat' dir='ltr'>eun!</span> <span class='ocrx_word' id='word_1_90' title='bbox 1845 787 1943 821; x_wconf 70' lang='lat' dir='ltr'>Jahr.</span> 
     </span>
    </p>
   </div>
   <div class='ocr_carea' id='block_1_5' title="bbox 193 855 2049 1830">
    <p class='ocr_par' dir='ltr' id='par_1_5' title="bbox 193 855 2049 1830">
     <span class='ocr_line' id='line_1_10' title="bbox 357 855 2048 922; baseline -0.001 -13"><span class='ocrx_word' id='word_1_91' title='bbox 357 855 468 910; x_wconf 72' lang='lat' dir='ltr'>Talis</span> <span class='ocrx_word' id='word_1_92' title='bbox 496 879 673 922; x_wconf 90' lang='lat' dir='ltr'>episcopus</span> <span class='ocrx_word' id='word_1_93' title='bbox 703 880 765 909; x_wconf 83' lang='lat' dir='ltr'>etc.</span> <span class='ocrx_word' id='word_1_94' title='bbox 796 875 948 908; x_wconf 86' lang='lat' dir='ltr'>omnibus</span> <span class='ocrx_word' id='word_1_95' title='bbox 979 879 1009 907; x_wconf 88' lang='lat' dir='ltr'>in</span> <span class='ocrx_word' id='word_1_96' title='bbox 1039 879 1232 920; x_wconf 89' lang='lat' dir='ltr'>perpetuum</span> <span class='ocrx_word' id='word_1_97' title='bbox 1256 886 1396 920; x_wconf 78' lang='lat' dir='ltr'>presens</span> <span class='ocrx_word' id='word_1_98' title='bbox 1420 877 1577 920; x_wconf 88' lang='lat' dir='ltr'>scriptum</span> <span class='ocrx_word' id='word_1_99' title='bbox 1605 874 1792 908; x_wconf 91' lang='lat' dir='ltr'>duraturum</span> <span class='ocrx_word' id='word_1_100' title='bbox 1815 874 1895 908; x_wconf 86' lang='lat' dir='ltr'>Cum</span> <span class='ocrx_word' id='word_1_101' title='bbox 1921 878 2048 920; x_wconf 90' lang='lat' dir='ltr'>tempus</span> 
     </span>
     <span class='ocr_line' id='line_1_11' title="bbox 198 934 2049 981; baseline -0.001 -11"><span class='ocrx_word' id='word_1_102' title='bbox 198 941 346 971; x_wconf 89' lang='lat' dir='ltr'>nostrum</span> <span class='ocrx_word' id='word_1_103' title='bbox 375 939 531 970; x_wconf 87' lang='lat' dir='ltr'>continua</span> <span class='ocrx_word' id='word_1_104' title='bbox 562 936 777 969; x_wconf 87' lang='lat' dir='ltr'>revolucioue</span> <span class='ocrx_word' id='word_1_105' title='bbox 806 934 909 981; x_wconf 86' lang='lat' dir='ltr'>procli</span> <span class='ocrx_word' id='word_1_106' title='bbox 939 935 1033 968; x_wconf 89' lang='lat' dir='ltr'>dolor</span> <span class='ocrx_word' id='word_1_107' title='bbox 1061 937 1109 968; x_wconf 90' lang='lat' dir='ltr'>sic</span> <span class='ocrx_word' id='word_1_108' title='bbox 1138 934 1277 969; x_wconf 85' lang='lat' dir='ltr'>labatur.</span> <span class='ocrx_word' id='word_1_109' title='bbox 1307 935 1393 979; x_wconf 86' lang='lat' dir='ltr'>quod</span> <span class='ocrx_word' id='word_1_110' title='bbox 1423 937 1654 980; x_wconf 89' lang='lat' dir='ltr'>preteritorum</span> <span class='ocrx_word' id='word_1_111' title='bbox 1684 934 1807 968; x_wconf 91' lang='lat' dir='ltr'>oblivio</span> <span class='ocrx_word' id='word_1_112' title='bbox 1836 934 1934 969; x_wconf 82' lang='lat' dir='ltr'>futuri</span> <span class='ocrx_word' id='word_1_113' title='bbox 1961 940 2049 969; x_wconf 90' lang='lat' dir='ltr'>tem-</span> 
     </span>
     <span class='ocr_line' id='line_1_12' title="bbox 199 994 2048 1043; baseline -0.002 -12"><span class='ocrx_word' id='word_1_114' title='bbox 199 1000 290 1043; x_wconf 89' lang='lat' dir='ltr'>poris</span> <span class='ocrx_word' id='word_1_115' title='bbox 320 1000 540 1031; x_wconf 85' lang='lat' dir='ltr'>successione</span> <span class='ocrx_word' id='word_1_116' title='bbox 569 996 800 1042; x_wconf 84' lang='lat' dir='ltr'>subreppatur.</span> <span class='ocrx_word' id='word_1_117' title='bbox 831 995 1012 1030; x_wconf 80' lang='lat' dir='ltr'>Consilium</span> <span class='ocrx_word' id='word_1_118' title='bbox 1042 994 1236 1040; x_wconf 82' lang='lat' dir='ltr'>prudentum</span> <span class='ocrx_word' id='word_1_119' title='bbox 1272 1000 1320 1029; x_wconf 85' lang='lat' dir='ltr'>est</span> <span class='ocrx_word' id='word_1_120' title='bbox 1359 1000 1390 1029; x_wconf 88' lang='lat' dir='ltr'>ut</span> <span class='ocrx_word' id='word_1_121' title='bbox 1427 1000 1498 1029; x_wconf 81' lang='lat' dir='ltr'>acta</span> <span class='ocrx_word' id='word_1_122' title='bbox 1534 995 1633 1040; x_wconf 79' lang='lat' dir='ltr'>digna</span> <span class='ocrx_word' id='word_1_123' title='bbox 1663 999 1820 1029; x_wconf 89' lang='lat' dir='ltr'>memoria</span> <span class='ocrx_word' id='word_1_124' title='bbox 1851 998 2048 1041; x_wconf 89' lang='lat' dir='ltr'>scriptorum</span> 
     </span>
     <span class='ocr_line' id='line_1_13' title="bbox 197 1056 2049 1102; baseline -0.002 -10"><span class='ocrx_word' id='word_1_125' title='bbox 197 1061 246 1092; x_wconf 89' lang='lat' dir='ltr'>sic</span> <span class='ocrx_word' id='word_1_126' title='bbox 275 1062 454 1092; x_wconf 84' lang='lat' dir='ltr'>serventur</span> <span class='ocrx_word' id='word_1_127' title='bbox 481 1060 610 1101; x_wconf 78' lang='lat' dir='ltr'>integra</span> <span class='ocrx_word' id='word_1_128' title='bbox 639 1057 725 1102; x_wconf 83' lang='lat' dir='ltr'>quod</span> <span class='ocrx_word' id='word_1_129' title='bbox 755 1068 860 1102; x_wconf 89' lang='lat' dir='ltr'>usque</span> <span class='ocrx_word' id='word_1_130' title='bbox 889 1056 928 1089; x_wconf 88' lang='lat' dir='ltr'>ad</span> <span class='ocrx_word' id='word_1_131' title='bbox 958 1067 1091 1090; x_wconf 88' lang='lat' dir='ltr'>cursum</span> <span class='ocrx_word' id='word_1_132' title='bbox 1127 1056 1225 1089; x_wconf 83' lang='lat' dir='ltr'>futuri</span> <span class='ocrx_word' id='word_1_133' title='bbox 1262 1059 1418 1101; x_wconf 86' lang='lat' dir='ltr'>temporis</span> <span class='ocrx_word' id='word_1_134' title='bbox 1452 1061 1543 1089; x_wconf 81' lang='lat' dir='ltr'>certa</span> <span class='ocrx_word' id='word_1_135' title='bbox 1580 1058 1720 1090; x_wconf 86' lang='lat' dir='ltr'>veritate</span> <span class='ocrx_word' id='word_1_136' title='bbox 1749 1060 1904 1089; x_wconf 88' lang='lat' dir='ltr'>maneant</span> <span class='ocrx_word' id='word_1_137' title='bbox 1932 1059 2049 1089; x_wconf 90' lang='lat' dir='ltr'>incor-</span> 
     </span>
     <span class='ocr_line' id='line_1_14' title="bbox 199 1116 2048 1165; baseline -0.002 -13"><span class='ocrx_word' id='word_1_138' title='bbox 199 1122 304 1165; x_wconf 63' lang='lat' dir='ltr'>rupta,</span> <span class='ocrx_word' id='word_1_139' title='bbox 334 1117 499 1152; x_wconf 90' lang='lat' dir='ltr'>Noverint</span> <span class='ocrx_word' id='word_1_140' title='bbox 535 1120 633 1162; x_wconf 79' lang='lat' dir='ltr'>igitur</span> <span class='ocrx_word' id='word_1_141' title='bbox 662 1122 724 1150; x_wconf 89' lang='lat' dir='ltr'>tam</span> <span class='ocrx_word' id='word_1_142' title='bbox 762 1121 937 1162; x_wconf 77' lang='lat' dir='ltr'>presentes</span> <span class='ocrx_word' id='word_1_143' title='bbox 975 1128 1071 1161; x_wconf 85' lang='lat' dir='ltr'>qnam</span> <span class='ocrx_word' id='word_1_144' title='bbox 1108 1117 1207 1150; x_wconf 85' lang='lat' dir='ltr'>l&#39;uturi</span> <span class='ocrx_word' id='word_1_145' title='bbox 1243 1117 1329 1162; x_wconf 85' lang='lat' dir='ltr'>quod</span> <span class='ocrx_word' id='word_1_146' title='bbox 1365 1127 1426 1151; x_wconf 91' lang='lat' dir='ltr'>nos</span> <span class='ocrx_word' id='word_1_147' title='bbox 1462 1120 1612 1161; x_wconf 82' lang='lat' dir='ltr'>pensatis</span> <span class='ocrx_word' id='word_1_148' title='bbox 1647 1119 1798 1150; x_wconf 83' lang='lat' dir='ltr'>serviciis</span> <span class='ocrx_word' id='word_1_149' title='bbox 1832 1120 1865 1149; x_wconf 91' lang='lat' dir='ltr'>et</span> <span class='ocrx_word' id='word_1_150' title='bbox 1892 1116 2048 1150; x_wconf 85' lang='lat' dir='ltr'>fidelitate</span> 
     </span>
     <span class='ocr_line' id='line_1_15' title="bbox 198 1176 2046 1224; baseline -0.001 -12"><span class='ocrx_word' id='word_1_151' title='bbox 198 1190 294 1224; x_wconf 89' lang='lat' dir='ltr'>quam</span> <span class='ocrx_word' id='word_1_152' title='bbox 326 1178 419 1212; x_wconf 88' lang='lat' dir='ltr'>nobis</span> <span class='ocrx_word' id='word_1_153' title='bbox 449 1178 539 1212; x_wconf 88' lang='lat' dir='ltr'>talis.</span> <span class='ocrx_word' id='word_1_154' title='bbox 559 1177 725 1211; x_wconf 74' lang='lat' dir='ltr'>,exhibuit</span> <span class='ocrx_word' id='word_1_155' title='bbox 755 1178 792 1211; x_wconf 90' lang='lat' dir='ltr'>ad</span> <span class='ocrx_word' id='word_1_156' title='bbox 824 1178 995 1211; x_wconf 76' lang='lat' dir='ltr'>utilitatem</span> <span class='ocrx_word' id='word_1_157' title='bbox 1026 1177 1178 1211; x_wconf 83' lang='lat' dir='ltr'>Ecclesie</span> <span class='ocrx_word' id='word_1_158' title='bbox 1206 1182 1320 1211; x_wconf 78' lang='lat' dir='ltr'>nostre</span> <span class='ocrx_word' id='word_1_159' title='bbox 1349 1180 1568 1211; x_wconf 86' lang='lat' dir='ltr'>serviciorum</span> <span class='ocrx_word' id='word_1_160' title='bbox 1599 1187 1730 1211; x_wconf 87' lang='lat' dir='ltr'>snorum</span> <span class='ocrx_word' id='word_1_161' title='bbox 1759 1176 2046 1222; x_wconf 86' lang='lat' dir='ltr'>promptitudinem</span> 
     </span>
     <span class='ocr_line' id='line_1_16' title="bbox 197 1237 2047 1283; baseline -0.001 -11"><span class='ocrx_word' id='word_1_162' title='bbox 197 1238 397 1280; x_wconf 72' lang='lat' dir='ltr'>exhibendo,</span> <span class='ocrx_word' id='word_1_163' title='bbox 428 1249 473 1271; x_wconf 79' lang='lat' dir='ltr'>ex</span> <span class='ocrx_word' id='word_1_164' title='bbox 501 1241 666 1272; x_wconf 90' lang='lat' dir='ltr'>communi</span> <span class='ocrx_word' id='word_1_165' title='bbox 702 1238 840 1271; x_wconf 80' lang='lat' dir='ltr'>consilio</span> <span class='ocrx_word' id='word_1_166' title='bbox 877 1237 1008 1283; x_wconf 79' lang='lat' dir='ltr'>capituli</span> <span class='ocrx_word' id='word_1_167' title='bbox 1044 1240 1149 1271; x_wconf 84' lang='lat' dir='ltr'>nostri</span> <span class='ocrx_word' id='word_1_168' title='bbox 1185 1238 1295 1271; x_wconf 73' lang='lat' dir='ltr'>villam</span> <span class='ocrx_word' id='word_1_169' title='bbox 1332 1249 1396 1283; x_wconf 83' lang='lat' dir='ltr'>que</span> <span class='ocrx_word' id='word_1_170' title='bbox 1431 1242 1573 1271; x_wconf 87' lang='lat' dir='ltr'>vocatur</span> <span class='ocrx_word' id='word_1_171' title='bbox 1605 1237 1668 1271; x_wconf 87' lang='lat' dir='ltr'>alta</span> <span class='ocrx_word' id='word_1_172' title='bbox 1705 1238 1789 1273; x_wconf 85' lang='lat' dir='ltr'>silva</span> <span class='ocrx_word' id='word_1_173' title='bbox 1820 1237 1881 1271; x_wconf 90' lang='lat' dir='ltr'>sibi</span> <span class='ocrx_word' id='word_1_174' title='bbox 1912 1240 2047 1282; x_wconf 88' lang='lat' dir='ltr'>suisque</span> 
     </span>
     <span class='ocr_line' id='line_1_17' title="bbox 196 1297 2046 1344; baseline -0.001 -12"><span class='ocrx_word' id='word_1_175' title='bbox 196 1298 375 1333; x_wconf 86' lang='lat' dir='ltr'>heredibus</span> <span class='ocrx_word' id='word_1_176' title='bbox 405 1299 571 1343; x_wconf 74' lang='lat' dir='ltr'>legittimis</span> <span class='ocrx_word' id='word_1_177' title='bbox 601 1310 674 1332; x_wconf 83' lang='lat' dir='ltr'>cum</span> <span class='ocrx_word' id='word_1_178' title='bbox 704 1299 855 1332; x_wconf 89' lang='lat' dir='ltr'>omnibus</span> <span class='ocrx_word' id='word_1_179' title='bbox 886 1297 1046 1332; x_wconf 70' lang='lat' dir='ltr'>fruct-ibus</span> <span class='ocrx_word' id='word_1_180' title='bbox 1076 1303 1106 1331; x_wconf 88' lang='lat' dir='ltr'>et</span> <span class='ocrx_word' id='word_1_181' title='bbox 1137 1298 1355 1344; x_wconf 81' lang='lat' dir='ltr'>proventibus</span> <span class='ocrx_word' id='word_1_182' title='bbox 1385 1298 1601 1332; x_wconf 86' lang='lat' dir='ltr'>concedimus</span> <span class='ocrx_word' id='word_1_183' title='bbox 1631 1298 1864 1344; x_wconf 83' lang='lat' dir='ltr'>possidendam</span> <span class='ocrx_word' id='word_1_184' title='bbox 1887 1301 1935 1332; x_wconf 92' lang='lat' dir='ltr'>sic</span> <span class='ocrx_word' id='word_1_185' title='bbox 1960 1297 2046 1343; x_wconf 91' lang='lat' dir='ltr'>quod</span> 
     </span>
     <span class='ocr_line' id='line_1_18' title="bbox 196 1357 2047 1404; baseline -0.001 -11"><span class='ocrx_word' id='word_1_186' title='bbox 196 1359 304 1393; x_wconf 86' lang='lat' dir='ltr'>nullus</span> <span class='ocrx_word' id='word_1_187' title='bbox 341 1370 579 1393; x_wconf 88' lang='lat' dir='ltr'>successorum</span> <span class='ocrx_word' id='word_1_188' title='bbox 610 1364 794 1393; x_wconf 83' lang='lat' dir='ltr'>nostrorum</span> <span class='ocrx_word' id='word_1_189' title='bbox 831 1359 917 1392; x_wconf 88' lang='lat' dir='ltr'>dicte</span> <span class='ocrx_word' id='word_1_190' title='bbox 954 1359 1030 1392; x_wconf 70' lang='lat' dir='ltr'>ville</span> <span class='ocrx_word' id='word_1_191' title='bbox 1064 1362 1300 1404; x_wconf 81' lang='lat' dir='ltr'>possessiones</span> <span class='ocrx_word' id='word_1_192' title='bbox 1335 1358 1374 1392; x_wconf 86' lang='lat' dir='ltr'>ab</span> <span class='ocrx_word' id='word_1_193' title='bbox 1410 1362 1483 1404; x_wconf 90' lang='lat' dir='ltr'>ipso</span> <span class='ocrx_word' id='word_1_194' title='bbox 1526 1359 1577 1392; x_wconf 92' lang='lat' dir='ltr'>vel</span> <span class='ocrx_word' id='word_1_195' title='bbox 1620 1361 1688 1392; x_wconf 88' lang='lat' dir='ltr'>suis</span> <span class='ocrx_word' id='word_1_196' title='bbox 1724 1357 1901 1392; x_wconf 85' lang='lat' dir='ltr'>heredibus</span> <span class='ocrx_word' id='word_1_197' title='bbox 1936 1358 2047 1392; x_wconf 84' lang='lat' dir='ltr'>valeat</span> 
     </span>
     <span class='ocr_line' id='line_1_19' title="bbox 193 1418 2047 1466; baseline -0.001 -12"><span class='ocrx_word' id='word_1_198' title='bbox 193 1431 375 1463; x_wconf 80' lang='lat' dir='ltr'>revocare,</span> <span class='ocrx_word' id='word_1_199' title='bbox 414 1423 490 1466; x_wconf 89' lang='lat' dir='ltr'>quin</span> <span class='ocrx_word' id='word_1_200' title='bbox 526 1425 589 1453; x_wconf 90' lang='lat' dir='ltr'>tam</span> <span class='ocrx_word' id='word_1_201' title='bbox 625 1431 750 1464; x_wconf 80' lang='lat' dir='ltr'>graves</span> <span class='ocrx_word' id='word_1_202' title='bbox 787 1431 950 1453; x_wconf 75' lang='lat' dir='ltr'>excessus</span> <span class='ocrx_word' id='word_1_203' title='bbox 986 1425 1100 1453; x_wconf 90' lang='lat' dir='ltr'>contra</span> <span class='ocrx_word' id='word_1_204' title='bbox 1135 1423 1344 1465; x_wconf 68' lang='lat' dir='ltr'>episcopum.</span> <span class='ocrx_word' id='word_1_205' title='bbox 1381 1423 1434 1465; x_wconf 89' lang='lat' dir='ltr'>qni</span> <span class='ocrx_word' id='word_1_206' title='bbox 1470 1424 1546 1453; x_wconf 87' lang='lat' dir='ltr'>tunc</span> <span class='ocrx_word' id='word_1_207' title='bbox 1582 1430 1642 1464; x_wconf 87' lang='lat' dir='ltr'>pro</span> <span class='ocrx_word' id='word_1_208' title='bbox 1678 1423 1826 1465; x_wconf 90' lang='lat' dir='ltr'>tempore</span> <span class='ocrx_word' id='word_1_209' title='bbox 1860 1418 1960 1452; x_wconf 86' lang='lat' dir='ltr'>suerit</span> <span class='ocrx_word' id='word_1_210' title='bbox 1992 1419 2047 1452; x_wconf 85' lang='lat' dir='ltr'>vel</span> 
     </span>
     <span class='ocr_line' id='line_1_20' title="bbox 195 1478 2048 1526; baseline -0.001 -12"><span class='ocrx_word' id='word_1_211' title='bbox 195 1485 311 1514; x_wconf 89' lang='lat' dir='ltr'>contra</span> <span class='ocrx_word' id='word_1_212' title='bbox 348 1481 526 1514; x_wconf 89' lang='lat' dir='ltr'>ecclesiam</span> <span class='ocrx_word' id='word_1_213' title='bbox 562 1485 758 1526; x_wconf 79' lang='lat' dir='ltr'>attemptare</span> <span class='ocrx_word' id='word_1_214' title='bbox 793 1483 1046 1526; x_wconf 62' lang='lat' dir='ltr'>presumpserit„</span> <span class='ocrx_word' id='word_1_215' title='bbox 1082 1491 1141 1526; x_wconf 91' lang='lat' dir='ltr'>pro</span> <span class='ocrx_word' id='word_1_216' title='bbox 1177 1480 1293 1525; x_wconf 80' lang='lat' dir='ltr'>quibus</span> <span class='ocrx_word' id='word_1_217' title='bbox 1327 1492 1344 1512; x_wconf 87' lang='lat' dir='ltr'>a</span> <span class='ocrx_word' id='word_1_218' title='bbox 1379 1483 1602 1525; x_wconf 87' lang='lat' dir='ltr'>possessione</span> <span class='ocrx_word' id='word_1_219' title='bbox 1637 1479 1723 1513; x_wconf 88' lang='lat' dir='ltr'>feodi</span> <span class='ocrx_word' id='word_1_220' title='bbox 1758 1482 1875 1513; x_wconf 90' lang='lat' dir='ltr'>merito</span> <span class='ocrx_word' id='word_1_221' title='bbox 1904 1478 2048 1513; x_wconf 88' lang='lat' dir='ltr'>debeant</span> 
     </span>
     <span class='ocr_line' id='line_1_21' title="bbox 196 1539 2047 1586; baseline -0.002 -11"><span class='ocrx_word' id='word_1_222' title='bbox 196 1544 376 1583; x_wconf 68' lang='lat' dir='ltr'>removeri,</span> <span class='ocrx_word' id='word_1_223' title='bbox 407 1552 470 1575; x_wconf 89' lang='lat' dir='ltr'>nec</span> <span class='ocrx_word' id='word_1_224' title='bbox 499 1540 606 1575; x_wconf 89' lang='lat' dir='ltr'>adhuc</span> <span class='ocrx_word' id='word_1_225' title='bbox 640 1552 804 1575; x_wconf 79' lang='lat' dir='ltr'>excessus</span> <span class='ocrx_word' id='word_1_226' title='bbox 840 1541 879 1573; x_wconf 85' lang='lat' dir='ltr'>ad</span> <span class='ocrx_word' id='word_1_227' title='bbox 910 1544 1001 1586; x_wconf 85' lang='lat' dir='ltr'>ipsos</span> <span class='ocrx_word' id='word_1_228' title='bbox 1031 1541 1254 1575; x_wconf 73' lang='lat' dir='ltr'>removendos</span> <span class='ocrx_word' id='word_1_229' title='bbox 1289 1539 1464 1583; x_wconf 68' lang='lat' dir='ltr'>sufficiant,</span> <span class='ocrx_word' id='word_1_230' title='bbox 1494 1543 1557 1573; x_wconf 86' lang='lat' dir='ltr'>nisi</span> <span class='ocrx_word' id='word_1_231' title='bbox 1587 1539 1704 1573; x_wconf 88' lang='lat' dir='ltr'>ordine</span> <span class='ocrx_word' id='word_1_232' title='bbox 1731 1539 1902 1573; x_wconf 86' lang='lat' dir='ltr'>iudiciario</span> <span class='ocrx_word' id='word_1_233' title='bbox 1931 1543 2047 1573; x_wconf 88' lang='lat' dir='ltr'>contra</span> 
     </span>
     <span class='ocr_line' id='line_1_22' title="bbox 197 1601 2048 1648; baseline -0.002 -12"><span class='ocrx_word' id='word_1_234' title='bbox 197 1613 256 1636; x_wconf 87' lang='lat' dir='ltr'>eos</span> <span class='ocrx_word' id='word_1_235' title='bbox 286 1601 383 1636; x_wconf 84' lang='lat' dir='ltr'>fuerit</span> <span class='ocrx_word' id='word_1_236' title='bbox 412 1602 639 1648; x_wconf 69' lang='lat' dir='ltr'>approbatum,</span> <span class='ocrx_word' id='word_1_237' title='bbox 671 1607 703 1635; x_wconf 89' lang='lat' dir='ltr'>ut</span> <span class='ocrx_word' id='word_1_238' title='bbox 732 1606 839 1635; x_wconf 87' lang='lat' dir='ltr'>autem</span> <span class='ocrx_word' id='word_1_239' title='bbox 870 1601 973 1635; x_wconf 89' lang='lat' dir='ltr'>libera</span> <span class='ocrx_word' id='word_1_240' title='bbox 1003 1604 1221 1647; x_wconf 86' lang='lat' dir='ltr'>possessione</span> <span class='ocrx_word' id='word_1_241' title='bbox 1249 1601 1429 1645; x_wconf 68' lang='lat' dir='ltr'>gaudeant.</span> <span class='ocrx_word' id='word_1_242' title='bbox 1458 1606 1649 1647; x_wconf 87' lang='lat' dir='ltr'>presentem</span> <span class='ocrx_word' id='word_1_243' title='bbox 1676 1603 1831 1646; x_wconf 79' lang='lat' dir='ltr'>paginam</span> <span class='ocrx_word' id='word_1_244' title='bbox 1857 1603 1938 1646; x_wconf 90' lang='lat' dir='ltr'>ipsis</span> <span class='ocrx_word' id='word_1_245' title='bbox 1960 1610 2048 1633; x_wconf 90' lang='lat' dir='ltr'>cou-</span> 
     </span>
     <span class='ocr_line' id='line_1_23' title="bbox 197 1660 2047 1707; baseline -0.001 -12"><span class='ocrx_word' id='word_1_246' title='bbox 197 1663 328 1697; x_wconf 89' lang='lat' dir='ltr'>tulimus</span> <span class='ocrx_word' id='word_1_247' title='bbox 364 1663 462 1707; x_wconf 75' lang='lat' dir='ltr'>sigilli</span> <span class='ocrx_word' id='word_1_248' title='bbox 496 1665 598 1696; x_wconf 86' lang='lat' dir='ltr'>nostri</span> <span class='ocrx_word' id='word_1_249' title='bbox 634 1667 666 1695; x_wconf 88' lang='lat' dir='ltr'>et</span> <span class='ocrx_word' id='word_1_250' title='bbox 694 1662 830 1707; x_wconf 81' lang='lat' dir='ltr'>Capituli</span> <span class='ocrx_word' id='word_1_251' title='bbox 865 1666 969 1696; x_wconf 88' lang='lat' dir='ltr'>nostri</span> <span class='ocrx_word' id='word_1_252' title='bbox 1006 1665 1184 1696; x_wconf 83' lang='lat' dir='ltr'>munimine</span> <span class='ocrx_word' id='word_1_253' title='bbox 1220 1662 1423 1696; x_wconf 85' lang='lat' dir='ltr'>roboratam.</span> <span class='ocrx_word' id='word_1_254' title='bbox 1461 1662 1693 1707; x_wconf 87' lang='lat' dir='ltr'>Supplicantes</span> <span class='ocrx_word' id='word_1_255' title='bbox 1725 1660 1876 1695; x_wconf 90' lang='lat' dir='ltr'>omnibus</span> <span class='ocrx_word' id='word_1_256' title='bbox 1905 1671 2047 1695; x_wconf 85' lang='lat' dir='ltr'>succes-</span> 
     </span>
     <span class='ocr_line' id='line_1_24' title="bbox 195 1721 2047 1767; baseline -0.002 -10"><span class='ocrx_word' id='word_1_257' title='bbox 195 1723 326 1758; x_wconf 88' lang='lat' dir='ltr'>soribus</span> <span class='ocrx_word' id='word_1_258' title='bbox 356 1726 479 1757; x_wconf 84' lang='lat' dir='ltr'>nostris</span> <span class='ocrx_word' id='word_1_259' title='bbox 510 1727 543 1756; x_wconf 89' lang='lat' dir='ltr'>ut</span> <span class='ocrx_word' id='word_1_260' title='bbox 577 1726 831 1757; x_wconf 87' lang='lat' dir='ltr'>concessionem</span> <span class='ocrx_word' id='word_1_261' title='bbox 872 1728 1018 1757; x_wconf 89' lang='lat' dir='ltr'>nostram</span> <span class='ocrx_word' id='word_1_262' title='bbox 1055 1727 1157 1756; x_wconf 86' lang='lat' dir='ltr'>ratam</span> <span class='ocrx_word' id='word_1_263' title='bbox 1199 1728 1232 1756; x_wconf 84' lang='lat' dir='ltr'>et</span> <span class='ocrx_word' id='word_1_264' title='bbox 1266 1722 1463 1756; x_wconf 80' lang='lat' dir='ltr'>beneficium</span> <span class='ocrx_word' id='word_1_265' title='bbox 1500 1722 1680 1767; x_wconf 87' lang='lat' dir='ltr'>sepedictis</span> <span class='ocrx_word' id='word_1_266' title='bbox 1703 1749 1710 1755; x_wconf 92' lang='lat'>.</span> <span class='ocrx_word' id='word_1_267' title='bbox 1729 1748 1736 1755; x_wconf 91' lang='lat'><strong>.</strong></span> <span class='ocrx_word' id='word_1_268' title='bbox 1754 1748 1761 1755; x_wconf 91' lang='lat'><strong>.</strong></span> <span class='ocrx_word' id='word_1_269' title='bbox 1785 1726 1817 1754; x_wconf 84' lang='lat' dir='ltr'>et</span> <span class='ocrx_word' id='word_1_270' title='bbox 1841 1749 1846 1754; x_wconf 96' lang='lat'>.</span> <span class='ocrx_word' id='word_1_271' title='bbox 1866 1749 1873 1755; x_wconf 92' lang='lat'><strong><em>.</em></strong></span> <span class='ocrx_word' id='word_1_272' title='bbox 1892 1749 1899 1755; x_wconf 93' lang='lat'>.</span> <span class='ocrx_word' id='word_1_273' title='bbox 1924 1721 2047 1754; x_wconf 82' lang='lat' dir='ltr'>factum</span> 
     </span>
     <span class='ocr_line' id='line_1_25' title="bbox 194 1784 895 1830; baseline 0 -13"><span class='ocrx_word' id='word_1_274' title='bbox 194 1786 312 1830; x_wconf 89' lang='lat' dir='ltr'>pocius</span> <span class='ocrx_word' id='word_1_275' title='bbox 341 1788 487 1829; x_wconf 86' lang='lat' dir='ltr'>augeant</span> <span class='ocrx_word' id='word_1_276' title='bbox 515 1795 610 1829; x_wconf 89' lang='lat' dir='ltr'>quani</span> <span class='ocrx_word' id='word_1_277' title='bbox 642 1784 804 1817; x_wconf 84' lang='lat' dir='ltr'>infirment</span> <span class='ocrx_word' id='word_1_278' title='bbox 833 1788 895 1817; x_wconf 90' lang='lat' dir='ltr'>etc.</span> 
     </span>
    </p>
   </div>
   <div class='ocr_carea' id='block_1_6' title="bbox 1070 1948 1175 1982">
    <p class='ocr_par' dir='ltr' id='par_1_6' title="bbox 1070 1948 1175 1982">
     <span class='ocr_line' id='line_1_26' title="bbox 1070 1948 1175 1982; baseline 0 0"><span class='ocrx_word' id='word_1_279' title='bbox 1070 1948 1175 1982; x_wconf 70' lang='lat'>411.</span> 
     </span>
    </p>
   </div>
   <div class='ocr_carea' id='block_1_7' title="bbox 193 2023 2047 2191">
    <p class='ocr_par' dir='ltr' id='par_1_7' title="bbox 193 2023 2047 2191">
     <span class='ocr_line' id='line_1_27' title="bbox 194 2023 2047 2070; baseline -0.002 -10"><span class='ocrx_word' id='word_1_280' title='bbox 194 2025 270 2060; x_wconf 79' lang='lat' dir='ltr'>Der</span> <span class='ocrx_word' id='word_1_281' title='bbox 299 2026 372 2060; x_wconf 80' lang='lat' dir='ltr'>Abt</span> <span class='ocrx_word' id='word_1_282' title='bbox 401 2026 468 2059; x_wconf 74' lang='lat' dir='ltr'>med</span> <span class='ocrx_word' id='word_1_283' title='bbox 495 2027 556 2059; x_wconf 74' lang='lat' dir='ltr'>det·</span> <span class='ocrx_word' id='word_1_284' title='bbox 587 2028 737 2060; x_wconf 72' lang='lat' dir='ltr'>Com-ent</span> <span class='ocrx_word' id='word_1_285' title='bbox 766 2027 824 2059; x_wconf 80' lang='lat' dir='ltr'>des</span> <span class='ocrx_word' id='word_1_286' title='bbox 857 2026 1263 2070; x_wconf 66' lang='lat' dir='ltr'>Henedietv&#39;ner-Stistes</span> <span class='ocrx_word' id='word_1_287' title='bbox 1291 2027 1324 2058; x_wconf 73' lang='grc' dir='ltr'>ίιι</span> <span class='ocrx_word' id='word_1_288' title='bbox 1355 2025 1487 2059; x_wconf 79' lang='lat' dir='ltr'>Ostrow</span> <span class='ocrx_word' id='word_1_289' title='bbox 1523 2027 1609 2068; x_wconf 79' lang='lat' dir='ltr'>(cms&#39;</span> <span class='ocrx_word' id='word_1_290' title='bbox 1630 2025 1689 2058; x_wconf 84' lang='lat' dir='ltr'>der</span> <span class='ocrx_word' id='word_1_291' title='bbox 1717 2023 1829 2065; x_wconf 71' lang='lat' dir='ltr'>Insel)</span> <span class='ocrx_word' id='word_1_292' title='bbox 1862 2023 2047 2067; x_wconf 73' lang='lat' dir='ltr'>rerltaufen</span> 
     </span>
     <span class='ocr_line' id='line_1_28' title="bbox 193 2083 2046 2130; baseline -0.002 -10"><span class='ocrx_word' id='word_1_293' title='bbox 193 2087 314 2130; x_wconf 73' lang='lat' dir='ltr'>beleus-s·</span> <span class='ocrx_word' id='word_1_294' title='bbox 343 2087 403 2120; x_wconf 80' lang='lat' dir='ltr'>der</span> <span class='ocrx_word' id='word_1_295' title='bbox 431 2086 644 2130; x_wconf 71' lang='lat' dir='ltr'>Auslzelsimy</span> <span class='ocrx_word' id='word_1_296' title='bbox 676 2085 769 2119; x_wconf 67' lang='lat' dir='ltr'>ila-es</span> <span class='ocrx_word' id='word_1_297' title='bbox 796 2086 877 2119; x_wconf 74' lang='lat' dir='ltr'>selu·</span> <span class='ocrx_word' id='word_1_298' title='bbox 905 2085 1254 2130; x_wconf 69' lang='lat' dir='ltr'>lcerabyelfommenen</span> <span class='ocrx_word' id='word_1_299' title='bbox 1284 2086 1443 2119; x_wconf 76' lang='lat' dir='ltr'>Isloslers</span> <span class='ocrx_word' id='word_1_300' title='bbox 1471 2087 1537 2129; x_wconf 68' lang='lat' dir='ltr'>aas</span> <span class='ocrx_word' id='word_1_301' title='bbox 1555 2086 1608 2118; x_wconf 75' lang='lat' dir='ltr'>die</span> <span class='ocrx_word' id='word_1_302' title='bbox 1630 2084 1752 2118; x_wconf 71' lang='lat' dir='ltr'>Daner</span> <span class='ocrx_word' id='word_1_303' title='bbox 1771 2085 1867 2117; x_wconf 67' lang='lat' dir='ltr'>einer</span> <span class='ocrx_word' id='word_1_304' title='bbox 1887 2083 2046 2117; x_wconf 76' lang='lat' dir='ltr'>Lebens-</span> 
     </span>
     <span class='ocr_line' id='line_1_29' title="bbox 469 2144 1768 2191; baseline -0.002 -11"><span class='ocrx_word' id='word_1_305' title='bbox 469 2149 537 2180; x_wconf 68' lang='lat' dir='ltr'>zei!</span> <span class='ocrx_word' id='word_1_306' title='bbox 567 2147 640 2180; x_wconf 76' lang='lat' dir='ltr'>llere</span> <span class='ocrx_word' id='word_1_307' title='bbox 671 2146 778 2179; x_wconf 54' lang='lat' dir='ltr'>Gleter</span> <span class='ocrx_word' id='word_1_308' title='bbox 806 2159 855 2179; x_wconf 75' lang='lat' dir='ltr'>um</span> <span class='ocrx_word' id='word_1_309' title='bbox 885 2146 1022 2191; x_wconf 67' lang='lat' dir='ltr'>sechziy</span> <span class='ocrx_word' id='word_1_310' title='bbox 1052 2147 1153 2180; x_wconf 66' lang='lat' dir='ltr'>Marla·</span> <span class='ocrx_word' id='word_1_311' title='bbox 1182 2146 1328 2180; x_wconf 70' lang='lat' dir='ltr'>Silbers.</span> <span class='ocrx_word' id='word_1_312' title='bbox 1362 2146 1400 2180; x_wconf 85' lang='lat'>0.</span> <span class='ocrx_word' id='word_1_313' title='bbox 1432 2146 1476 2179; x_wconf 90' lang='lat' dir='ltr'>D.</span> <span class='ocrx_word' id='word_1_314' title='bbox 1509 2145 1547 2179; x_wconf 85' lang='lat' dir='ltr'>O.</span> <span class='ocrx_word' id='word_1_315' title='bbox 1578 2145 1642 2178; x_wconf 69' lang='lat' dir='ltr'>med</span> <span class='ocrx_word' id='word_1_316' title='bbox 1668 2144 1768 2177; x_wconf 77' lang='lat' dir='ltr'>Jahr.</span> 
     </span>
    </p>
   </div>
   <div class='ocr_carea' id='block_1_8' title="bbox 188 2205 2049 2634">
    <p class='ocr_par' dir='ltr' id='par_1_8' title="bbox 188 2205 2049 2634">
     <span class='ocr_line' id='line_1_30' title="bbox 349 2205 2047 2269; baseline -0.001 -11"><span class='ocrx_word' id='word_1_317' title='bbox 349 2205 509 2259; x_wconf 74' lang='lat' dir='ltr'>Nos...</span> <span class='ocrx_word' id='word_1_318' title='bbox 536 2227 757 2258; x_wconf 84' lang='lat' dir='ltr'>miseracione</span> <span class='ocrx_word' id='word_1_319' title='bbox 791 2225 903 2258; x_wconf 86' lang='lat' dir='ltr'>divina</span> <span class='ocrx_word' id='word_1_320' title='bbox 940 2227 1134 2258; x_wconf 89' lang='lat' dir='ltr'>monasterii</span> <span class='ocrx_word' id='word_1_321' title='bbox 1172 2227 1278 2258; x_wconf 87' lang='lat' dir='ltr'>sancti</span> <span class='ocrx_word' id='word_1_322' title='bbox 1315 2224 1478 2258; x_wconf 83' lang='lat' dir='ltr'>Johannis</span> <span class='ocrx_word' id='word_1_323' title='bbox 1515 2223 1655 2269; x_wconf 84' lang='lat' dir='ltr'>baptiste</span> <span class='ocrx_word' id='word_1_324' title='bbox 1693 2225 1723 2255; x_wconf 87' lang='lat' dir='ltr'>in</span> <span class='ocrx_word' id='word_1_325' title='bbox 1761 2221 1906 2256; x_wconf 87' lang='lat' dir='ltr'>Ostraue</span> <span class='ocrx_word' id='word_1_326' title='bbox 1942 2221 2047 2257; x_wconf 85' lang='lat' dir='ltr'>abbas</span> 
     </span>
     <span class='ocr_line' id='line_1_31' title="bbox 191 2284 2046 2331; baseline -0.001 -13"><span class='ocrx_word' id='word_1_327' title='bbox 191 2285 317 2318; x_wconf 82' lang='lat' dir='ltr'>ordinis</span> <span class='ocrx_word' id='word_1_328' title='bbox 347 2288 452 2319; x_wconf 89' lang='lat' dir='ltr'>sancti</span> <span class='ocrx_word' id='word_1_329' title='bbox 482 2284 648 2318; x_wconf 87' lang='lat' dir='ltr'>benedicti</span> <span class='ocrx_word' id='word_1_330' title='bbox 677 2289 830 2329; x_wconf 88' lang='lat' dir='ltr'>totusque</span> <span class='ocrx_word' id='word_1_331' title='bbox 859 2289 1046 2319; x_wconf 87' lang='lat' dir='ltr'>conventus</span> <span class='ocrx_word' id='word_1_332' title='bbox 1075 2286 1225 2319; x_wconf 89' lang='lat' dir='ltr'>eiusdem</span> <span class='ocrx_word' id='word_1_333' title='bbox 1252 2288 1443 2319; x_wconf 87' lang='lat' dir='ltr'>monasterii</span> <span class='ocrx_word' id='word_1_334' title='bbox 1468 2286 1634 2331; x_wconf 87' lang='lat' dir='ltr'>presentis</span> <span class='ocrx_word' id='word_1_335' title='bbox 1661 2287 1777 2316; x_wconf 90' lang='lat' dir='ltr'>tenore</span> <span class='ocrx_word' id='word_1_336' title='bbox 1801 2285 1914 2328; x_wconf 86' lang='lat' dir='ltr'>scripti</span> <span class='ocrx_word' id='word_1_337' title='bbox 1934 2287 2046 2316; x_wconf 88' lang='lat' dir='ltr'>notum</span> 
     </span>
     <span class='ocr_line' id='line_1_32' title="bbox 190 2343 2047 2392; baseline -0.002 -13"><span class='ocrx_word' id='word_1_338' title='bbox 190 2345 332 2379; x_wconf 84' lang='lat' dir='ltr'>facimus</span> <span class='ocrx_word' id='word_1_339' title='bbox 363 2348 533 2380; x_wconf 66' lang='lat' dir='ltr'>universis</span> <span class='ocrx_word' id='word_1_340' title='bbox 563 2350 628 2379; x_wconf 83' lang='lat' dir='ltr'>tam</span> <span class='ocrx_word' id='word_1_341' title='bbox 658 2345 871 2391; x_wconf 88' lang='lat' dir='ltr'>presentibus</span> <span class='ocrx_word' id='word_1_342' title='bbox 901 2356 999 2392; x_wconf 87' lang='lat' dir='ltr'>quam</span> <span class='ocrx_word' id='word_1_343' title='bbox 1028 2345 1147 2380; x_wconf 86' lang='lat' dir='ltr'>futuris</span> <span class='ocrx_word' id='word_1_344' title='bbox 1176 2346 1262 2392; x_wconf 84' lang='lat' dir='ltr'>quod</span> <span class='ocrx_word' id='word_1_345' title='bbox 1292 2350 1429 2392; x_wconf 90' lang='lat' dir='ltr'>propter</span> <span class='ocrx_word' id='word_1_346' title='bbox 1456 2346 1609 2379; x_wconf 90' lang='lat' dir='ltr'>instantis</span> <span class='ocrx_word' id='word_1_347' title='bbox 1645 2343 1859 2378; x_wconf 87' lang='lat' dir='ltr'>turbaciones</span> <span class='ocrx_word' id='word_1_348' title='bbox 1887 2345 2047 2388; x_wconf 87' lang='lat' dir='ltr'>temporis</span> 
     </span>
     <span class='ocr_line' id='line_1_33' title="bbox 195 2402 2045 2448; baseline -0.002 -8"><span class='ocrx_word' id='word_1_349' title='bbox 195 2405 434 2440; x_wconf 87' lang='lat' dir='ltr'>Monasterium</span> <span class='ocrx_word' id='word_1_350' title='bbox 464 2411 614 2440; x_wconf 87' lang='lat' dir='ltr'>nostrum</span> <span class='ocrx_word' id='word_1_351' title='bbox 643 2410 673 2440; x_wconf 93' lang='lat' dir='ltr'>in</span> <span class='ocrx_word' id='word_1_352' title='bbox 705 2405 848 2440; x_wconf 88' lang='lat' dir='ltr'>Ostraue</span> <span class='ocrx_word' id='word_1_353' title='bbox 877 2409 926 2440; x_wconf 87' lang='lat' dir='ltr'>sic</span> <span class='ocrx_word' id='word_1_354' title='bbox 955 2407 1146 2440; x_wconf 86' lang='lat' dir='ltr'>lacessitum</span> <span class='ocrx_word' id='word_1_355' title='bbox 1178 2409 1303 2448; x_wconf 76' lang='lat' dir='ltr'>existit.</span> <span class='ocrx_word' id='word_1_356' title='bbox 1334 2409 1431 2440; x_wconf 89' lang='lat' dir='ltr'>tantis</span> <span class='ocrx_word' id='word_1_357' title='bbox 1460 2405 1669 2439; x_wconf 87' lang='lat' dir='ltr'>molestatum</span> <span class='ocrx_word' id='word_1_358' title='bbox 1697 2407 1768 2438; x_wconf 88' lang='lat' dir='ltr'>eius</span> <span class='ocrx_word' id='word_1_359' title='bbox 1792 2402 2045 2448; x_wconf 82' lang='lat' dir='ltr'>gravaminibus</span> 
     </span>
     <span class='ocr_line' id='line_1_34' title="bbox 192 2464 2046 2513; baseline -0.002 -12"><span class='ocrx_word' id='word_1_360' title='bbox 192 2472 226 2501; x_wconf 83' lang='lat' dir='ltr'>et</span> <span class='ocrx_word' id='word_1_361' title='bbox 259 2469 428 2512; x_wconf 87' lang='lat' dir='ltr'>pressuris</span> <span class='ocrx_word' id='word_1_362' title='bbox 465 2472 499 2500; x_wconf 89' lang='lat' dir='ltr'>ut</span> <span class='ocrx_word' id='word_1_363' title='bbox 532 2471 739 2501; x_wconf 90' lang='lat' dir='ltr'>attenuatum</span> <span class='ocrx_word' id='word_1_364' title='bbox 780 2478 844 2500; x_wconf 91' lang='lat' dir='ltr'>non</span> <span class='ocrx_word' id='word_1_365' title='bbox 884 2467 1048 2501; x_wconf 91' lang='lat' dir='ltr'>modicum</span> <span class='ocrx_word' id='word_1_366' title='bbox 1089 2466 1236 2513; x_wconf 88' lang='lat' dir='ltr'>pluribus</span> <span class='ocrx_word' id='word_1_367' title='bbox 1274 2469 1469 2512; x_wconf 80' lang='lat' dir='ltr'>angariatur</span> <span class='ocrx_word' id='word_1_368' title='bbox 1505 2464 1689 2499; x_wconf 88' lang='lat' dir='ltr'>defectibus</span> <span class='ocrx_word' id='word_1_369' title='bbox 1729 2464 1897 2510; x_wconf 89' lang='lat' dir='ltr'>rebusque</span> <span class='ocrx_word' id='word_1_370' title='bbox 1931 2468 2046 2498; x_wconf 85' lang='lat' dir='ltr'>careat</span> 
     </span>
     <span class='ocr_line' id='line_1_35' title="bbox 191 2523 2044 2574; baseline -0.001 -14"><span class='ocrx_word' id='word_1_371' title='bbox 191 2530 377 2573; x_wconf 76' lang='lat' dir='ltr'>oportunis,</span> <span class='ocrx_word' id='word_1_372' title='bbox 407 2527 561 2561; x_wconf 90' lang='lat' dir='ltr'>volentes</span> <span class='ocrx_word' id='word_1_373' title='bbox 590 2530 692 2572; x_wconf 85' lang='lat' dir='ltr'>igitur</span> <span class='ocrx_word' id='word_1_374' title='bbox 719 2532 753 2561; x_wconf 89' lang='lat' dir='ltr'>ut</span> <span class='ocrx_word' id='word_1_375' title='bbox 781 2532 933 2562; x_wconf 89' lang='lat' dir='ltr'>tenemur</span> <span class='ocrx_word' id='word_1_376' title='bbox 961 2531 1009 2561; x_wconf 91' lang='lat' dir='ltr'>sic</span> <span class='ocrx_word' id='word_1_377' title='bbox 1038 2528 1189 2562; x_wconf 86' lang='lat' dir='ltr'>consulte</span> <span class='ocrx_word' id='word_1_378' title='bbox 1218 2531 1267 2561; x_wconf 88' lang='lat' dir='ltr'>sic</span> <span class='ocrx_word' id='word_1_379' title='bbox 1296 2527 1476 2574; x_wconf 90' lang='lat' dir='ltr'>prudenter</span> <span class='ocrx_word' id='word_1_380' title='bbox 1504 2525 1611 2559; x_wconf 88' lang='lat' dir='ltr'>eidem</span> <span class='ocrx_word' id='word_1_381' title='bbox 1640 2528 1841 2560; x_wconf 87' lang='lat' dir='ltr'>monasterio</span> <span class='ocrx_word' id='word_1_382' title='bbox 1864 2523 2044 2571; x_wconf 90' lang='lat' dir='ltr'>providere</span> 
     </span>
     <span class='ocr_line' id='line_1_36' title="bbox 188 2586 2049 2634; baseline -0.003 -12"><span class='ocrx_word' id='word_1_383' title='bbox 188 2593 291 2633; x_wconf 86' lang='lat' dir='ltr'>atque</span> <span class='ocrx_word' id='word_1_384' title='bbox 311 2588 452 2634; x_wconf 88' lang='lat' dir='ltr'>quodam</span> <span class='ocrx_word' id='word_1_385' title='bbox 475 2588 648 2622; x_wconf 76' lang='lat' dir='ltr'>auxiliaris</span> <span class='ocrx_word' id='word_1_386' title='bbox 671 2587 850 2622; x_wconf 86' lang='lat' dir='ltr'>aminiculo</span> <span class='ocrx_word' id='word_1_387' title='bbox 871 2589 1000 2623; x_wconf 89' lang='lat' dir='ltr'>consilii</span> <span class='ocrx_word' id='word_1_388' title='bbox 1021 2599 1222 2623; x_wconf 86' lang='lat' dir='ltr'>succurrere</span> <span class='ocrx_word' id='word_1_389' title='bbox 1243 2593 1276 2622; x_wconf 90' lang='lat' dir='ltr'>ut</span> <span class='ocrx_word' id='word_1_390' title='bbox 1298 2591 1346 2622; x_wconf 89' lang='lat' dir='ltr'>sui</span> <span class='ocrx_word' id='word_1_391' title='bbox 1367 2586 1516 2621; x_wconf 85' lang='lat' dir='ltr'>defectus</span> <span class='ocrx_word' id='word_1_392' title='bbox 1543 2591 1664 2632; x_wconf 86' lang='lat' dir='ltr'>quanto</span> <span class='ocrx_word' id='word_1_393' title='bbox 1685 2589 1792 2631; x_wconf 81' lang='lat' dir='ltr'>magis</span> <span class='ocrx_word' id='word_1_394' title='bbox 1822 2596 1900 2621; x_wconf 84' lang='lat' dir='ltr'>esse</span> <span class='ocrx_word' id='word_1_395' title='bbox 1928 2586 2049 2631; x_wconf 85' lang='lat' dir='ltr'>poterit</span> 
     </span>
    </p>
   </div>
  </div>
 </body>
</html>
