2184 2828
966 102 1039 138 697

77 228 194 258 sancte
223 222 371 264 cordule,
402 224 495 255 cuius
524 233 647 267 eorpus
679 224 785 255 eciam
815 224 846 254 in
877 225 988 254 nostra
1019 219 1163 253 ecclesia
1194 218 1410 254 Olomucensi
1441 222 1618 265 requiescit
1648 222 1929 253 comniemoraeio

78 290 111 318 et
139 285 359 331 lionorisseu
389 285 586 316 reuerencie
615 282 781 316 exliibicio
812 282 881 315 lieri
911 293 975 315 non
1005 285 1133 326 potest,
1164 285 1198 314 vt
1226 280 1279 314 die
1308 284 1459 326 proxima
1490 281 1678 314 immediate
1714 281 1928 325 subsequenti

79 344 267 391 incipiendo
297 355 314 377 a
344 343 532 388 vespera¹)
561 343 704 376 ol'licium
735 343 775 376 de
808 346 879 388 ipsa
909 346 1021 376 saneta
1056 340 1198 374 Cordula
1229 341 1443 386 solempniter
1489 341 1548 375 sub
1588 341 1706 386 duplici
1745 342 1855 374 ol'licio
1899 344 1929 374 in

79 405 232 440 ecclesiis
262 410 457 450 peragatur,
488 408 520 437 vt
550 406 621 437 eius
651 415 710 449 pro
739 402 834 437 nobis
861 403 1116 448 supplicacionis
1146 401 1283 435 effectus
1321 407 1501 445 augeatur,
1540 405 1633 435 cuius
1663 412 1776 435 sumus
1811 406 1928 447 putro—

78 468 164 500 cinio
174 463 206 511 ²)
234 465 466 498 commendati.

621 525 879 569 indulgencie
913 524 959 558 de
988 533 1159 569 corpore
1189 519 1382 568 Christi.2]

222 586 311 620 lilius
331 588 425 619 cuius
446 597 566 619 nomen
587 586 718 631 quando
746 585 915 626 recolitur,
945 585 1049 619 saltim
1069 583 1198 628 genu4)
1225 584 1336 617 cordis
1356 582 1493 616 llectere
1513 583 1683 619 debemus.
1714 587 1743 616 et
1775 586 1803 616 in
1835 586 1927 616 cuius

76 649 210 681 nomine
238 657 337 680 omne
365 657 472 691 genus
498 647 682 683 celestium,
713 649 930 680 terrestrium.
957 650 989 679 et
1010 644 1210 679 infernorum
1231 643 1477 688 genuflectitur„
1503 644 1629 689 Corpus
1650 642 1929 685 sanctissimum-U

76 708 270 742 memoriale
290 709 321 741 in
352 718 416 753 quo
444 712 573 752 gratam
602 707 848 753 redempcionis
877 711 991 740 nostre
1019 716 1235 739 recensemus
1265 707 1470 746 memoriam,
1501 707 1531 737 in
1562 716 1624 750 quo
1654 717 1671 738 a
1701 705 1786 738 malo
1815 708 1928 737 retra-

79 768 187 802 himur
215 773 248 801 et
275 768 503 802 confortamur
530 771 562 801 in
592 767 691 809 bono,
721 772 754 801 et
783 767 822 800 ad
852 770 1005 801 virtutum
1034 777 1073 800 ac
1099 769 1288 810 graciarum
1318 766 1508 811 proficimus
1537 767 1754 802 incrementa,
1783 776 1856 798 cum
1888 764 1927 797 ad

77 829 226 863 infirmos
259 833 353 862 extra
390 833 486 874 septa
520 829 664 861 ecclesie
702 828 867 869 defertur,
903 830 1128 861 veneracione
1166 826 1360 860 mandamus
1394 825 1490 859 solita
1525 829 1681 859 venerari
1711 826 1867 859 videlicet
1896 830 1929 858 ut

76 889 257 936 presbyter
285 889 418 922 indutus
447 890 680 934 superpellicio
710 900 783 921 cum
804 888 898 922 stolla
919 891 1006 921 cirea
1036 888 1153 921 collum
1184 891 1291 932 portet
1321 887 1359 920 ad
1391 886 1567 927 inlirmum,
1597 889 1659 919 nisi
1680 887 1743 919 loci
1765 886 1927 920 distaneia

77 955 111 984 et
146 952 306 996 temporis
343 950 484 994 qualitas
520 960 618 982 secus
654 954 835 994 exposcat,
875 949 1023 982 Clericus
1057 959 1138 982 vero
1172 947 1360 993 precedens
1398 947 1604 980 tintinnando
1643 958 1717 980 cum
1746 947 1867 980 lumine
1897 951 1929 980 et

77 1010 302 1057 campanella,
337 1014 369 1043 et
403 1009 578 1043 obuiantes
607 1010 850 1053 genuflectant,
889 1014 919 1043 et
949 1009 1133 1042 dicentibus
1163 1008 1284 1042 devote
1314 1011 1506 1041 oracionem
1536 1007 1734 1041 dominicam
1763 1018 1836 1040 cum
1868 1018 1930 1040 aue

77 1070 199 1113 Maria,
236 1070 311 1104 XX.
346 1070 417 1104 dies
454 1070 495 1104 de
529 1073 673 1103 iniuncta
706 1073 756 1103 eis
793 1073 981 1115 penitencia
1016 1070 1273 1103 misericorditer
1309 1069 1511 1102 relaxamus.
1571 1068 1609 1101 Et
1645 1068 1707 1101 boc
1745 1068 1818 1101 dum
1860 1069 1931 1101 sole

78 1131 276 1178 splendente
304 1133 408 1177 ipsam
437 1135 586 1164 sanctam
616 1130 844 1173 eukaristiam,
874 1134 958 1165 sicut
977 1130 1166 1176 predicitur,
1196 1132 1397 1174 contingerit
1418 1129 1596 1174 deportari,
1628 1128 1822 1162 Nocturnali
1852 1139 1932 1161 uero

79 1197 230 1238 tempore
259 1191 334 1225 dum
364 1202 486 1237 corpus
517 1191 718 1225 dominicum
747 1202 806 1237 per
834 1191 1046 1225 sacerdotem
1076 1195 1109 1224 ut
1136 1202 1233 1236 supra
1265 1190 1303 1224 ad
1335 1191 1480 1223 inlirmos
1508 1190 1628 1223 desei-ri
1659 1193 1847 1234 contigerit,
1879 1191 1932 1234 qui

78 1252 208 1287 facibus
238 1251 452 1287 luminaribus
481 1256 513 1286 et
542 1253 616 1296 alijs
645 1252 751 1286 lucem
781 1252 1040 1286 ministrantibus
1069 1252 1234 1286 sacerdoti
1270 1250 1483 1285 eukaristiam
1520 1250 1686 1283 deferenti
1715 1250 1841 1284 saluum
1872 1254 1934 1282 iter

77 1313 288 1360 prebuerint,
319 1316 424 1347 eciam
455 1324 514 1359 per
542 1313 726 1355 fenestras,
763 1315 789 1347 si
819 1314 901 1347 alias
930 1313 1102 1346 commode
1131 1324 1195 1346 non
1230 1316 1372 1358 poterint
1403 1315 1626 1345 ministrantes
1656 1314 1809 1357 quinque..
1868 1312 1931 1350 Qui

78 1385 162 1408 vero
198 1374 409 1408 sacerdotem
449 1377 498 1408 sic
533 1377 638 1420 ipsum
676 1384 798 1419 corpus
833 1373 1030 1407 dominicum
1066 1373 1270 1407 deferentem
1307 1373 1348 1406 ab
1386 1374 1531 1406 eeclesia
1561 1383 1667 1417 vsque
1701 1371 1740 1405 ad
1772 1371 1933 1404 inlirmum

78 1445 153 1469 cum
182 1435 304 1468 lumine
333 1435 567 1476 conduxerint,
598 1434 718 1468 deinde
746 1434 863 1467 domos
893 1437 1043 1480 proprias
1071 1434 1249 1468 redeuntes
1279 1434 1406 1467 decem.
1438 1434 1502 1474 Qui
1534 1443 1614 1466 uero
1644 1432 1801 1466 redierint
1830 1442 1934 1477 usque

79 1495 119 1529 ad
153 1496 299 1530 ecclesie
334 1499 451 1529 atrium
486 1506 560 1529 cum
589 1495 707 1530 eodem
736 1495 811 1529 XV.
860 1498 921 1536 Qui
952 1500 1060 1529 autem
1089 1495 1129 1528 de
1158 1496 1303 1529 ecclesia
1333 1506 1438 1539 nsque
1466 1494 1505 1528 ad
1536 1495 1718 1535 iulii-mum,
1753 1498 1786 1526 et
1814 1492 1934 1526 abinde

77 1561 267 1590 reuertente
287 1556 463 1590 sacerdote
483 1559 543 1602 ipsi
565 1567 604 1590 se
631 1557 921 1601 associauerint.¹'')
950 1556 1006 1589 XL
1035 1556 1317 1601 indulgenciarum
1339 1555 1409 1589 dies
1438 1555 1479 1589 de
1509 1555 1679 1589 beatorum
1711 1554 1933 1599 apostolormn

80 1617 166 1651 Petri
196 1622 227 1651 et
257 1617 347 1651 Pauli
384 1622 416 1651 et
445 1622 660 1663 patronorum
697 1618 842 1651 ecclesie
880 1617 995 1650 conlisi
1032 1617 1199 1661 suffragiis
1228 1616 1269 1650 de
1298 1619 1454 1650 iniunctis
1491 1618 1687 1662 penitenciis
1723 1614 1935 1660 presentibus

80 1678 340 1712 misericorditer
377 1679 581 1712 relaxamus.
640 1678 777 1723 insuper
813 1681 916 1711 eciam
957 1677 1037 1721 bijs,
1071 1680 1124 1722 qui
1157 1678 1353 1711 eleuacione
1390 1677 1496 1711 hostie
1526 1677 1679 1710 salutaris
1710 1675 1874 1709 humiliter
1903 1679 1934 1708 et

79 1739 200 1773 deuote
238 1749 276 1773 se
314 1750 332 1772 a
362 1743 526 1785 tempore„
564 1749 628 1783 quo
668 1750 727 1785 per
763 1741 944 1772 ministrum
981 1739 1092 1772 altaris
1128 1742 1161 1772 et
1197 1741 1299 1784 ipsius
1329 1738 1436 1772 hostie
1465 1739 1619 1772 salutaris
1650 1739 1878 1780 reuerenciam
1910 1739 1938 1767 et

80 1799 241 1834 bonorem
270 1800 380 1833 lumen
411 1799 626 1833 accenderint
656 1805 687 1833 et
709 1811 814 1845 Vsque
835 1804 907 1844 post
929 1799 1156 1832 eleuacionem
1186 1804 1249 1832 tam
1275 1802 1424 1845 corporis
1449 1810 1545 1845 quam
1568 1800 1751 1842 sanqwinis
1786 1796 1939 1829 dominici

79 1871 189 1905 genua
205 1860 325 1894 deuote
340 1860 494 1894 flexerint
511 1865 541 1894 et
558 1872 594 1894 se.
612 1861 855 1894 inelinauerint.
878 1859 984 1905 XXT)
1001 1860 1070 1893 dies
1083 1859 1123 1893 de
1144 1863 1299 1893 iniunctis
1320 1861 1518 1906 peniteneijs
1536 1863 1566 1893 in
1584 1859 1715 1891 domino
1737 1857 1938 1890 relaxamus.

83 1919 127 1954 Vt
145 1926 252 1955 autem
274 1921 313 1955 ad
335 1925 499 1967 premissa
529 1926 559 1954 et
581 1921 747 1966 quodlibet
768 1924 1006 1967 premissorum
1029 1920 1149 1954 Christi
1178 1920 1292 1954 fideles
1322 1932 1359 1954 se
1388 1920 1594 1954 commodius
1625 1923 1737 1964 aptare
1758 1920 1884 1963 possint
1911 1921 1941 1949 et

88 1980 231 2025 valeant,
261 1982 414 2016 volumus
435 1987 466 2016 et
488 1982 692 2016 mandamus.
723 1982 808 2026 quod
839 1993 911 2015 euni
934 1984 1002 2026 ipsa
1025 1986 1138 2015 sancta
1165 1981 1344 2015 eukaristia
1374 1980 1555 2014 deserenda
1587 1980 1681 2013 l'uerit
1713 1979 1751 2011 ad
1782 1978 1939 2020 iulii-mos,

83 2040 191 2086 aliqua
212 2053 385 2088 campana,
408 2053 472 2087 que
494 2042 533 2075 ab
564 2042 750 2076 bominibus
771 2042 873 2076 audiri
901 2045 1005 2088 possit
1031 2045 1156 2075 iteratis
1176 2041 1306 2076 vicibus
1328 2047 1389 2075 tam
1412 2045 1576 2076 sonoriter
1597 2042 1755 2086 pulsetur,
1785 2038 1825 2072 ad
1856 2038 1940 2071 bunc

83 2105 188 2135 actum
202 2103 390 2147 specialiter
401 2103 620 2148 designanda.
637 2103 743 2137 Penas
761 2102 1019 2149 presbiterorum
1037 2105 1237 2136 contrarium
1255 2102 1417 2137 facientes
1434 2107 1548 2137 nostro
1565 2101 1698 2135 arbitrio
1714 2103 1938 2134 rcseruantes.

812 2207 865 2240 De
896 2204 1215 2249 Dedicacionef‘)

245 2276 342 2309 Alma
373 2282 478 2311 mater
507 2278 651 2311 ecclesia
681 2278 873 2323 plerumque
903 2277 1058 2310 nonnulla
1088 2276 1335 2310 racionabiliter
1362 2277 1491 2310 ordinat
1510 2280 1543 2309 et
1562 2274 1724 2315 consulte,
1755 2284 1818 2317 que
1838 2277 1937 2319 post-

85 2335 218 2369 modum
249 2336 410 2371 suadente
438 2338 662 2382 subJectorum
692 2339 865 2372 commodo
894 2338 1085 2370 consulcius
1114 2348 1154 2370 ac
1182 2338 1416 2371 racionabilius
1445 2340 1582 2370 reuocat
1609 2338 1640 2368 in
1670 2335 1786 2368 melius
1807 2345 1937 2368 necnon

141 2448 164 2481 ¹)
189 2458 273 2483 usque
298 2450 330 2475 ad
354 2458 504 2484 vesperam.
530 2450 555 2485 ²)
581 2454 746 2487 patrociniis.
779 2451 803 2481 ¹⁵)
828 2452 860 2476 «le
892 2460 1071 2477 xeneracwne
1096 2454 1122 2476 et
1150 2451 1319 2483 indulgencia
1351 2452 1418 2477 sacri
1453 2450 1577 2483 corporis
1606 2449 1713 2474 Christi.
1740 2448 1782 2474 Bei
1809 2448 1938 2473 Fusseaiu

186 2501 225 2527 De
251 2501 396 2527 deserenda
424 2503 507 2529 Sacro
531 2505 627 2530 Sancta
653 2505 818 2530 Eucharistm
844 2505 975 2537 torporis
1000 2503 1105 2528 Christi.
1138 2500 1162 2533 ⁴)
1191 2510 1288 2535 genua.
1321 2500 1346 2535 5)
1377 2504 1452 2528 cuius
1484 2502 1564 2529 «bene
1590 2501 1776 2526 veneracionis
1808 2499 1938 2527 fragilitas

187 2554 298 2578 bumana
325 2562 376 2579 non
402 2554 500 2580 suflicit
523 2563 580 2581 cum
605 2557 638 2582 sit
662 2557 815 2582 memoriale
842 2559 1049 2580 sacratissimum
1074 2555 1218 2580 salvilicum
1241 2555 1266 2579 in
1291 2562 1343 2588 quo
1369 2558 1420 2579 etc.
1446 2552 1471 2583 Ἣ
1489 2554 1553 2586 ipsis
1571 2552 1715 2587 plebizanis
1733 2552 1937 2577 associaverint.

189 2602 212 2635 'j
236 2605 268 2631 Χ.
293 2605 318 2637 “’)
343 2605 387 2631 Bei
413 2605 453 2631 bl:
480 2606 517 2631 De
544 2606 714 2634 Dedicatioue
741 2608 860 2634 Ecclesia·
887 2607 1083 2632 (llomuccnsis,

1731 2657 1772 2683 &75
