2184 2828
1068 118 1140 153 134

184 241 217 272 in
251 241 325 284 ipso
351 239 478 283 jugiter
511 241 622 271 nostra
655 239 813 270 memoria
849 238 1016 282 perpetuis
1050 235 1249 281 temporibus
1283 235 1401 270 debeat
1439 239 1616 282 pertinere,
1658 237 1772 271 harum
1814 236 2020 271 Testimonio

183 298 362 332 literarum.
383 298 501 332 Datum
521 297 598 331 Idus
616 295 642 330 F
645 295 788 340 ebruarij
808 297 908 330 Anno
929 296 1049 330 domini
1063 295 1237 330 Millesimo
1253 296 1503 331 Trecentesimo
1519 297 1647 332 Octavo
1667 297 1806 340 decimo,
1828 296 2021 341 Regnorum

184 370 268 393 vero
296 363 482 393 nostrorum
512 368 598 391 anno
627 361 758 391 oct-avo.

491 428 574 460 (Nach
599 427 647 453 der
670 426 983 460 Bestiitigungsurkunde
1007 426 1054 452 der
1082 425 1113 452 K.
1143 425 1221 451 naria
1251 426 1375 453 Theresia
1403 435 1464 454 vom
1493 426 1518 453 J.
1555 427 1632 455 1747
1662 428 1695 453 im
1731 427 1847 453 Archive
1877 427 2020 454 desselben

594 479 727 511 Klosters,
753 480 786 505 im
811 487 843 504 m.
868 481 900 504 st.
925 478 1136 505 Landesarchiie
1162 486 1186 503 n.
1212 478 1275 510 35.)

1056 580 1157 616 ¹87.

191 653 334 697 Ver-trag]
375 651 541 686 zeoisclzeu
583 652 695 695 Koniq
729 650 819 684 Karl
856 661 918 684 con
951 650 1117 694 Hamqarn
1152 649 1219 682 und
1249 649 1435 695 Marquaf
1462 650 1554 684 Kar-l
1584 662 1647 685 von
1680 651 1838 694 Mallum,
1872 651 1946 685 dem
1979 663 2022 686 zu

183 714 289 758 Folye
317 713 378 746 das
412 712 621 757 Koniqreick
648 711 753 745 Pelen
782 722 826 743 an
860 711 923 743 den
957 714 1112 744 ers-terea
1136 709 1245 753 fallen
1271 711 1383 751 sollte,
1414 722 1505 744 wenta
1533 712 1594 745 der
1613 712 1726 756 Koniq
1751 711 1907 745 Kazimt'r
1933 711 2020 746 ohne

182 773 371 808 niannlicke
398 772 516 806 Erben
543 771 679 806 sterben
709 771 838 812 warde,-
869 771 1021 816 daqeqeu
1053 770 1241 815 rerspra‘clat
1268 771 1328 804 der
1346 771 1458 816 11'0122'9
1486 783 1550 806 ton
1569 772 1745 816 Hemqaru,
1774 772 1854 805 dass
1881 783 1921 806 er
1946 772 2021 806 dem

181 835 315 879 Koniqe
335 834 491 867 Kazimir
518 833 600 867 oder
627 833 745 865 dessen
766 831 884 865 Erben
911 831 1010 865 keine
1029 831 1123 875 Hilse
1149 842 1257 875 yeqen
1276 831 1329 865 die
1348 831 1482 865 Laiades·
1502 833 1567 866 und
1593 831 1752 866 l'asallen
1779 832 1838 866 des
1865 832 2021 877 Koniqes

181 906 244 929 con
276 894 427 928 Bokmen
461 894 543 927 oder
575 893 633 926 des
665 891 888 936 illarlcyrafeu
920 903 983 926 ron
1012 892 1156 925 Malcren
1186 891 1305 925 leis-ten
1333 893 1453 926 werde.
1483 892 1542 926 Dt.
1565 895 1597 926 in
1624 892 1815 937 Wiseqrad,
1849 893 2019 927 dominica

821 952 997 986 Incocarit
1028 952 1083 994 (1.
1114 951 1233 994 Mars)
1265 951 1372 986 1338.

335 1003 424 1058 Nos
454 1023 592 1057 Carolus
621 1021 683 1056 Dei
711 1024 818 1066 gratia
847 1021 921 1055 Rex
951 1021 1143 1066 Hungartae,
1174 1025 1288 1055 tenore
1315 1024 1536 1067 praesentium,
1566 1021 1683 1068 quibus
1712 1022 1859 1068 expedit,
1887 1022 2022 1068 signiti-

181 1096 296 1118 camus
324 1086 502 1123 universis,
532 1086 698 1116 memoriae
727 1081 1008 1116 commendamus.
1039 1081 1132 1122 Quod
1161 1093 1235 1115 cum
1263 1092 1323 1115 nos
1353 1093 1397 1115 ex
1424 1092 1520 1115 novae
1549 1083 1728 1128 parentelae
1747 1087 1918 1117 contractu
1937 1085 2022 1118 inter

180 1145 401 1179 excellentem
430 1144 615 1190 Principem
649 1143 825 1177 Dominum
863 1142 1027 1177 Carolum.
1064 1142 1176 1188 inclyti
1210 1141 1379 1188 Principis,
1410 1142 1539 1176 Domini
1573 1142 1724 1185 JoanniS‚
1754 1143 1890 1178 Boemie
1917 1143 2022 1188 Regis

180 1208 447 1252 primogenitum,
476 1203 702 1238 Marchionem
723 1202 894 1245 Moraviae‚
924 1202 1066 1236 heredes
1094 1213 1174 1236 suos
1202 1202 1242 1236 ab
1270 1214 1345 1245 una,
1375 1207 1407 1236 et
1435 1214 1495 1237 nos
1523 1208 1720 1249 nostrosque
1748 1203 1830 1238 lilios
1858 1208 1950 1250 parte
1978 1215 2023 1238 ex

180 1267 295 1308 altera,
325 1276 384 1312 pro
413 1265 554 1299 Domino
582 1264 751 1298 Ludovico
780 1268 893 1297 nostro
922 1266 1154 1309 primogenito,
1190 1267 1223 1297 et
1257 1266 1287 1297 in
1315 1265 1386 1308 ejus
1421 1275 1564 1309 persona
1598 1275 1686 1298 nunc
1714 1267 1793 1298 inito
1822 1269 1855 1299 et
1881 1264 2022 1309 firmato,

180 1327 413 1361 exaltationem
449 1330 481 1359 et
517 1329 729 1370 augmentum
766 1324 901 1358 honoris
936 1327 1038 1370 ipsius
1074 1323 1205 1357 Domini
1240 1323 1347 1358 Caroli
1379 1323 1580 1358 marchionis
1616 1324 1840 1370 heredumque
1873 1336 2020 1369 suorum,

180 1391 212 1420 ut
247 1391 394 1421 nostrum
430 1386 637 1420 commodum
673 1387 839 1431 proprium
875 1388 894 1419 i.
931 1396 960 1418 e.
997 1396 1015 1418 e
1048 1396 1216 1418 converso
1251 1387 1321 1430 ipse
1362 1389 1528 1421 nostrum.
1563 1389 1595 1418 et
1629 1384 1785 1418 heredum
1821 1389 2021 1428 nostrorum,

179 1448 328 1481 similiter
355 1452 389 1481 ut
417 1458 510 1481 sumn
539 1449 718 1492 proprium,
749 1449 863 1479 merito
893 1450 1093 1491 reputemus„
1122 1448 1196 1491 quia
1219 1444 1312 1478 nobis
1333 1447 1517 1490 nostrisque
1539 1445 1714 1479 heredibus
1734 1445 1818 1479 bona
1839 1450 1872 1480 et
1890 1449 2022 1480 sincera

180 1508 242 1542 lide
278 1510 437 1554 promisit.
474 1507 533 1541 sub
570 1510 693 1541 virtute
728 1506 767 1540 ad
803 1511 915 1540 sancta
952 1506 1011 1539 Dei
1048 1506 1232 1549 Evangelia
1267 1517 1325 1551 per
1366 1516 1439 1538 eum
1479 1509 1611 1551 praestiti
1643 1508 1833 1549 jtiramenti‚
1875 1506 1961 1552 quod
1995 1509 2021 1541 si

180 1569 375 1615 quandoque
410 1568 618 1613 magnificum
655 1568 837 1613 Principem
881 1567 1053 1600 Dominum
1091 1566 1283 1600 Casimirum
1326 1565 1451 1609 Regem
1494 1565 1634 1599 t‘oloniw
1676 1566 1803 1612 absque
1844 1566 2021 1602 heredibus

180 1630 332 1663 masculis
371 1629 535 1662 decedere
570 1631 778 1666 contingeret
816 1627 855 1660 ab
892 1627 951 1660 hac
991 1630 1070 1660 vita.
1105 1627 1190 1672 qnod
1226 1631 1299 1660 tunc
1333 1638 1391 1672 pro
1427 1629 1493 1659 suis
1523 1626 1647 1660 viribus
1682 1627 1833 1661 (minibus
1862 1632 1895 1662 et
1922 1638 2022 1674 posse

179 1690 273 1724 nobis
303 1690 387 1734 Regi
417 1690 596 1734 llungariir
625 1692 814 1734 nostrisque
844 1687 1017 1722 heredibus
1047 1699 1139 1721 sunm
1169 1686 1334 1721 exhibebit
1364 1691 1395 1720 et
1424 1687 1590 1732 praestabit
1619 1688 1774 1721 auxilium
1802 1690 2020 1733 etJuvamen‚

180 1755 213 1784 ut
248 1762 307 1784 nos
343 1754 510 1796 nostrique
546 1749 685 1783 heredes
719 1751 822 1794 ipsum
853 1748 1004 1793 Regnum
1034 1748 1187 1790 l'olonia‘,
1219 1759 1260 1781 ex
1289 1759 1328 1781 eo
1364 1747 1459 1780 nobis
1489 1747 1629 1781 debitum
1659 1759 1718 1782 seu
1747 1748 1931 1783 debendum
1961 1760 2021 1783 suo

180 1812 278 1855 adjuti
315 1811 460 1844 subsidio
496 1822 723 1856 asscquanmr,
761 1815 795 1843 nt
828 1814 972 1843 nostram
1011 1809 1168 1842 deveniat
1208 1811 1238 1842 in
1273 1812 1480 1853 potestatem,
1517 1820 1554 1841 ac
1590 1808 1686 1853 pleno
1717 1810 1782 1853 juri
1813 1814 1938 1852 nostro,
1966 1809 2021 1844 vel

180 1873 336 1906 heredum
357 1876 544 1905 nostrorum
566 1883 704 1914 regnum
724 1873 764 1905 sit
785 1870 981 1913 subjeetum.
1012 1869 1051 1903 Et
1079 1872 1153 1915 quia
1182 1871 1276 1903 etiam
1306 1868 1366 1902 sub
1395 1868 1510 1901 eodem
1540 1872 1684 1914 praestito
1705 1871 1892 1913 Juramento
1921 1869 2018 1904 nobis

179 1936 337 1979 promisit,
367 1932 452 1978 qnod
481 1935 508 1966 si
538 1932 770 1966 decessionem
800 1931 944 1977 pra-dicti
974 1930 1104 1964 Domini
1134 1931 1283 1964 Casimiri
1304 1928 1428 1973 absque
1449 1928 1582 1962 herede.
1605 1934 1679 1962 ante
1699 1933 2020 1964 consummationem

179 1996 374 2027 matrimonii
404 1995 487 2026 inter
515 1992 689 2026 Dominum
718 1992 932 2033 Ludovicum,
963 1995 1108 2024 nostrum
1137 1993 1387 2036 primogenitum
1416 1989 1597 2034 pra-satum.
1623 1995 1655 2023 et
1676 1990 1917 2036 pra-cellentem
1947 1993 2022 2024 vir-

178 2057 288 2099 ginem
326 2054 499 2087 Dominam
538 2052 750 2097 Margaritam
789 2053 885 2086 liliam
920 2062 1012 2086 suam
1048 2052 1088 2085 de
1126 2062 1213 2085 novo
1248 2050 1361 2084 lirmati
1404 2050 1472 2083 lieri
1515 2053 1697 2093 contingat,
1732 2061 1797 2084 non
1839 2053 1945 2085 minus
1980 2051 2021 2085 ad

179 2117 349 2160 praemissa
379 2114 555 2148 obtinenda
586 2125 678 2147 suum
708 2124 809 2159 posse
837 2117 995 2158 exponet,
1025 2111 1142 2157 quibus
1161 2113 1230 2155 jam
1251 2114 1353 2157 ipsum
1375 2113 1615 2143 matrimonium
1637 2115 1727 2144 esset
1745 2115 2018 2146 consummatum.

180 2173 248 2209 Nos
277 2187 295 2209 e
324 2185 489 2208 converso
519 2186 577 2220 pro
606 2173 700 2208 nobis
730 2177 917 2218 nostrisque
945 2174 1019 2207 liliis
1049 2177 1080 2206 et
1108 2171 1283 2206 heredibus
1313 2174 1512 2204 memoratis.
1542 2171 1601 2204 sub
1631 2174 1751 2205 virtute
1780 2183 1839 2217 per
1867 2183 1929 2206 nos
1957 2171 2018 2206 sibi

179 2239 311 2281 praestiti
336 2237 525 2279 juramenti,
554 2235 702 2268 similiter
729 2237 943 2280 promittimus
973 2239 1003 2267 ct
1031 2237 1161 2267 sincera
1190 2233 1252 2266 lide
1280 2234 1492 2265 assumimus:
1521 2231 1606 2275 qnod
1637 2234 1662 2264 si
1684 2232 1838 2277 przesatus
1859 2232 2019 2266 Dominus

180 2296 380 2337 Casimirns‚
424 2296 496 2330 Rex
539 2295 698 2335 Potomiar
748 2294 889 2329 heredes
936 2299 989 2328 aut
1037 2304 1252 2328 successores
1298 2295 1366 2336 sni,
1407 2291 1518 2325 Duces
1567 2294 1596 2325 in
1640 2292 1772 2325 l'olonia
1821 2292 2018 2335 residentes,

181 2357 349 2402 Principes
379 2361 410 2390 ct
439 2356 603 2397 Yasaflos,
633 2359 797 2397 civitates,
827 2360 949 2391 casn-a.
979 2355 1128 2388 homines
1157 2365 1215 2388 seu
1243 2363 1446 2398 qmecunque
1471 2353 1545 2394 jnra
1575 2363 1634 2385 suo
1663 2356 1804 2395 genitori
1833 2357 1866 2387 et
1884 2352 1957 2395 sihi,
1977 2364 2017 2387 ac

179 2418 302 2462 inclyto
333 2417 472 2462 l'rincipi
502 2417 642 2450 Domino
670 2416 789 2449 .loanni
821 2416 901 2449 Duci
931 2415 1109 2449 Carinthie.
1139 2426 1178 2448 ac
1207 2414 1277 2447 frati
1312 2412 1460 2456 ejusdem
1496 2412 1709 2455 Mai-chionis,
1739 2416 1770 2447 in
1799 2416 1870 2459 ipso
1898 2413 2017 2457 Regno

180 2478 335 2517 Potonia‘,
365 2478 470 2522 quoad
507 2480 595 2522 ipsos
632 2476 753 2518 Duces,
790 2476 970 2522 Principes,
1006 2480 1038 2509 et
1076 2474 1240 2513 vasallos.
1277 2476 1509 2518 competentia,
1539 2473 1787 2519 quibuscunque
1815 2477 2018 2508 censeantur

180 2537 366 2572 nominibus
407 2537 465 2571 sibi
503 2538 673 2571 vindicare
708 2541 739 2571 et
774 2536 937 2571 attrahere
972 2540 1184 2577 conarentur,
1222 2537 1309 2580 ipsos
1343 2533 1478 2566 forsitan
1514 2533 1624 2567 Duces
1659 2538 1691 2567 et
1726 2534 1877 2568 Vasattos
1912 2533 2017 2578 Regis

180 2598 346 2635 Bohemiae
380 2602 412 2631 et
446 2597 576 2631 Domini
613 2597 826 2639 marchionis,
869 2608 909 2631 ac
945 2597 1054 2631 fratris
1087 2599 1136 2630 sui
1171 2595 1312 2640 praedicti
1341 2605 1399 2627 seu
1430 2593 1577 2628 homines
1616 2594 1778 2629 hostiliter
1811 2593 2010 2628 invadendo.
