2184 2828
1058 124 1132 158 8¹4

173 252 205 280 et
233 247 323 280 siluis
353 245 392 279 ad
423 245 613 279 Naclianicz
643 248 675 277 et
704 243 869 285 Polsnicz‚
906 242 1001 276 villas
1037 241 1175 287 predicti
1205 242 1397 273 monasterii
1427 242 1663 285 spectantibus,
1700 243 1796 288 pleno
1822 244 1908 287 jure.
1940 242 2018 276 Vo-

174 309 280 341 lentes
311 310 408 348 igitur
436 311 569 339 nostras
607 306 838 338 consciencias
867 303 1092 346 exhonerare„
1127 300 1167 333 ad
1205 299 1364 334 honorem
1400 299 1452 333 dei
1486 305 1731 348 omnipotentis,
1769 303 1930 349 simulque
1965 303 2017 337 dei

173 370 345 411 genitricis
376 365 480 400 Marie
509 367 650 409 virginis
679 364 838 409 gloriose.
869 366 900 396 in
931 363 993 406 hijs
1024 363 1157 406 scriptis
1186 359 1269 401 Nos,
1307 364 1339 393 et
1368 364 1521 405 posteros
1550 366 1680 396 nostros
1709 374 1893 409 omnesque
1921 363 2017 397 nobis

175 428 328 462 fidelitate
364 427 534 460 subiectos
572 424 760 458 omnimode
795 424 992 468 obligamus,
1028 421 1121 462 Quod
1152 420 1193 453 de
1228 425 1343 454 cetero
1379 431 1554 466 numquam
1590 425 1621 455 in
1658 423 1814 468 predictis
1850 423 1943 457 bonis
1978 423 2019 457 ad

176 491 410 522 monasterium
440 485 633 532 prelibatum
664 484 903 531 pertinentibus
932 483 1211 529 impedimentum,
1248 492 1308 514 sev
1343 480 1558 526 dampnosam
1591 482 1860 516 molestacionem
1895 483 2019 517 inferre

177 550 361 595 aliqualiter
390 550 420 581 in
450 550 645 593 perpetuum
674 545 865 579 debeamus.
896 543 1020 577 Verum
1048 554 1090 576 ne
1117 542 1254 575 alicuius
1282 544 1477 585 ignorancia
1504 542 1557 575 vel
1584 552 1698 576 errore
1723 554 1765 576 ex
1788 548 1879 588 parte
1900 546 2018 586 nostri,

177 615 443 653 nostrorumque„
473 612 537 640 tam
566 608 805 643 neccssariunn
832 606 935 649 jmino
970 606 1082 637 verius
1118 602 1250 636 domino
1285 601 1359 643 deo,
1396 605 1431 635 vt
1459 613 1632 648 speramus
1660 602 1904 648 beneplacitum
1931 615 2020 638 con-

174 673 382 716 promissum,
412 670 516 713 possit
545 666 697 700 ammodo
727 665 883 699 infirmari
912 664 1134 710 predictarum
1169 663 1326 696 siluarum
1357 666 1516 695 metarum
1552 666 1584 695 et
1618 665 1772 697 circuitus
1809 664 2018 698 decreuimus

174 733 273 764 certis
304 732 475 773 signorum
499 726 653 761 limitibus
678 727 847 771 explicare
874 725 1003 759 modulo
1033 723 1220 766 subnotato,
1241 723 1452 756 Annotantes
1479 724 1602 756 initium
1623 724 1780 757 siluarum
1808 723 1846 757 ad
1867 723 2020 758 Polsnicz

174 791 283 825 villain
314 790 552 835 pertinencium
583 787 729 839 inclioari
760 789 791 819 in
820 786 919 827 valla,
955 796 1018 830 que
1054 783 1196 817 Cladecz
1230 783 1359 825 dicitur,
1394 786 1479 816 sicut
1514 785 1546 816 in
1581 784 1766 829 priuilegijs
1801 787 2020 829 prenominati

175 851 369 885 Monasterii
399 851 598 883 continetur.
630 850 702 888 Que
732 846 890 880 videlicet
917 846 1013 879 vallis
1043 849 1095 878 est
1124 843 1231 877 inedia
1262 846 1345 877 inter
1374 854 1473 887 agros
1502 843 1542 876 ad
1572 844 1681 878 villam
1706 844 1859 877 Polsnicz
1885 855 1929 878 ex
1953 856 2020 879 vna

176 916 281 958 parte,
312 915 342 944 et
372 920 473 954 agros
503 919 547 942 ex
576 908 637 941 alia
668 911 760 952 parte
789 906 828 940 ad
857 906 978 941 villain.
1009 916 1073 951 que
1102 905 1218 938 Arena
1257 903 1386 946 dicitur,
1415 905 1632 949 pertinentes,
1667 916 1685 937 a
1721 907 1783 938 iam
1815 915 1898 938 vero
1934 904 2020 939 dicta

178 973 266 1006 valle
295 975 371 1005 sunt
394 970 532 1015 plurima
558 971 666 1012 signa.
693 971 803 1001 certos
831 968 949 1000 limites
973 966 1146 999 euidenter
1167 964 1434 998 demonstrancia
1456 967 1487 997 in
1509 964 1665 998 directum
1686 976 1790 1010 usque
1815 965 1855 998 ad
1879 970 2021 1011 pratum,

176 1033 260 1078 quod
296 1030 538 1065 Czirtowaluca
575 1031 743 1062 inorauice
771 1031 990 1073 nuncupatum
1024 1031 1056 1060 et
1090 1025 1209 1059 abinde
1242 1029 1418 1058 transeunt
1452 1025 1569 1058 limites
1603 1036 1662 1070 per
1691 1025 1864 1071 quemdam
1900 1026 2021 1069 locum,

176 1096 230 1138 qui
259 1094 418 1126 continuit
446 1090 526 1123 duas
555 1089 718 1130 Quercus.
748 1099 812 1134 que
841 1092 917 1122 sunt
946 1087 1077 1121 abscise
1107 1085 1323 1131 quorumdam
1353 1088 1460 1119 minus
1489 1085 1626 1131 prouida
1652 1089 1824 1129 caucione,
1850 1086 2019 1131 inquibus

176 1153 333 1188 videlicet
360 1150 548 1196 quercubus
578 1149 753 1183 manifesta
783 1152 878 1193 signa
903 1153 1063 1184 metarum
1088 1147 1220 1180 fuerant
1243 1146 1472 1189 decurrenda,
1499 1157 1604 1191 vsque
1631 1146 1669 1180 ad
1692 1146 1865 1191 quamdam
1892 1147 2020 1190 Tiliarn‚

175 1226 239 1259 que
268 1218 330 1247 stat
359 1224 461 1258 super
488 1212 594 1244 littora
624 1210 778 1245 fluminis.
809 1209 893 1254 quod
924 1208 1061 1243 Moraua
1098 1210 1232 1253 proprie
1267 1209 1466 1240 nominatur.
1502 1206 1632 1240 Deinde
1666 1218 1726 1253 per
1759 1210 1864 1253 ipsum
1899 1207 2019 1241 flumen

178 1275 349 1309 Morauam
380 1283 509 1306 sursum
539 1282 660 1305 versus
689 1270 930 1316 protenduntur
958 1270 1077 1303 limites
1102 1279 1211 1313 vsque
1232 1267 1271 1301 ad
1292 1267 1457 1313 prefatam
1478 1268 1591 1301 villam
1613 1267 1805 1301 Nachanicz
1829 1267 2022 1313 Monasterij

177 1336 382 1380 antescripti.
413 1338 446 1366 et
474 1332 537 1375 hijs
566 1334 646 1377 ipsis
675 1331 829 1364 limitibus
858 1330 1065 1364 concluditur
1093 1331 1191 1362 etiam
1222 1328 1304 1362 silua
1335 1328 1415 1361 ville
1444 1327 1635 1362 Nachanicz
1664 1331 1728 1362 iam
1757 1328 1896 1374 prefate.
1932 1328 2024 1362 Silua

179 1395 298 1429 deinde
345 1393 384 1426 ad
427 1393 536 1426 villam
578 1391 732 1425 Costelan
776 1394 947 1437 pertinens
982 1388 1263 1424 circumscribitur
1304 1388 1459 1422 limitibus
1493 1388 1578 1422 infra
1607 1391 1755 1434 scriptis.
1792 1389 2024 1435 incipientibus

178 1457 308 1490 scilicet
336 1454 375 1488 ab
405 1452 577 1487 obstaculo
607 1452 784 1485 molendini
814 1455 988 1485 transeunt
1017 1462 1076 1496 per
1104 1450 1226 1483 ssuinen
1256 1449 1429 1483 Morauain
1459 1460 1587 1483 sursum
1620 1451 1651 1483 in
1681 1449 1813 1483 fluuium
1843 1450 2023 1493 veniendo,

180 1519 231 1562 qui
262 1515 427 1549 Malesow
457 1516 631 1555 vocitatum
659 1517 688 1546 et
718 1524 777 1558 per
806 1515 911 1558 ipsum
936 1512 1069 1545 fluuium
1096 1510 1333 1545 descendendo
1358 1513 1479 1554 girant.
1504 1510 1600 1544 linem
1623 1509 1775 1544 faciendo
1799 1514 1831 1544 in
1856 1510 2026 1544 obstaculo

182 1579 426 1622 prenominato.
455 1574 497 1607 Et
522 1584 620 1618 quum
647 1576 677 1606 in
704 1572 859 1617 predictis
881 1571 975 1605 bonis
1003 1571 1158 1605 videlicet
1182 1570 1430 1617 piscacionibus
1457 1575 1487 1604 et
1512 1571 1603 1604 siluis
1628 1570 1815 1615 sepedictos
1835 1571 2027 1615 Religiosos

184 1640 288 1678 vii-os,
319 1635 472 1669 abbatem
502 1639 535 1668 et
563 1638 763 1667 conuentum
793 1633 832 1666 dc
862 1632 1050 1676 Welegrad
1079 1631 1344 1677 dainpniticando
1373 1631 1580 1674 offendimus,
1604 1630 1689 1676 quod
1714 1634 1884 1665 estimacio
1906 1631 2026 1677 damp-

187 1708 302 1730 norum
333 1696 372 1729 ad
404 1706 564 1729 sumniam
594 1699 723 1727 centum
752 1693 939 1728 Mai-carum
968 1692 1192 1735 lllorauiensis
1222 1692 1379 1738 ponderis
1408 1703 1446 1726 se
1475 1691 1632 1734 extendit,
1667 1695 1874 1726 consciarum
1907 1692 2028 1726 iudicio

182 1757 376 1791 eorundem.
407 1756 569 1801 Expeuse
598 1766 679 1788 vero
709 1755 797 1788 facte
826 1766 884 1800 pro
914 1757 1177 1800 recuperacione
1211 1756 1356 1799 ipsorum
1390 1752 1605 1798 dampnorum
1638 1751 1678 1785 ad
1706 1763 1877 1786 numerum
1912 1754 2029 1796 viginti

182 1827 368 1851 marcarum
399 1816 546 1850 eiusdem
581 1815 737 1861 ponderis
771 1827 808 1849 se
843 1815 1036 1858 extendunt,
1073 1814 1145 1856 Que
1180 1817 1289 1847 omnia
1326 1816 1437 1858 sepius
1472 1815 1640 1846 memorati
1675 1815 1737 1845 viri
1771 1813 1944 1857 Religiosi‚
1973 1815 2028 1858 pio

183 1889 264 1922 erga
299 1888 359 1910 nos
397 1876 514 1910 atl‘ectu
550 1879 716 1918 succensi,
752 1878 888 1909 racione
920 1879 1011 1921 pacis
1047 1880 1157 1909 mutue
1192 1885 1279 1908 nunc
1314 1878 1347 1907 et
1380 1885 1440 1919 per
1473 1873 1623 1907 lienniter
1658 1872 1894 1907 confirmande.
1930 1872 2027 1906 nobis

184 1938 340 1972 beniuole
369 1937 573 1970 relaxarunt.
610 1936 820 1982 Quapropter
848 1941 912 1970 tani
942 1939 995 1982 pie
1024 1935 1255 1969 beniuolencie
1284 1937 1370 1980 piam
1400 1936 1507 1967 vicem
1536 1932 1721 1979 rependere
1751 1936 1933 1979 cupientes,
1963 1932 2028 1966 Ni-

182 1999 380 2033 cbilominus
417 1996 741 2030 animaduersionem
777 1997 919 2031 vlcionis
962 1997 1071 2030 diuine
1114 1996 1277 2030 humiliter
1313 1994 1482 2028 declinare
1520 1994 1694 2036 volentes„
1732 1997 1916 2038 satagimus
1952 2004 2026 2036 nOS‚

183 2071 257 2093 cuni
286 2057 438 2092 omnibus
467 2060 589 2091 nostris
619 2056 807 2093 heredibus.
838 2069 876 2091 ac
905 2060 1046 2102 posteris
1076 2057 1116 2090 ad
1141 2059 1252 2102 sepius
1275 2055 1436 2089 dictorum
1458 2055 1706 2099 Religiosorum
1730 2057 1876 2088 virorum
1901 2054 2029 2088 abbatis

184 2124 216 2153 et
244 2123 430 2153 conuentus
461 2118 500 2151 de
529 2117 715 2161 Welegrad
745 2121 775 2151 in
806 2118 866 2152 biis
893 2120 1023 2163 scriptis
1046 2120 1293 2163 promocionem
1316 2120 1507 2162 perpetuam
1530 2114 1690 2159 obligare.
1720 2114 1917 2149 Adicientes
1942 2114 2028 2161 quod

184 2191 247 2213 nec
275 2182 308 2213 in
337 2179 461 2213 eisdem
491 2179 596 2217 siluis,
626 2189 688 2211 nce
718 2181 749 2211 in
778 2179 850 2212 aliis
880 2178 975 2212 bonis
1005 2181 1149 2224 ipsorum
1176 2187 1384 2222 quocumque
1406 2176 1480 2210 Ioco
1510 2178 1590 2217 sitiS‚
1620 2186 1679 2209 eos
1708 2176 1846 2209 vlterius
1876 2175 2030 2221 dampni-

184 2240 296 2281 ficare„
325 2240 380 2273 vel
408 2239 520 2272 ledere
546 2239 753 2284 aliquatenus
775 2238 966 2272 debeamus.
998 2238 1159 2283 Precipue
1185 2241 1295 2271 tamen
1318 2235 1467 2270 euntibus
1487 2234 1582 2269 nobis
1601 2236 1657 2269 vel
1677 2238 1798 2270 nostris
1826 2235 1865 2270 ad
1888 2236 2029 2282 aliquam

186 2300 452 2344 expedicionem,
482 2298 718 2332 hereditatibus
749 2309 862 2332 eorum
899 2309 1039 2344 parcere
1067 2298 1281 2341 studebimus,
1310 2300 1343 2331 in
1372 2300 1526 2342 quantum
1561 2299 1742 2342 poterimus
1778 2301 1812 2331 et
1844 2296 2030 2331 valebimus

186 2370 267 2405 pura
296 2359 370 2393 fide.
401 2359 541 2404 Insuper
569 2363 749 2392 venatores
777 2362 893 2402 nostri,
923 2362 1093 2404 ceterique
1117 2358 1281 2393 officiales
1307 2360 1422 2400 nostri,
1443 2367 1649 2402 quocumque
1673 2360 1807 2391 nomine
1831 2362 2031 2392 censeantur

187 2418 249 2453 sibi
278 2419 398 2464 aliquid
427 2419 659 2461 iurisdieioniS,
689 2422 760 2453 siue
790 2419 924 2453 dominii
952 2422 984 2453 in
1013 2430 1126 2454 eorum
1158 2420 1251 2453 siluis
1287 2423 1319 2453 et
1352 2416 1596 2464 piscacionibus
1626 2417 1886 2465 quibuscumque
1923 2418 2030 2452 aude-

187 2480 265 2513 bunt
302 2479 342 2512 de
378 2484 490 2513 cetero
527 2479 715 2513 nullomodo
753 2480 945 2514 vendicare.
987 2480 1126 2513 Demuin
1162 2491 1204 2513 ne
1241 2481 1376 2512 materia
1411 2477 1518 2519 nobis,
1552 2489 1614 2511 sev
1650 2481 1784 2521 nostris,
1821 2477 2031 2524 presentibus

188 2551 249 2574 sev
278 2539 394 2573 suturis
424 2540 634 2586 delinquendi
663 2539 760 2573 facile
790 2544 991 2574 ministretur
1021 2540 1167 2586 predicta
1197 2539 1339 2586 quelibet
1368 2542 1401 2572 et
1428 2538 1569 2582 singula,
1594 2550 1680 2584 pena
1705 2539 1895 2573 voluntarie
1915 2539 2031 2572 vallari

188 2602 360 2634 statuimus
399 2601 587 2645 temporali,
622 2600 778 2634 videlicet
812 2604 838 2635 si
868 2600 1013 2646 quidquit
1048 2601 1089 2634 de
1123 2600 1298 2646 predictis„
1335 2603 1397 2632 tam
1434 2603 1559 2632 mature
1595 2604 1627 2633 et
1660 2599 1842 2633 deliberate
1878 2610 1938 2645 per
1970 2609 2032 2634 nos
