2184 2828
1080 109 1177 143 1004

200 227 336 262 subsidii
367 227 471 261 lacius
500 227 658 261 elucescit
687 238 727 259 co
756 226 841 272 quod
872 226 943 271 plus
972 226 1105 259 claritas
1135 225 1352 271 complicatur
1381 237 1439 271 per
1468 238 1549 271 opus
1579 230 1710 272 pietatis
1748 232 1776 261 111
1814 228 1917 262 libero
1956 241 2052 275 (sinim

202 291 398 322 reuerencie
428 287 572 321 debitum
603 290 632 321 in
663 287 824 320 subiecto.

358 349 540 394 Cupientes
570 351 668 391 igitur
698 359 736 380 ca
768 347 970 393 facereque
1008 348 1127 380 seriem
1162 346 1246 391 (sic)
1284 347 1388 379 lucem
1426 347 1628 392 prcradiant,
1665 351 1774 392 operis
1814 353 1957 393 pectoris
1994 361 2053 395 pro

202 410 308 442 saluto
337 411 520 442 animarum
550 408 671 441 domini
701 408 787 441 olim.
827 408 864 441 O.
902 408 1001 441 incliti
1038 409 1127 449 regis
1164 406 1338 443 Boliemie„
1374 411 1405 439 et
1443 406 1644 440 marchionis
1681 408 1849 450 Mor-anie,
1889 408 2053 444 karissimi

202 472 304 515 patris
335 472 436 502 nostri
467 474 499 502 et
528 469 669 502 (1111111119.
702 468 740 501 G.
773 469 883 501 inclite
912 471 1028 509 regine
1059 466 1228 505 Bolicniic,
1252 469 1362 500 matris
1383 471 1510 508 nostre,
1537 470 1645 500 omnia
1667 467 1751 501 bona
1774 471 1864 501 iuxta
1886 471 2052 504 ciuitatem

203 531 331 563 9111111ε“Γ
365 533 394 562 in
430 529 505 562 uilla
545 534 555 571 (
672 532 680 571 )
711 540 784 562 cuni
820 532 921 574 pratis
956 531 1099 573 pascuis.
1134 527 1260 560 iuribus
1296 532 1326 560 et
1362 530 1548 560 attinenciis
1585 532 1616 560 et
1650 531 1815 561 vniuersis
1849 533 1879 561 et
1916 530 2053 573 singulis

204 593 417 636 pertinenciis
447 589 639 623 eorumdem
670 589 771 622 libera
801 594 831 622 ct
861 589 1006 633 quolibet
1034 591 1204 621 seruitutis
1242 599 1356 621 errore
1394 587 1718 633 absoluta.‹piinimo
1762 589 2052 634 olniuci.decan0,

204 654 385 696 preposito.
417 649 558 689 custodi,
590 653 714 694 totique
743 652 844 695 ipsius
875 650 1019 682 ecclesie
1048 648 1191 694 capitulo
1211 648 1359 681 dedimus
1380 653 1411 681 et
1433 659 1474 681 ex
1503 653 1592 681 certa
1614 653 1724 682 nostra
1747 652 1891 683 sciencia
1913 649 2053 684 fecimus

205 714 381 755 assignari,
412 714 453 743 ita
485 715 593 744 tamen
623 710 708 754 qnod
738 710 778 744 (le
807 710 943 756 prefatis
972 709 1066 743 bonis
1097 709 1180 742 idem
1211 709 1369 742 decanus.
1400 712 1598 754 prepositus.
1629 713 1740 743 custos
1770 714 1936 756 totumque
1956 714 2053 757 capi-

205 772 305 804 tulum
335 771 485 817 predicte
518 771 747 804 Ulmum-ensis
778 771 922 804 ecclesie
952 769 1092 803 forment
1121 781 1218 804 vnam
1251 769 1450 815 prebendam
1488 774 1519 802 et
1557 772 1660 815 ipsam
1699 769 1817 804 dilecto
1857 771 1986 816 phisico
2022 776 2055 806 et

204 831 378 877 capellano
408 836 536 869 nostro,
567 834 738 876 magistro.
770 831 811 864 H.
843 842 938 876 quein
960 842 1046 863 nnnc
1068 833 1226 876 temporis
1251 830 1288 863 ad
1311 830 1462 864 eandem.
1485 834 1600 863 tenore
1622 835 1831 876 presencium
1853 835 2053 877 prestitimus

203 896 415 931 constanter·;
445 895 550 937 ipsum
581 894 610 924 in
642 892 767 936 prefata
789 891 930 924 ecclesia
962 894 991 924 in
1023 902 1116 924 suum
1147 894 1344 925 canonicum
1371 896 1401 924 et
1422 890 1622 924 confratrem
1648 894 1820 937 recipiant.
1843 892 1903 926 sibi
1924 893 2053 926 stallum

204 956 236 986 in
265 952 367 986 choro
397 956 430 986 et
458 963 574 985 uocem
605 955 635 985 in
665 952 810 997 capitulo
840 954 1014 996 assignent
1043 956 1074 984 et
1102 952 1261 997 prebeant
1283 952 1433 985 tarditate
1454 963 1493 985 ac
1513 951 1701 985 difficultate
1722 952 1919 997 quibuslibet
1939 953 2053 999 procul

205 1016 313 1051 motis.
344 1024 431 1047 nunc
460 1018 491 1047 et
522 1013 606 1057 quod
637 1017 711 1058 post
741 1015 844 1058 ipsius
875 1015 1023 1057 mag-istri
1063 1017 1124 1046 cte.
1156 1012 1344 1050 decessum.
1376 1012 1493 1058 prefati
1524 1012 1680 1049 decanus.
1711 1013 1911 1059 prepositus,
1941 1018 2053 1047 custos

203 1078 373 1120 totumque
402 1073 579 1119 capitulum
611 1073 743 1106 Olmmw·
769 1073 913 1106 ecclesie
942 1078 974 1106 et
1004 1084 1117 1106 eorum
1147 1084 1365 1107 successores
1397 1077 1427 1106 ut
1450 1075 1648 1119 quicumque
1669 1084 1740 1107 nos.
1762 1074 1813 1107 nel
1835 1085 2052 1108 successores

203 1137 308 1169 nostri
336 1137 365 1168 ei
395 1134 435 1168 ad
464 1134 627 1180 prefatam
657 1133 858 1180 prebendam
889 1134 1041 1167 duximus
1069 1133 1339 1180 presentandani.
1370 1136 1473 1179 ipsam
1496 1133 1695 1179 prebendam
1722 1133 1894 1167 conferant
1913 1145 2054 1180 cumque

204 1198 235 1228 in
264 1198 461 1228 canonicum
492 1199 523 1228 et
552 1195 754 1228 confratrem
783 1198 813 1228 in
844 1195 985 1228 ecclesia
1016 1195 1162 1240 predicta
1192 1198 1366 1240 recipiant.
1397 1194 1524 1239 sibique
1554 1195 1682 1228 stallum
1704 1197 1735 1228 in
1755 1194 1856 1228 choro
1877 1199 1909 1228 et
1934 1205 2052 1229 uocem

204 1260 235 1289 111
265 1256 406 1301 capitulo
437 1259 608 1299 assignent
638 1260 668 1289 et
698 1256 857 1301 prebeant
887 1259 957 1289 sine
987 1255 1178 1289 difficultate
1207 1255 1350 1300 qualibet
1379 1260 1411 1289 et
1441 1255 1604 1297 tarditate,
1635 1260 1665 1289 et
1695 1267 1753 1301 pro
1782 1255 1953 1290 animabus
1977 1256 2054 1289 dic-

203 1321 321 1355 torum,
352 1319 454 1362 patris
485 1321 515 1350 ct
546 1320 670 1355 matris,
709 1321 879 1362 parentum
916 1321 1113 1350 nostrorum.
1153 1328 1292 1350 unacum
1331 1316 1448 1349 eodem
1485 1327 1584 1349 orare
1620 1316 1811 1361 frequenter
1845 1316 1987 1350 debeant
2022 1319 2054 1350 in

204 1376 255 1410 die
285 1379 485 1418 animarum,
514 1376 550 1410 In
580 1377 695 1410 eadem
726 1377 867 1410 ccclesia
899 1381 1071 1411 missarum
1102 1378 1285 1422 solempnia
1315 1377 1538 1410 celebrantes.

358 1437 400 1471 Et
429 1449 526 1482 quum
557 1438 706 1471 uolunuis
736 1438 820 1483 quod
851 1437 936 1471 dicta
968 1437 1053 1471 bona
1094 1437 1190 1484 plene
1229 1450 1267 1471 ac
1297 1442 1457 1483 perpetue
1492 1437 1661 1481 gaudeant
1693 1437 1816 1471 solacio
1851 1437 2054 1479 hereditatis,

202 1501 369 1544 presentis
400 1502 518 1531 tenore
546 1498 711 1543 priuilegii
742 1498 857 1531 eadem
887 1510 904 1531 a
936 1498 1079 1543 qualibet
1109 1498 1337 1532 iurisdictione
1375 1509 1433 1531 scu
1472 1502 1635 1543 potestate
1671 1498 1873 1540 uillicoruni,
1911 1497 2055 1531 iudicum

202 1558 467 1605 prouincialium,
499 1558 726 1594 collectorum.
756 1559 924 1603 generalis
955 1560 1005 1592 uel
1036 1560 1190 1604 specialis
1220 1559 1417 1592 collectione
1448 1570 1506 1591 scu
1538 1569 1658 1592 secure
1680 1558 1763 1603 (sic)
1784 1561 2054 1601 camerariorum,

205 1624 235 1653 et
266 1618 483 1665 quorumlibet
514 1617 715 1652 officialium.
746 1630 954 1664 quocumque
984 1624 1185 1653 censeantur
1219 1622 1365 1657 nomine.
1403 1624 1499 1664 atque
1537 1618 1692 1652 nobilium
1729 1624 1760 1652 et
1794 1621 1956 1661 omnium,
1992 1623 2057 1652 tam

203 1683 414 1726 presencium
444 1690 540 1724 quam
570 1678 752 1712 futurorum
783 1683 967 1713 exemimus
1001 1686 1011 1723 1
1120 1681 1135 1726 J)
1165 1681 1205 1714 de
1235 1685 1348 1714 nostre
1377 1680 1581 1726 plenitudine
1610 1683 1781 1725 potestatis
1815 1684 1847 1712 et
1882 1682 2056 1713 statuimus

203 1746 237 1774 ut
266 1743 353 1774 omni
384 1743 517 1773 omnino
548 1739 697 1773 libertate
727 1741 876 1774 fruantur
906 1752 967 1785 qua
999 1741 1150 1775 frimntur
1179 1746 1209 1774 et
1239 1742 1300 1775 frui
1331 1741 1460 1774 debent.

360 1801 451 1834 Boua
482 1805 511 1834 et
542 1800 710 1846 prebende
741 1802 882 1835 ecclesie
913 1806 1089 1847 pretaxate
1119 1803 1310 1848 specialiter
1337 1807 1445 1835 autem
1477 1813 1606 1835 omnem
1636 1801 1889 1846 obligacionein,
1924 1811 2056 1834 ornnem

204 1866 410 1895 contractum
441 1861 557 1907 quibus
586 1872 646 1907 per
674 1862 814 1907 aliquem
845 1866 1077 1905 camerarium,
1108 1863 1262 1905 uillicum,
1294 1862 1433 1896 iudicem
1464 1863 1714 1908 prouincialem.
1745 1862 1797 1896 uel
1818 1862 1912 1895 alium
1933 1872 2056 1905 quem-

204 1933 345 1968 cumque
374 1922 470 1956 alicui
500 1925 576 1966 ciui,
606 1934 665 1957 seu
696 1922 788 1956 alteri
819 1923 961 1965 cuilibet,
993 1924 1079 1957 dicta
1118 1924 1205 1957 bona
1236 1924 1287 1957 ue]
1317 1934 1456 1968 quorum
1487 1934 1562 1969 pars
1591 1923 1711 1968 aliqua,
1739 1932 1946 1967 quocumque
1967 1926 2056 1954 tem-

203 1994 297 2029 pore,
327 1984 380 2017 nel
409 1994 618 2030 quocumque
657 1984 772 2020 modo„
806 1984 858 2017 uel
898 1985 1001 2030 tytulo
1039 1984 1171 2026 fuerint,
1209 1984 1260 2017 uel
1297 1984 1446 2017 dicantur
1484 1983 1618 2017 forsitan
1658 1983 1820 2028 obligata.
1859 1982 1965 2015 locata
1997 1992 2012 2015 s

203 2044 344 2078 alienata
372 2047 536 2090 presentis
574 2044 758 2090 priuilegii.
789 2044 882 2078 simili
920 2045 960 2078 de
996 2049 1108 2079 nostre
1145 2048 1317 2091 potestatis
1354 2044 1557 2090 plenitudine
1592 2044 1795 2078 annullamus
1827 2042 2056 2083 rescindimus,

200 2107 365 2139 irritamus
395 2109 427 2138 et
455 2107 588 2139 omnino
618 2108 747 2150 penitus
776 2116 892 2139 carere
921 2105 1073 2139 firmitate
1098 2105 1318 2148 deci-enimus,
1349 2110 1379 2140 et
1415 2109 1550 2150 vigore,
1588 2105 1759 2151 priuilegio
1797 2114 1855 2137 seu
1893 2105 2047 2147 rescrir'q

202 2165 365 2211 quondam
388 2168 492 2211 patris
513 2168 628 2200 nostri.
650 2170 763 2199 nostre
783 2166 834 2199 1191
856 2166 991 2200 alterius
1012 2166 1187 2200 cuiuslibet
1216 2166 1301 2211 quod
1331 2177 1430 2212 super
1458 2165 1668 2210 obligacione
1688 2164 1739 2198 uel
1769 2163 1862 2197 buius
1882 2168 2056 2197 contractu

207 2225 377 2260 obtentum
414 2225 520 2259 fuisse
550 2226 690 2267 dicetur,
721 2226 773 2259 1191
802 2226 1007 2269 ostendetur,
1038 2226 1123 2271 quod
1150 2238 1210 2273 per
1243 2238 1384 2272 presens
1414 2227 1623 2273 priuilegium
1654 2225 1756 2259 nullas
1794 2227 1873 2258 iuris
1913 2227 2056 2270 penitus,

203 2289 235 2320 in
265 2286 386 2320 iudicio
406 2287 459 2320 uel
481 2291 576 2320 extra
598 2287 749 2320 uolumus
775 2286 935 2324 obtinere.
960 2287 1018 2321 sed
1040 2287 1164 2321 debere
1188 2287 1260 2321 fore
1289 2299 1421 2321 cassum
1450 2280 1482 2320 et
1509 2287 1657 2321 friuolum
1688 2285 1910 2328 decreuimus,
1939 2287 2057 2329 quies—

202 2352 300 2380 cente.
325 2351 358 2380 et
378 2347 644 2381 contradictione
664 2347 838 2381 cuiuslibet
860 2351 1095 2394 cuiuscumque
1115 2348 1321 2381 condicionis
1342 2351 1473 2381 existat.
1500 2347 1680 2393 aliqualiter
1708 2356 1774 2379 non
1795 2345 1949 2379 obstante
1976 2347 2057 2377 vni-

204 2410 310 2440 uersis
331 2411 363 2440 et
390 2408 529 2452 singulis
559 2410 765 2450 camerariis,
793 2408 954 2442 indicibus
979 2408 1249 2454 prouincialibus.
1279 2408 1409 2445 uillicis.
1440 2409 1608 2452 generalis
1638 2407 1687 2439 uel
1727 2406 1881 2452 specialis
1917 2404 2057 2438 collecte

205 2478 263 2501 seu
302 2472 413 2501 stenre
448 2468 683 2502 collectoribus
720 2472 753 2502 et
785 2468 937 2502 omnibus
976 2468 1238 2514 quilmscumque
1277 2469 1348 2502 aliis
1389 2468 1594 2509 officialibus,
1624 2477 1829 2512 quocumque
1857 2469 2058 2499 censeantur

203 2531 348 2571 nomine,
392 2527 582 2565 baronibus.
622 2529 799 2564 nobilibus.
838 2529 1013 2563 clientibus
1055 2529 1286 2563 claustralibus
1325 2529 1487 2564 omnibus.
1530 2530 1695 2561 vninersis
1734 2532 1766 2561 et
1806 2526 1955 2571 singulis,
1997 2525 2056 2558 sub

202 2593 317 2622 nostro
346 2591 509 2633 regimine
532 2589 744 2626 morantibus.
769 2592 1006 2635 cuiuscumque
1027 2590 1233 2624 condicionis
1255 2590 1387 2632 suerint,
1409 2590 1543 2624 tirmiter
1563 2591 1774 2634 presencium
1795 2592 1911 2621 tenore
1940 2586 2057 2619 dantes
