2184 2828
1003 116 1077 151 255

117 237 223 270 ticulis
245 240 275 270 in
297 234 423 269 Clobuk
452 234 602 268 similiter
629 237 662 267 in
683 234 815 268 Potecz.
845 233 1073 275 Assio-uantur
1100 232 1209 266 Judici
1237 231 1371 266 cuilibet
1398 236 1430 266 in
1451 232 1578 267 Clobuk
1607 237 1640 267 et
1668 237 1698 267 in
1720 233 1841 267 Potecz
1870 237 1966 268 simi-

117 298 190 331 litei·
224 301 364 342 quatuor
397 296 545 340 inquilini
579 294 688 328 Judici
726 295 956 329 deservientes
991 297 1022 328 in
1057 292 1266 335 nemoribus,
1305 292 1342 326 In
1378 297 1470 338 aquis
1504 293 1652 339 piscandi
1681 293 1818 328 liberam
1847 295 1967 329 habeat

116 357 320 399 facultatem,
350 360 383 390 et
411 358 442 389 in
472 354 666 388 dacionibus
696 358 862 389 universis
883 355 936 388 liat
965 358 1137 400 exemptus
1166 365 1184 387 a
1213 353 1340 387 decima
1362 356 1506 387 omnium
1534 357 1786 400 possessionum
1816 355 1965 389 villarum

116 417 348 463 predictarum.
379 415 453 457 Que
481 418 591 449 omnia
613 420 644 449 et
668 417 797 460 singula
827 415 973 461 predicta
1003 419 1136 461 propter
1163 417 1267 460 ipsius
1286 414 1442 448 Jesconis
1470 415 1606 460 predicti
1627 426 1808 460 congruam
1829 420 1966 449 susten-

117 480 279 511 tacionem
298 480 331 510 in
351 476 495 522 qualibet
522 476 673 509 villarum
694 476 914 521 predictarum
940 476 1150 520 singulariter
1178 474 1330 508 duximus
1359 474 1494 508 firmiter
1513 475 1763 510 concedendum
1782 487 1842 522 per
1861 479 1967 522 ipsuin

114 542 146 571 et
174 536 317 571 heredes
346 547 424 570 suos
453 539 587 570 nomine
615 536 815 570 hereditario
845 536 1039 578 tenendum,
1069 535 1275 577 habendum„
1304 535 1527 569 utifruendum
1561 539 1731 581 perpetuis
1765 536 1967 582 temporibus

114 597 255 644 pacifice
282 597 540 643 possidendum⁷
570 597 622 630 Ac
652 598 715 630 alia
744 600 854 630 omnia
874 601 907 630 et
926 597 1055 641 singula
1083 595 1244 638 faciendi,
1274 600 1399 629 etcum
1420 596 1564 638 eisdem,
1593 601 1688 642 prout
1717 597 1966 642 descripsimus.

115 658 253 692 liberam
281 658 479 692 authoritate
507 660 720 704 presencium
742 657 856 691 damus
885 657 1083 691 facultatem.
1114 657 1270 691 Preterea
1296 661 1514 690 reservantes
1543 656 1625 690 duos
1646 657 1800 692 denarios
1828 660 1860 691 in
1880 668 1968 702 quo-

116 719 194 754 libet
220 719 443 766 predictarum
482 718 631 752 villarum
667 717 788 751 iudicio
823 718 935 763 plures
974 719 1088 752 laneos
1117 722 1149 751 et
1175 718 1269 764 plura
1304 717 1491 751 molendina
1526 728 1585 751 seu
1614 718 1725 763 plures
1753 723 1844 752 rotas
1872 721 1968 751 unius

115 780 314 823 Molendini2
343 779 456 826 plures
484 782 631 825 piscinas
660 783 692 812 et
718 778 831 824 plures
853 778 1028 821 tabernas3
1059 779 1150 825 plura
1171 777 1348 819 maccella„
1379 782 1410 812 et
1429 778 1522 824 plura
1542 777 1681 820 balnea7
1710 779 1822 824 plures
1843 778 1967 815 fabros.

115 846 149 875 et
176 841 289 887 plures
318 845 451 875 sutores
480 850 553 874 cum
583 838 762 873 heredibus
800 850 839 872 ac
869 839 1121 873 successoribus
1149 841 1272 873 nostris
1301 850 1374 872 cum
1405 839 1477 872 aliis
1506 838 1603 872 bonis
1631 838 1791 872 dictarum
1819 839 1969 873 villarum

116 902 276 936 duntaxat
304 904 456 947 superius
484 902 680 943 nominatis,
711 911 775 946 que
811 903 932 934 vestris
960 902 1105 934 servitiis
1130 902 1163 933 in
1189 903 1384 945 perpetuum
1413 898 1588 933 subiacere
1607 898 1816 941 tenebuntur,
1846 899 1970 933 Harum

116 967 302 996 nostrarum
330 964 518 996 testimonio
547 961 746 1003 litterarum,
775 960 893 994 Datum
924 960 1096 1003 Olomutii‚
1125 960 1224 994 Anno
1253 959 1378 993 domini
1406 958 1571 993 Milesiino
1600 959 1853 994 Trecentesimo
1882 971 1969 1006 qua-

116 1023 307 1068 dragesimo
336 1025 441 1068 primo
470 1024 501 1055 in
530 1021 646 1066 vigilia
676 1021 791 1055 Sancti
819 1020 943 1054 Matliei
973 1020 1135 1067 Apostoli.

425 1100 505 1133 (Eine
529 1100 772 1126 vidini.Abscl1rist
796 1108 857 1126 vom
881 1099 906 1125 .l.
936 1100 1013 1126 1717
1039 1101 1063 1126 in
1088 1099 1136 1125 dei·
1158 1099 1359 1125 Boczek'schen
1385 1099 1540 1133 Sammlung
1564 1107 1588 1124 n.
1615 1097 1709 1131 8613,
1734 1101 1767 1125 im
1785 1100 1866 1125 nialir.
1881 1099 1967 1125 stand.

528 1150 768 1188 Landesarchive.)

991 1272 1097 1307 358.

116 1353 305 1398 Marquaf
331 1352 422 1386 Karl
457 1363 520 1386 ron
554 1351 700 1385 Miller-en
737 1351 901 1395 beslsitiyt
943 1351 1003 1383 der
1038 1350 1141 1383 stadt
1169 1350 1318 1383 Breslcm
1353 1350 1422 1383 alle
1451 1361 1514 1383 ron
1542 1350 1605 1383 (len
1630 1349 1794 1393 fmilceren
1821 1350 1968 1383 Far-stete

118 1415 184 1448 und
214 1413 422 1448 namentlz'clt
453 1424 529 1447 rom
562 1413 698 1457 Isom'gye
730 1412 869 1446 Jolmnn
902 1423 964 1445 ron
1003 1411 1152 1444 Rolmzen
1184 1410 1383 1444 erhaltenen
1414 1410 1682 1456 Sellenlmnqera
1719 1409 1968 1444 Inznemn'tflteu.

118 1475 326 1517 Freiheiten,
355 1473 489 1508 Rechte
516 1473 584 1506 und
610 1472 831 1517 Prc'm'leyz'en.
890 1472 947 1505 Dt.
993 1471 1234 1506 Wrate‘smnie.
1268 1473 1333 1515 fer.
1364 1471 1411 1505 II.
1438 1482 1542 1516 prosc.
1569 1475 1649 1515 post
1674 1473 1700 1515 f.
1731 1471 1783 1505 bb.
1813 1471 1973 1504 Maurz'tii

625 1537 659 1567 et
687 1535 857 1567 sociorum
885 1536 957 1577 ejus
988 1533 1068 1570 (⁴24.
1100 1532 1319 1577 September)
1353 1532 1462 1566 1341.

269 1610 317 1664 ln
344 1633 478 1664 nomine
507 1629 629 1663 domini
658 1629 779 1663 Amen.
835 1628 905 1662 Nos
936 1627 1075 1661 Kar-olus
1104 1627 1224 1660 domini
1253 1627 1357 1672 Regis
1388 1628 1524 1662 Boemie
1552 1630 1792 1674 primogenitus
1820 1627 1969 1661 Mai'cliio

118 1691 269 1726 Morauie
288 1690 576 1735 Recognoscimus
605 1694 720 1723 tenore
741 1692 948 1735 presencium
975 1690 1141 1721 vniuersis
1163 1687 1256 1728 Quod
1285 1688 1486 1723 accedentes
1516 1688 1557 1722 ad
1586 1693 1731 1722 nostram
1759 1690 1970 1734 presenciam

118 1752 232 1786 fideles
260 1754 391 1798 paterni
420 1750 582 1796 nobisque
611 1753 743 1784 sincere
772 1750 898 1783 dilecti.
919 1776 924 1783 .
953 1749 1116 1782 Consules
1138 1748 1438 1783 Wratislauienses
1459 1748 1600 1782 Nomine
1620 1752 1724 1782 tocius
1746 1751 1971 1782 vninersitatis

118 1815 260 1846 ciuitatis
293 1811 598 1853 tVratislauiensis,
633 1810 721 1845 facto
756 1810 852 1845 nobis
889 1821 932 1843 ex
969 1809 1122 1843 mandato
1157 1809 1293 1854 predicti
1330 1809 1452 1843 domini
1485 1812 1646 1854 genitoris
1674 1812 1778 1843 nostri
1807 1811 1970 1842 carissimi

119 1884 178 1919 per
206 1883 368 1907 summam
396 1872 677 1906 deliberacionem
707 1874 871 1917 propriam
901 1875 933 1904 et
969 1879 1102 1903 suorum
1131 1870 1394 1904 consiliariorum
1423 1873 1596 1916 pocioruin
1629 1874 1831 1915 pertractato
1861 1868 1970 1902 tideli-

120 1937 193 1967 tatis
226 1936 409 1979 promisso,
446 1932 503 1967 Sic
538 1932 624 1977 quod
660 1937 732 1978 post
766 1932 941 1965 decessum
976 1933 1194 1976 prenominati
1229 1934 1388 1974 genitoris
1424 1933 1547 1973 nostri,
1585 1930 1670 1975 quod
1707 1930 1805 1971 absit,
1841 1929 1880 1962 ad
1910 1939 1970 1962 nos

121 1993 293 2027 dumtaxat
310 1998 476 2039 tamquam
497 1993 536 2026 ad
558 1996 814 2038 primogenitum
844 2003 937 2025 suum
967 1996 998 2024 et
1028 2002 1093 2024 non
1123 1990 1160 2023 ad
1182 1991 1279 2024 alium
1300 1990 1423 2025 habere
1443 1990 1604 2025 deberent
1623 1995 1821 2036 respectum,
1843 1988 1970 2022 Nobis-

121 2065 184 2099 que
218 2058 383 2099 tamquam
419 2054 505 2097 Regi
541 2053 678 2087 Boemie
714 2058 746 2087 et
780 2053 913 2087 domino
947 2062 1060 2084 eornm
1095 2051 1256 2095 legittimo
1290 2056 1322 2085 et
1358 2052 1496 2085 naturali
1526 2056 1557 2085 et
1586 2051 1801 2091 hereditario,
1838 2059 1969 2095 parere,

122 2114 293 2148 intendere
308 2118 341 2147 et
355 2113 492 2148 obedire
512 2114 651 2148 fideliter
670 2125 743 2147 cuin
764 2114 895 2148 ell'cctn.
914 2113 1036 2157 Sicque
1057 2116 1152 2157 prout
1171 2111 1296 2156 pridem
1316 2123 1376 2158 per
1396 2112 1578 2158 predictum
1599 2112 1763 2145 dominum
1784 2112 1969 2154 genitorem

122 2178 270 2209 nostrum
297 2175 558 2219 priuilegiatorie
586 2174 770 2208 ordinatum
800 2177 938 2207 existat.
968 2171 1052 2217 quod
1083 2184 1100 2205 a
1130 2182 1252 2205 corona
1282 2172 1390 2213 Regni
1421 2173 1556 2206 Boemie
1585 2173 1728 2205 totaliter
1756 2169 1971 2204 indiuisibiles

122 2240 154 2269 et
182 2234 423 2268 irremotabiles
450 2238 482 2268 in
511 2239 706 2280 perpetuum
736 2245 814 2268 esse
850 2233 1026 2269 deberent.
1063 2231 1164 2275 deem
1194 2235 1320 2277 paterni
1350 2238 1380 2267 et
1409 2237 1536 2267 nostri.
1554 2259 1562 2266 .
1599 2231 1760 2266 Consules
1788 2230 1971 2264 Wratisla—

126 2299 263 2329 aienses
299 2298 431 2328 nomine
459 2298 600 2329 ciuitatis
629 2300 661 2328 et
698 2297 924 2329 vniuersitatis
960 2293 1069 2325 lnnnili
1106 2303 1238 2337 precum
1275 2296 1435 2327 instancia
1471 2296 1657 2339 petiuerunt
1692 2291 1863 2332 Quatenus
1891 2294 1971 2337 ipsis

123 2366 239 2389 omnes
267 2354 488 2397 donaciones,
518 2358 775 2393 concessiones„
805 2357 1030 2389 inmunitates.
1061 2353 1245 2395 lil›eriates‚
1276 2356 1346 2386 iura
1375 2359 1408 2387 et
1436 2354 1607 2400 priuilegia
1629 2355 1791 2397 ipsorum,
1822 2362 1885 2398 que
1914 2352 1967 2385 vel

124 2427 206 2462 quas
236 2414 276 2448 ab
305 2414 456 2448 omnibus
484 2420 515 2448 et
543 2417 682 2456 stimulis
702 2416 841 2449 dominis
871 2425 983 2448 eorum
1004 2413 1206 2459 principibus
1235 2425 1252 2446 a
1282 2417 1384 2459 prima
1413 2414 1612 2448 fundacione
1641 2415 1797 2454 ciuitatis„
1828 2417 1860 2445 ct
1887 2423 1971 2458 spe-

125 2477 252 2510 cialiter
282 2487 300 2509 a
338 2474 508 2520 sepedicto
537 2475 668 2510 domino
703 2480 856 2520 genitore
886 2479 998 2508 nostro
1035 2477 1259 2519 optinuerunt.
1296 2485 1396 2520 super
1424 2474 1539 2520 quibus
1569 2484 1701 2506 suarum
1730 2472 1852 2506 liabent
1880 2473 1971 2506 litte-

126 2547 236 2570 rarum
270 2536 564 2572 confirmaciones,
602 2536 750 2570 similiter
783 2536 947 2570 ratilicarc
982 2534 1166 2579 approbare
1201 2538 1232 2567 et
1263 2535 1451 2577 gratificari*
1485 2534 1525 2566 dc
1555 2532 1755 2577 benignitate
1785 2534 1880 2567 solita
1910 2532 1969 2566 sul»

126 2599 309 2630 iuramento
339 2598 476 2641 prestito
505 2595 727 2639 dignaremur.
785 2596 970 2641 liupr-optor
999 2594 1066 2628 Nos
1097 2622 1102 2628 .
1142 2622 1148 2628 .
1184 2594 1342 2628 dictorum
1379 2594 1557 2628 Consulum
1588 2593 1727 2627 litleliuni
1758 2598 1969 2639 paternorum
