2184 2828
1032 155 1105 188 5⁸30

142 277 366 324 (Sedliccnsi)
396 274 520 310 ordinis
540 273 774 308 Cisterciensis
802 271 948 306 diocesis
976 270 1179 317 praedictae,
1199 269 1342 304 Vestrae
1367 270 1544 304 Sanctitati
1571 271 1782 317 supplicavit,
1808 274 1857 305 sic
1879 276 1911 305 et
1932 282 1997 316 ego

142 349 208 373 una
236 348 310 371 cum
339 336 426 370 dicto
455 335 588 370 domino
617 344 692 367 meo
721 332 829 367 eidem
858 332 1001 366 Vestrae
1031 330 1207 365 sanctitati
1235 333 1323 364 omni
1359 341 1423 375 qua
1452 341 1586 376 possum
1615 331 1797 365 humilitate
1826 334 1856 365 ei
1886 331 1998 366 devo—

142 401 231 433 tione
259 397 422 444 supplico,
451 394 606 430 exaudiri
633 393 732 429 avido
770 393 936 427 desiderio
974 392 1175 436 deposcens,
1205 395 1368 435 quatenus
1398 390 1656 436 supplicationes
1691 402 1784 426 meas
1821 403 1880 438 pro
1909 391 1998 426 dicta

142 461 413 504 incorporatione
440 455 594 490 facienda
623 459 657 488 et
684 453 923 495 confirmanda,
956 454 1051 496 juxta
1086 451 1226 485 sormam
1263 452 1517 497 supplicationis
1552 462 1618 486 una
1653 463 1727 486 cum
1765 451 1998 497 praesentibus

142 519 290 554 Vestrae
318 516 517 552 Beatitudini
545 514 793 562 porrigendam,
829 514 1010 558 dignemini
1047 511 1307 545 misericorditer
1340 511 1517 553 exaudire,
1553 514 1857 558 incorporationem
1892 516 1998 558 ipsam

142 580 265 615 factam
292 577 666 625 per‘administrat-ores
695 575 804 610 dictae
838 574 1004 608 ecclesiae
1034 572 1218 616 l'ragensis
1252 583 1353 617 super
1380 575 1451 617 ipsa
1480 572 1626 606 ecclesia
1653 572 1836 619 parochiali
1864 575 1897 606 in
1915 600 1923 607 .
1941 600 1948 607 .
1967 577 2001 607 et

142 640 282 686 capellis
311 638 462 683 ejusdem
489 636 640 683 praefato
669 637 890 670 monasterio.
907 636 958 667 .in
987 632 1138 667 absentia
1173 632 1359 667 venerandi
1389 632 1512 666 domini
1544 632 1705 667 Johannis
1734 635 1885 679 episcopi
1912 633 2001 667 Pra-

142 703 271 745 gcnsis,
300 710 360 745 pro
389 703 466 732 tunc
494 697 535 731 ab
565 696 850 731 administratione
872 696 1037 740 suspensi,
1063 693 1291 727 confirmando
1315 697 1347 726 et
1371 692 1598 739 approbando,
1624 698 1655 726 et
1680 696 1706 727 si
1731 696 1804 739 quis
1830 696 1863 727 in
1882 693 2001 727 eadem

142 763 267 794 unione
295 771 355 794 seu
383 761 654 804 incorporatione
683 756 833 790 desectus
863 759 951 789 esset
980 765 1039 789 seu
1069 756 1184 788 vocari
1209 757 1333 799 posset,
1360 753 1447 787 hunc
1473 752 1513 786 de
1539 757 1673 787 vestrae
1694 756 1867 798 potestatis
1888 754 2002 799 pleni-

144 821 256 855 tudine
284 820 467 864 dignemini
495 818 672 864 supplere,
706 819 977 860 congnoscentes
1013 817 1214 857 certissime,
1250 813 1432 860 praefatam
1467 814 1644 848 ecclesiam
1672 814 1898 859 parochialem
1927 825 2002 848 cum

143 884 247 927 ipsius
276 880 413 926 capellis
442 882 593 914 situatam
622 881 655 911 in
684 876 785 910 fundo
823 876 901 910 dicti
937 878 1141 917 monasterii,
1177 879 1211 908 et
1247 877 1345 908 etiam
1374 877 1478 920 ipsum
1515 877 1752 909 monasterium
1783 885 1801 908 a
1829 877 2003 920 primaeva

143 944 246 987 ipsius
275 940 470 974 fundatione
498 942 531 972 in
560 936 747 982 hujusmodi
776 936 920 971 ecclesia
949 940 980 969 et
1009 935 1144 980 capellis
1170 937 1226 980 jus
1256 939 1450 981 patronatus
1478 933 1634 968 habuisse
1659 939 1692 968 et
1714 934 1850 969 habere.
1881 934 2003 969 Vestra

143 1005 284 1048 insuper
304 1003 393 1036 scire
412 1000 568 1045 dignetur
596 998 785 1040 clementia,
817 997 938 1030 dictum
967 999 1205 1030 monasterium
1235 1007 1280 1029 ex
1308 995 1452 1029 diversis
1479 998 1589 1030 causis
1615 995 1655 1029 ad
1679 999 1800 1029 tantam
1822 994 2003 1030 devenisse

143 1065 302 1108 inopiam,
341 1066 374 1095 et
410 1064 546 1107 propter
585 1058 769 1092 debitorum
805 1060 908 1103 ipsius
945 1059 1064 1101 gravia
1099 1067 1215 1092 onera,
1253 1055 1369 1102 quibus
1405 1055 1581 1100 obligatur,
1615 1058 1770 1089 continue
1808 1055 2004 1089 damnorum

144 1128 178 1157 et
207 1133 384 1157 usurarum
413 1120 625 1166 multiplicata
653 1121 819 1163 voragine
847 1121 880 1152 in
909 1122 1011 1162 tanto,
1045 1117 1131 1163 quod
1166 1119 1229 1150 nisi
1264 1117 1365 1150 celeri
1395 1116 1503 1150 eidem
1531 1120 1744 1150 succurratur
1772 1116 1932 1158 remedio,
1962 1115 2005 1150 ad

144 1187 332 1218 extremum
370 1182 605 1216 destructionis
644 1190 726 1214 suae
763 1179 932 1213 excidium
969 1177 1200 1212 miserabiliter
1239 1177 1429 1211 deducetur.
1474 1176 1569 1210 Unde
1606 1176 1728 1211 Vestra
1765 1176 1933 1211 Sanctitas
1970 1179 2004 1210 in

145 1246 339 1290 praemissis
374 1240 674 1288 supplicationilms
711 1240 794 1274 adeo
828 1239 1010 1284 benignam
1046 1250 1083 1273 se
1122 1238 1280 1272 exhibeat
1317 1243 1350 1272 et
1381 1240 1575 1282 gratiosam,
1611 1237 1696 1283 quod
1734 1237 1858 1271 exinde
1894 1237 2007 1271 valeat

146 1307 313 1350 respirare
341 1307 374 1337 et
401 1305 542 1348 pristino
572 1304 672 1336 statui
700 1300 892 1342 reformari;
920 1310 981 1345 per
1009 1298 1073 1333 hoc
1103 1301 1191 1332 enim
1220 1309 1272 1332 me
1300 1302 1420 1344 reputo
1449 1309 1467 1331 a
1496 1297 1618 1331 Vestra
1645 1297 1855 1331 Beatitudine
1883 1300 2006 1342 singu-

146 1365 259 1398 lariter
291 1363 506 1398 consolatam.
546 1361 729 1396 Personam
767 1365 913 1395 vestram
951 1362 1195 1395 sanctissimam
1229 1364 1411 1393 conservet
1445 1362 1654 1404 omnipotens
1689 1358 1770 1393 deus
1804 1359 2005 1403 longaevam

147 1430 181 1460 et
207 1425 406 1459 incolumem
435 1423 477 1457 ad
505 1425 657 1467 regimen
686 1422 851 1456 eeclesiae
881 1431 962 1455 suae
991 1425 1140 1454 sanctae.
1180 1419 1300 1453 Datum
1335 1419 1476 1464 Pragae,
1510 1418 1569 1452 XI.
1605 1418 1656 1452 die
1691 1421 1817 1453 mensis
1845 1417 2005 1453 octobris.

302 1485 385 1519 Item
405 1488 483 1530 peto
502 1483 678 1520 humiliter,
700 1481 786 1528 quod
807 1481 1017 1526 hujusmondi
1037 1481 1299 1527 supplicationes
1320 1483 1393 1515 sine
1413 1481 1476 1513 alia
1497 1483 1666 1514 transeant
1685 1479 1828 1513 lectione
1852 1483 1917 1514 etc.
1938 1483 2004 1513 etc.

458 1562 588 1597 (Palacky
612 1562 678 1587 uber
701 1561 916 1587 Formelbiicher
941 1561 960 1587 l.
986 1559 1141 1594 Lieseruug.
1167 1560 1195 1587 S.
1223 1559 1293 1585 350.
1320 1568 1345 1586 n.
1375 1558 1458 1591 153.)

1029 1705 1137 1740 308.

150 1786 376 1830 Sclzuldbrief
397 1786 457 1820 der
484 1785 622 1819 Brader
649 1796 714 1818 ron
743 1784 830 1828 [ἅμα
864 1795 909 1817 an
936 1784 1035 1817 einen
1064 1783 1200 1827 Praqer
1229 1782 1366 1827 Bequer
1391 1783 1449 1826 far
1477 1781 1755 1826 abqenommenes
1789 1780 1891 1815 Tuclt.
1922 1780 2005 1814 Dto.

466 1846 606 1890 Praqae
635 1847 788 1879 crastino
816 1845 862 1878 ad
887 1844 1026 1877 vincula
1053 1843 1150 1877 beata·
1176 1843 1278 1877 Petra·
1306 1843 1361 1885 (2.
1392 1844 1550 1887 Aequa-t)
1581 1841 1691 1875 1347.

307 1906 396 1958 Ros
431 1923 609 1963 Hem-icus
648 1923 699 1956 dei
736 1926 844 1967 gratia
883 1922 1050 1956 ecclesiae
1085 1921 1386 1966 wissegradensis
1422 1922 1646 1967 praepositu5,
1684 1924 1716 1953 et
1754 1919 1929 1953 Bertoldus
1967 1918 2009 1952 de

150 1985 230 2032 Lipa
259 1984 363 2018 frater
391 1987 507 2030 ipsius,
537 1994 684 2018 summus
712 1986 809 2028 regni
836 1982 1019 2016 Bohemiae
1052 1982 1295 2023 marschalcus‚
1331 1994 1370 2016 ae
1405 1981 1569 2015 Benesius
1601 1980 1641 2014 de
1669 1979 1872 2023 Mezerzicz,
1900 1990 2009 2014 reco-

150 2049 346 2091 gnoscimus
374 2049 492 2079 tenore
520 2047 745 2090 praesentium
776 2048 808 2077 et
837 2048 1008 2079 testamur,
1038 2043 1181 2088 provido
1217 2045 1290 2077 viro
1324 2042 1463 2076 Nicolao
1493 2034 1703 2083 Clementeri,
1739 2043 1805 2074 civi
1833 2040 2009 2086 Pragensi,

152 2111 185 2140 et
219 2109 288 2141 suis
322 2105 502 2139 heredibus
539 2107 572 2138 in
608 2109 738 2138 centum
773 2109 806 2138 et
838 2106 957 2149 viginti
992 2107 1175 2148 sexagenis
1213 2114 1409 2148 grossorum
1447 2102 1657 2136 denariorum
1692 2100 1912 2146 Pragensium
1948 2111 2010 2147 pro

150 2170 281 2212 pannis,
311 2165 351 2199 ad
380 2167 650 2199 corronationem
679 2164 807 2209 Pragae
836 2168 868 2198 in
898 2167 1051 2210 proximo
1080 2163 1316 2199 celebrandam
1351 2163 1436 2210 apud
1464 2173 1539 2196 eum
1566 2164 1724 2207 receptis,
1758 2161 1920 2196 debitorie
1947 2172 2010 2196 nos

152 2230 279 2269 teneri3
309 2230 341 2260 et
368 2237 443 2259 cum
472 2225 570 2259 modo
599 2224 739 2269 Pragam
768 2225 808 2259 ad
837 2227 1090 2259 coronationem
1119 2227 1323 2268 venerimus,
1353 2223 1473 2257 abinde
1501 2221 1590 2256 nullo
1618 2221 1715 2255 modo
1744 2221 1919 2266 recedere,
1945 2224 2011 2256 nisi

151 2290 243 2333 prius
271 2298 372 2332 super
408 2287 572 2320 solutione
609 2288 713 2331 ipsius
749 2285 848 2320 debiti
886 2297 960 2319 cum
998 2284 1116 2319 eodem
1144 2284 1284 2318 Nicolao
1322 2287 1382 2327 sic,
1421 2282 1507 2328 quod
1544 2281 1701 2316 benivole
1730 2286 1905 2316 contentus
1933 2292 2011 2316 esse

152 2348 276 2391 valeat,
305 2347 562 2390 concordemus,
592 2349 664 2381 sine
693 2346 840 2392 quolibet
868 2346 954 2380 malo
983 2345 1059 2379 dolo
1086 2345 1262 2379 insolidum
1288 2347 1505 2391 promittimus
1529 2341 1617 2376 bona
1639 2342 1718 2378 side,
1735 2342 1872 2385 Harum,
1893 2341 2010 2388 quibus

153 2408 263 2453 sigilla
283 2413 395 2441 nostra
415 2412 491 2442 sunt
511 2410 674 2454 apposita,
696 2407 884 2441 testimonio
905 2407 1099 2440 litterarum.
1130 2405 1249 2439 Datum
1271 2405 1401 2450 Pragae
1420 2405 1566 2437 crastino
1587 2403 1626 2436 ad
1647 2403 1781 2438 vincula
1801 2401 1889 2437 beati
1908 2401 2009 2436 Petri.

463 2486 593 2519 (Palacky'
616 2486 683 2512 uber
706 2485 916 2512 Formelbiielier
940 2485 959 2512 1.
985 2484 1139 2518 Liei‘erung.
1166 2484 1193 2512 S.
1221 2484 1291 2510 351.
1318 2493 1342 2510 n.
1372 2482 1455 2517 158.)
