2184 2828
1049 112 1094 146 53

152 232 353 277 derogandoq
376 243 433 265 seu
455 242 526 265 eam
547 231 629 265 fictis
649 235 681 264 et
701 231 912 265 mendacibus
933 229 1156 277 pervertendo
1176 232 1384 264 commentis.
1402 230 1441 263 ad
1458 241 1594 276 quorum
1616 233 1725 275 iniqua
1746 230 1988 264 consternenda

149 293 313 326 molimina
342 303 382 325 eo
412 294 593 325 animosius
630 295 827 337 aspiramus,
870 303 932 337 quo
967 294 999 325 in
1036 293 1217 324 animarum
1253 295 1399 335 stragem
1441 290 1623 325 huiusmodi
1665 291 1856 336 pestilentes
1898 294 1990 324 viros

151 355 369 399 perniciosius
398 355 613 397 agnoscimus
642 356 845 398 conspi1·a1·e‚
875 351 978 386 facies
1008 351 1136 397 quidem
1166 350 1326 385 habentes
1355 351 1520 394 diversas,
1549 357 1598 386 set
1626 352 1749 385 caudas
1778 352 1816 385 ad
1846 354 1989 385 invicem

148 413 328 457 colligatas.
359 416 434 458 quia
465 413 505 446 de
535 415 678 447 vanitate
707 417 911 446 conveniunt
940 416 969 446 in
999 413 1147 458 ldipsum.
1179 412 1268 445 Sane
1297 412 1446 446 dolentes
1475 415 1662 458 accepimus
1691 412 1775 458 quod
1797 415 1827 445 in
1849 412 1990 445 Civitate

148 485 186 507 ac
228 473 364 507 Diocesi
403 474 613 507 Olomucensi
648 473 731 506 adeo
767 474 913 507 heretice
948 473 1143 507 infidelitatis
1181 472 1402 506 diversimode
1437 484 1531 506 error
1566 474 1714 516 invaluit,
1750 473 1835 518 quod
1870 472 1989 505 ibidem
2035 467 2038 471 ’

148 534 374 580 quamplurimi
403 546 420 567 a
449 537 503 568 via
533 537 680 567 veritatis
709 546 844 579 prorsus
875 537 996 577 aversi,
1025 537 1162 567 cunctos
1192 537 1265 578 post
1291 533 1421 566 devium
1450 533 1610 570 falsitatis.
1640 546 1677 567 ac
1699 537 1828 579 seipsos
1849 533 1990 566 diversis

147 599 179 628 et
207 597 308 628 variis
342 594 514 628 heresibus
543 594 759 629 maculantes
789 594 962 640 pestiferas
991 594 1030 629 ad
1058 594 1309 628 concutiendum
1348 593 1534 628 orthodoxe
1564 606 1688 627 nnirum
1717 594 1791 627 {idei
1821 593 1989 627 machinas

146 659 349 697 construunt,
378 656 551 689 molientes
581 658 685 700 ipsam
715 655 878 689 fallacium
914 658 1233 700 argunientatiomun
1272 654 1395 689 dolosis
1430 654 1522 688 falsis
1556 659 1588 688 et
1622 656 1764 700 vulpinis
1799 653 1990 700 impulsibus

147 716 306 749 demoliri.
338 716 460 749 Verum
490 716 566 749 licet
593 715 728 749 ubilibet
756 716 845 749 sedis
875 717 1053 761 apostolice
1081 716 1247 760 diligentia
1277 720 1390 749 contra
1418 716 1526 748 talium
1548 716 1767 761 periculosam
1788 720 1820 749 et
1841 715 1989 749 dolosam

147 780 310 815 astutiam„
340 788 382 810 ne
411 776 557 810 diffusius
587 776 770 810 huiusmodi
805 782 915 822 serpat
951 776 1094 817 morbus„
1130 776 1310 810 remedium
1346 776 1484 809 libenter
1512 775 1666 809 adhibeat
1694 781 1923 822 opportunum.
1955 775 1990 808 In

147 837 301 882 predictis
336 842 443 871 tamen
479 836 620 871 Civitate
656 848 695 870 ac
736 837 869 870 Diocesi
904 841 1073 883 cupientes
1108 840 1207 871 anxie
1242 841 1276 870 ut
1313 840 1480 881 negotium
1516 837 1600 870 dicte
1635 836 1709 870 lidci
1746 839 1812 881 iugi
1840 835 1990 882 profectu

148 897 238 931 elisis
266 901 398 931 omnino
427 897 626 943 quibushbet
655 897 822 931 erroribus
863 902 894 931 et
929 897 1144 944 quarumlibet
1176 897 1331 931 heresum
1366 898 1540 931 eradicatis
1577 897 1732 943 vepribus
1761 897 1876 931 fortius
1905 908 1991 930 con-

147 958 306 997 valescat..
342 958 510 992 studemus
550 958 590 992 ad
625 958 687 992 hoc
721 970 784 992 nec
821 962 982 992 immerito
1018 970 1076 1004 per
1108 970 1169 992 nos
1204 963 1236 991 et
1270 959 1351 992 alios
1387 961 1540 992 attentius
1577 959 1727 1002 vigilare.
1784 957 1991 991 Providinius

147 1022 256 1064 itaque
285 1022 316 1052 in
347 1018 501 1065 predictis
531 1018 674 1053 Civitate
703 1031 741 1053 ac
769 1019 893 1052 diocesi
922 1020 1061 1065 aliquam
1089 1022 1360 1065 circumspectam
1390 1030 1565 1065 personam
1595 1019 1635 1052 ad
1664 1030 1803 1064 presens
1824 1030 1882 1064 pro
1903 1022 1992 1051 tanto

148 1082 282 1124 negotio
311 1079 471 1125 deputari„
501 1083 593 1114 cuius
622 1079 760 1113 honesta
789 1083 999 1113 conversatio
1028 1080 1215 1125 exemplum
1244 1080 1363 1113 tribuat
1390 1083 1549 1125 puritatis⁷
1571 1084 1602 1113 et
1638 1080 1819 1113 doctrinam
1856 1078 1991 1112 l'undant

151 1140 276 1173 erudita
307 1140 390 1173 labia
420 1141 610 1177 salutarem„
641 1145 673 1174 ut
701 1152 798 1174 sacro
833 1143 933 1186 ipsius
976 1143 1154 1174 ministerio
1189 1152 1228 1174 ac
1262 1141 1353 1185 vigili
1382 1140 1489 1174 studio
1526 1145 1557 1174 et
1585 1140 1791 1174 solicitudine
1820 1139 1991 1173 indefessa

149 1200 275 1234 Civitas
305 1205 336 1234 et
364 1201 529 1246 Dyocesis
558 1201 685 1247 prel'ate
714 1201 753 1235 ab
784 1201 967 1234 huiusmodi
994 1204 1105 1247 pravis
1131 1204 1291 1245 contagiis
1312 1204 1488 1235 assistente
1509 1201 1619 1235 divina
1641 1204 1754 1245 gracia
1775 1205 1990 1246 expurgetur.

147 1272 185 1294 ac
215 1261 289 1295 tidei
317 1262 479 1295 catholice
514 1265 600 1295 nitor
642 1262 872 1307 multiplicetur
905 1267 935 1295 et
970 1262 1125 1295 solidetur
1159 1262 1276 1296 ibidem
1313 1267 1346 1295 et
1379 1262 1499 1295 clarius
1529 1274 1568 1295 ac
1596 1262 1734 1295 lucidius
1764 1262 1931 1295 elucescat
1959 1263 1990 1293 in

147 1321 209 1356 Dei
239 1322 396 1356 honorem
427 1327 458 1355 et
486 1323 634 1356 eiusdem
664 1322 737 1356 fidei
766 1326 1003 1356 incrementum
1034 1322 1229 1356 soliditatem
1258 1328 1291 1356 et
1319 1327 1448 1358 statum.
1492 1322 1639 1368 Cumque
1668 1323 1708 1356 de
1738 1322 1911 1368 prudentie
1940 1326 1992 1354 tue

148 1383 318 1423 industriaq
350 1383 389 1417 de
419 1395 480 1429 qua
510 1383 604 1417 nobis
634 1396 651 1417 a
681 1383 743 1417 lide
763 1384 871 1428 dignis
891 1387 986 1417 etiam
1009 1387 1050 1416 tui
1071 1384 1192 1417 ordinis
1212 1383 1376 1417 laudabile
1397 1386 1616 1417 testimonium
1638 1383 1839 1429 perhibeam
1862 1382 1992 1428 plenam

147 1447 179 1477 in
222 1443 362 1478 Domino
405 1444 555 1477 liduciam
589 1444 780 1483 habeamusq
818 1456 993 1490 personam
1029 1449 1114 1477 tuam
1157 1444 1318 1489 elegimus
1362 1444 1402 1478 ad
1445 1444 1505 1478 hoc
1548 1447 1762 1478 ministerium
1806 1443 1993 1488 specialiter

148 1504 393 1550 exequendum„
423 1509 455 1538 et
484 1505 592 1539 debite
622 1516 660 1538 ac
690 1510 785 1551 prout
820 1508 896 1538 tanti
933 1508 1056 1549 negotii
1090 1508 1225 1551 requirit
1257 1505 1401 1539 arduitas
1437 1505 1623 1550 vigilanter„
1653 1509 1686 1538 et
1714 1505 1839 1538 solicite
1870 1514 1991 1549 prose-

148 1566 324 1610 quendum.
357 1566 521 1606 Quocirca
551 1566 738 1599 discretioni
768 1573 820 1599 tue
850 1577 907 1611 per
935 1566 1114 1611 apostolica
1142 1569 1261 1611 scripta
1292 1565 1352 1600 snb
1380 1570 1499 1600 virtute
1519 1570 1633 1600 sancte
1653 1565 1839 1599 obedientie
1860 1565 1993 1598 liriniter

147 1627 360 1672 precipiendo
397 1627 589 1661 mandamns
625 1630 656 1660 in
694 1630 921 1661 remissionem
965 1626 1018 1659 tihi
1061 1629 1288 1672 peccaminum
1329 1630 1550 1672 ininngentes.
1594 1631 1755 1672 quatenus
1795 1627 1992 1671 inquisitoris

147 1686 290 1720 ofliciuni
322 1690 350 1720 in
382 1687 536 1733 predictis
566 1686 708 1721 Civitate
737 1699 775 1721 ac
804 1687 937 1721 Dioccsi
973 1691 1086 1720 contra
1125 1686 1288 1721 hereticos
1324 1688 1511 1730 credentes,
1551 1688 1708 1721 fautores.
1739 1687 1933 1720 defensores
1962 1689 1993 1717 et

147 1752 372 1793 receptatores
401 1759 513 1781 eorum
544 1751 632 1781 iuxta
662 1748 799 1781 formam
829 1758 990 1781 canonum
1019 1752 1049 1780 et
1079 1751 1305 1782 auctoritatem
1335 1748 1489 1782 fratribus
1518 1749 1594 1782 dicti
1623 1751 1665 1782 tui
1694 1748 1818 1781 ordinis
1849 1747 1992 1792 Inquisi-

147 1807 271 1841 torihus
292 1807 475 1842 huiusmodi
497 1811 667 1854 pravitatis
688 1809 848 1854 deputatis
869 1808 908 1841 ab
929 1808 1107 1853 apostolica
1129 1808 1207 1842 sede
1227 1820 1436 1851 concessann
1458 1809 1597 1843 solerter
1612 1813 1643 1842 et
1658 1809 1783 1842 solicite
1800 1810 1991 1853 exequaris„

147 1872 178 1901 et
206 1871 232 1901 si
262 1869 360 1913 aliqui
390 1869 533 1902 heretica
564 1869 637 1902 labe
665 1873 795 1914 penitus
824 1869 970 1902 abiurata
1006 1868 1114 1901 redire
1149 1869 1312 1903 voluerint
1347 1869 1385 1903 ad
1422 1870 1567 1904 ecclesie
1595 1872 1764 1905 unitatcnn
1796 1872 1873 1914 ipsis
1902 1871 1990 1901 iuxta

148 1928 285 1962 formam
316 1929 461 1962 ecclesie
490 1942 528 1963 ac
557 1930 735 1963 secundum
767 1932 909 1963 instituta
945 1928 1069 1974 prefata
1104 1928 1299 1963 beneficium
1335 1929 1550 1964 absolutionis
1579 1930 1750 1976 impendas
1779 1934 1810 1963 et
1838 1932 1991 1972 iniungas

149 1992 196 2022 eis
225 2001 288 2035 que
317 1989 433 2023 talibus
468 1995 543 2024 sunt
576 1990 756 2024 secundum
792 1993 933 2024 instituta
970 1989 1153 2023 huiusmodi
1191 1991 1402 2035 iniungenda.
1459 1990 1528 2024 Nos
1564 1994 1649 2024 enim
1688 1995 1717 2023 te
1753 1990 1791 2023 ad
1828 1990 1990 2035 prefatum

149 2048 290 2083 officium
327 2050 557 2096 exequendum
592 2053 623 2084 in
660 2051 802 2084 Civitate
843 2062 882 2084 ac
919 2051 1054 2084 Diocesi
1093 2049 1229 2096 prefatis
1264 2051 1450 2096 specialiter
1488 2051 1639 2085 duximus
1676 2050 1907 2096 deputandunn
1951 2062 1990 2083 ac

148 2110 232 2142 illam
278 2115 470 2156 potestatem
518 2116 550 2144 et
595 2114 822 2145 auctoritatem
870 2111 991 2145 hahere
1043 2114 1073 2143 te
1119 2111 1270 2145 volumus
1315 2114 1346 2145 in
1389 2112 1529 2145 Civitate
1575 2124 1613 2145 ac
1660 2112 1792 2145 Diocesi
1839 2111 1991 2156 predictis

148 2181 211 2214 que
247 2169 400 2205 fratribus
435 2172 581 2205 eiusdem
623 2175 667 2205 tui
702 2172 826 2206 ordinis
862 2170 1109 2217 Inquisitorihus
1145 2173 1246 2216 ipsius
1290 2176 1458 2217 pravitatis
1496 2172 1639 2205 heretice
1673 2175 1702 2205 in
1739 2172 1810 2205 aliis
1846 2172 1924 2205 locis
1960 2176 1990 2205 et

148 2234 367 2277 pertinentiis
398 2235 428 2265 in
458 2232 574 2278 quibus
604 2233 689 2266 illam
719 2237 891 2270 exercenh
923 2234 1071 2265 noscitur
1098 2243 1176 2265 esse
1205 2243 1377 2273 concessa„
1408 2238 1438 2266 et
1465 2236 1495 2266 in
1517 2235 1748 2266 executionem
1769 2232 1989 2277 predictorum

147 2291 274 2337 plenam
306 2292 359 2324 tihi
389 2293 601 2326 concedimus
631 2297 717 2326 iuxta
755 2293 892 2327 sormam
928 2303 1089 2325 canonum
1127 2297 1241 2326 tenore
1277 2297 1477 2338 presentium
1514 2293 1712 2326 facultatem.
1768 2292 1808 2326 Et
1836 2295 1989 2338 quoniam

148 2355 400 2397 extirpationem
436 2353 654 2398 predictarum
692 2353 845 2387 heresum
882 2365 944 2398 que
980 2355 1009 2385 in
1052 2353 1113 2386 illis
1148 2352 1293 2398 partibus
1334 2354 1519 2399 periculose
1555 2353 1714 2398 pullulare
1755 2353 1915 2391 dicunturq
1959 2358 1991 2386 et

147 2415 386 2446 incrementum
417 2413 576 2447 catholice
605 2414 678 2447 sidei
709 2415 854 2447 zelamur
882 2425 922 2446 ex
954 2413 1064 2451 cordeq
1095 2413 1246 2446 volumus
1277 2418 1308 2447 et
1337 2415 1528 2447 mandamns
1558 2418 1590 2447 ut
1617 2414 1807 2458 frequenter
1835 2414 1875 2447 de
1904 2418 1989 2447 statu

148 2472 221 2506 fidei
257 2476 286 2506 in
324 2473 384 2505 illis⁴
420 2474 563 2518 partihus
603 2479 635 2507 et
676 2477 876 2508 executione
911 2477 952 2507 tui
990 2473 1088 2506 ol'l‘icii
1124 2485 1184 2506 nos
1223 2474 1398 2507 informare
1436 2486 1592 2520 procures
1628 2479 1662 2508 ut
1696 2478 1722 2508 si
1762 2486 1820 2521 per
1854 2486 1913 2508 nos
1949 2474 1986 2507 ad

149 2536 400 2578 extirpationem
431 2534 629 2578 prel'atarnm
660 2534 812 2569 heresum
843 2539 874 2567 ct
903 2534 1122 2567 hereticorum
1153 2534 1353 2567 credentium
1384 2534 1542 2567 fautorum
1573 2534 1783 2568 defensorum
1813 2539 1844 2567 et
1864 2546 1987 2580 recep-—

149 2597 286 2627 tatornm
317 2597 457 2639 ipsorum
488 2595 770 2629 conculcationem
799 2595 884 2628 alind
914 2594 1092 2628 remedium
1123 2594 1269 2628 adhiberi
1298 2599 1445 2639 oporteat
1476 2596 1643 2628 certificati
1673 2607 1732 2640 per
1761 2600 1791 2629 te
1820 2598 1985 2640 possimus
