2184 2828
987 119 1060 154 243

106 237 292 273 Vncowicz
330 248 373 272 ex
407 237 509 271 altera
545 241 654 283 parte.
690 236 873 271 accedente
908 236 1119 271 Honorabilis
1152 239 1215 270 viri
1251 236 1371 270 domini
1401 237 1487 271 Petri
1516 237 1605 272 Viss.
1635 237 1787 272 Ecclesie
1815 238 1943 275 decani.

106 301 221 343 vicarij
252 297 461 331 Venerabilis
491 297 615 340 Patris,
645 301 677 331 et
705 298 826 331 domini
862 301 963 332 nostri
999 298 1119 332 domini
1146 296 1309 331 Joliannis
1338 297 1495 344 Episcopi
1524 298 1755 333 Olomucensis
1782 302 1815 333 in
1844 303 1946 346 spiri-

105 358 246 394 tualibus
276 362 308 392 et
348 357 582 404 temporalibus
611 358 798 402 generalis,
834 368 1001 393 consensu
1035 362 1066 392 et
1094 369 1235 392 assensu
1272 358 1409 403 speciali
1438 363 1533 404 prout
1560 362 1592 393 in
1620 359 1722 393 literis
1752 363 1819 394 suis
1847 371 1946 406 super

106 430 146 453 eo
173 418 335 453 confectiS
364 419 492 464 plenius
521 421 724 454 continetur.
755 423 787 452 et
817 421 922 452 ceiam
950 422 982 453 in
1010 418 1114 453 forma
1135 421 1382 464 compromissi,
1414 421 1495 453 visis
1516 420 1632 454 auditis
1660 420 1834 456 intellectis
1859 431 1946 454 exa-

105 481 234 514 minatis
263 482 403 525 partium
433 478 558 513 iuribus
587 478 834 512 deliberacione
855 478 1025 513 nobiscum
1055 483 1087 513 et
1115 490 1188 513 cum
1209 482 1322 525 peritis
1352 479 1458 513 habita
1488 480 1634 524 diligenti
1664 492 1722 526 pro
1743 480 1828 514 bono
1857 485 1948 527 pacis

105 544 138 574 et
173 539 371 581 concordie,
409 551 453 573 ex
483 542 601 584 vigore
642 542 872 585 compromissi
901 540 1037 585 predicti
1065 539 1126 573 Dei
1154 543 1288 574 nomine
1317 542 1490 583 inuocato,
1529 541 1719 584 laudamus,
1758 541 1946 576 diffinimus.

104 599 314 642 arbitramur,
350 600 488 634 dicimus
527 604 623 645 atque
658 603 875 645 precipimus,
911 601 997 645 quod
1031 603 1103 646 ipse
1136 600 1287 634 dominus
1322 600 1487 634 llenricus
1525 601 1686 647 plebanus
1723 601 1879 636 Ecclesie
1914 606 1946 636 in

104 660 290 695 Vncowicz
325 661 493 707 predictus
529 665 561 694 et
596 660 730 705 quilibet
764 663 814 694 sui
850 672 1085 703 successores,
1120 666 1198 694 ante
1234 664 1342 695 omnia
1376 664 1479 707 ipsam
1516 665 1779 696 communitatem
1807 663 1885 697 ville
1914 666 1947 696 in

103 720 259 755 Rorbach
288 733 388 767 super
414 724 638 767 percepcione
666 721 836 766 plenarum
866 721 1065 755 decimarum
1093 724 1251 767 impetere
1279 725 1350 756 iure
1380 722 1433 755 vel
1462 721 1548 755 facto
1578 733 1642 755 non
1673 723 1813 757 debeant
1841 735 1948 770 neque

107 784 252 829 possint,
282 782 341 816 sed
369 785 486 828 pocius
523 784 594 827 ipse
632 781 783 815 dominus
813 781 975 816 Henricus
1004 787 1036 816 et
1069 785 1117 816 sui
1145 793 1364 817 successores
1401 782 1521 817 debent
1557 786 1731 829 percipere
1759 796 1777 817 a
1807 784 1949 829 quolibet

104 843 202 876 laneo
230 845 332 889 ipsius
361 842 437 876 uille
465 841 644 876 Robrbach
673 847 814 886 quatuor
842 847 998 877 metretas
1027 843 1182 888 siliginis,
1218 848 1251 877 et
1279 848 1418 888 quatuor
1448 848 1605 878 metretas
1634 855 1760 882 aucne,
1790 844 1948 879 Mcnsure

105 903 305 946 Brunensis,
334 903 412 937 boni
441 903 545 945 bladi,
575 902 661 948 quod
690 905 769 948 ipsis
799 902 918 936 ibidem
948 906 978 936 in
1008 903 1161 939 Rorbach
1190 906 1329 947 crescit,
1359 908 1389 937 et
1416 908 1505 949 ipsas
1527 915 1694 946 annonas,
1725 904 1784 938 sibi
1815 909 1948 952 suisque

104 963 358 999 successoribus
393 964 530 1010 predicti
567 963 716 997 homines
749 967 780 997 in
816 964 971 997 Rei-bach
1007 965 1138 998 soluere
1172 964 1310 999 dehent.
1347 964 1406 998 sub
1436 976 1520 1010 pena
1550 965 1637 1011 dupli
1667 968 1699 999 in
1728 965 1814 999 festo
1843 970 1947 1000 sancti

104 1024 284 1058 Michaelis.
340 1024 472 1058 Debent
500 1027 635 1070 insuper
663 1027 836 1070 percipere
865 1025 904 1057 de
933 1024 1078 1069 quolibet
1104 1025 1201 1059 laneo
1231 1028 1372 1059 minutas
1401 1025 1564 1062 decimas„
1603 1026 1778 1069 videlicet,
1810 1025 1947 1073 Canapi,

103 1085 260 1128 onerum,
289 1095 467 1130 agnorum,
498 1089 529 1118 et
549 1089 698 1118 antarum
728 1085 768 1118 de
788 1085 931 1130 qualibet
957 1088 1063 1119 eciam
1091 1086 1248 1119 curticula
1269 1086 1388 1120 ibidem
1418 1097 1518 1130 agros
1539 1085 1681 1120 habente
1703 1089 1775 1133 ipse
1795 1087 1946 1121 dominus

105 1146 271 1180 Henricus
300 1150 333 1180 et
360 1149 409 1179 sui
439 1156 658 1180 successores
687 1145 768 1179 duas
797 1150 950 1180 metretas
983 1146 1129 1192 predicte
1157 1146 1362 1180 Brunnensis
1392 1158 1563 1189 mensure,
1600 1158 1700 1180 vnam
1729 1148 1888 1193 siliginis,
1919 1153 1949 1182 et

105 1207 202 1241 aliam
231 1217 340 1241 auene
368 1211 528 1252 perpetuo
556 1209 757 1252 percipient,
788 1210 819 1240 et
848 1210 937 1252 ipsos
965 1207 1190 1241 curticularios
1219 1219 1236 1241 a
1267 1208 1438 1241 solucione
1468 1208 1604 1241 duorum
1633 1219 1811 1253 paruorum
1840 1209 1949 1243 dena-

105 1271 227 1302 riorum
256 1278 339 1314 quos
367 1270 431 1314 ipsi
461 1266 604 1301 Plebano
634 1267 804 1301 soluerunt
832 1267 952 1301 liberos
980 1267 1141 1302 dimittent
1168 1268 1371 1311 et‘solutos,
1402 1268 1482 1302 Item
1512 1269 1552 1302 de
1581 1268 1753 1303 nmialibus
1782 1272 1814 1303 in
1844 1281 1949 1315 quos-

104 1339 236 1374 cunque
269 1339 353 1362 vsus
388 1339 550 1362 conuersa
580 1328 703 1361 fuerint
737 1330 798 1373 ipsi
834 1328 966 1361 domino
1000 1328 1144 1362 Henrico
1185 1333 1216 1362 et
1256 1332 1325 1363 suis
1363 1329 1614 1363 suecessoribus
1651 1331 1766 1375 plenas
1802 1331 1948 1364 decimas

104 1389 343 1423 adiudicamus.
399 1389 485 1433 Agri
526 1399 610 1422 vero
647 1391 843 1422 rusticorum
879 1391 904 1422 si
942 1391 995 1434 qui
1032 1391 1129 1422 iuncti
1163 1394 1237 1423 sunt
1269 1391 1322 1424 uel
1355 1393 1568 1435 imposterum
1602 1392 1823 1435 pingerentur
1852 1391 1948 1425 Curie

105 1450 313 1484 dominorum
333 1449 528 1483 Mouasterii
547 1448 707 1483 Zarensis
736 1449 890 1494 predicti,
919 1460 1015 1494 quam
1045 1449 1167 1484 liabent
1194 1450 1313 1484 ibidem
1342 1454 1374 1484 in
1396 1450 1551 1484 Rei-bach
1572 1454 1657 1485 sicut
1677 1452 1729 1495 alij
1752 1454 1949 1485 rusticorum

105 1513 178 1556 agri
206 1510 325 1544 ibidem
354 1513 415 1556 ipsi
444 1510 575 1544 domino
597 1510 743 1543 llenrico
772 1514 804 1543 et
832 1512 899 1543 suis
919 1510 1171 1544 successoribus
1200 1511 1428 1548 decimabant.
1458 1512 1498 1545 de
1525 1515 1616 1555 agris
1645 1523 1726 1545 uero
1754 1516 1808 1557 qui
1836 1513 1949 1556 wlga-

104 1574 185 1605 riter
212 1574 383 1605 vinearum
413 1574 484 1615 agri
513 1575 545 1604 et
564 1570 674 1604 Vrber
701 1570 804 1604 acher
831 1575 1077 1616 nuncupantur,
1107 1574 1167 1616 ipsi
1204 1571 1336 1605 domino
1371 1571 1518 1606 Heni-ico
1547 1577 1580 1606 et
1608 1576 1676 1606 suis
1700 1573 1949 1607 successoribus

104 1631 210 1666 nullas
245 1631 392 1665 decimas
427 1631 670 1675 adjudicamus,
705 1634 780 1676 quia
815 1643 888 1665 cuin
926 1631 1044 1664 ibidem
1079 1634 1177 1665 vinee
1218 1631 1359 1666 fuissent
1394 1632 1571 1666 dominium
1610 1633 1755 1667 decimas
1788 1637 1948 1679 percepit,

104 1704 187 1739 quas
215 1695 322 1726 eciam
355 1695 386 1726 in
422 1695 562 1726 annonis
591 1704 650 1738 per
678 1692 844 1726 dominum
878 1692 1086 1725 decernimus
1114 1693 1355 1738 percipiendas.
1413 1693 1453 1727 Et
1481 1696 1556 1739 quia
1586 1693 1720 1727 arbitrio
1749 1705 1814 1728 non
1845 1699 1949 1728 statur

105 1756 166 1788 nisi
200 1758 289 1788 metu
316 1764 423 1799 pene,
458 1753 583 1787 idcirco
620 1756 723 1799 ipsum
759 1753 925 1787 arbitrium
964 1753 1018 1786 tali
1056 1764 1140 1798 pena
1176 1753 1341 1787 firmamus
1370 1758 1402 1787 et
1430 1754 1609 1797 vallamus,
1646 1755 1731 1800 quod
1760 1758 1947 1801 quicunque

105 1818 189 1849 inter
216 1818 326 1860 partes
355 1814 520 1860 predictas
557 1817 676 1848 nostris
711 1814 845 1848 arbitrio
880 1818 911 1847 et
947 1816 1238 1859 prouuncciacioni
1272 1817 1304 1848 in
1343 1819 1409 1848 toto
1439 1815 1491 1848 uel
1520 1819 1612 1860 parte
1640 1820 1729 1849 stare
1758 1816 1873 1858 nollet,
1904 1827 1947 1849 ex

106 1880 183 1909 tunc
210 1875 326 1909 nolens
355 1886 491 1909 seruare
520 1874 707 1917 arbitrium,
746 1878 916 1908 accionem
951 1886 1051 1907 cause
1085 1878 1118 1908 et
1151 1876 1254 1919 ipsam
1282 1886 1418 1909 causam
1448 1878 1581 1909 omnino
1610 1875 1724 1921 perdet
1753 1880 1783 1909 et
1812 1878 1946 1918 amittet,

107 1940 140 1969 et
167 1938 248 1981 paru
278 1938 383 1981 ipsun]
412 1935 581 1969 arbiuiuni
610 1938 755 1969 seruanti
792 1938 906 1980 xiguiu
942 1946 1073 1967 inarcas
1110 1946 1301 1978 grossoruui
1330 1936 1540 1969 deinuioruni
1569 1935 1728 1969 sslorainci
1760 1939 1947 1981 paganicum

107 1995 238 2030 soluere
279 1995 444 2029 tenebitur
480 2000 512 2030 et
548 1995 697 2038 debebit,
741 1996 842 2029 Saluo
880 1999 1117 2039 reseruatoque
1150 1995 1243 2029 nobis
1279 1995 1411 2030 arbitrio
1447 2001 1479 2030 et
1507 2001 1671 2042 potestate
1700 1997 1887 2029 declarandi
1916 2001 1948 2029 et

108 2056 342 2101 interpretandi
372 2068 472 2102 super
500 2056 674 2102 predictis,
707 2056 895 2102 vbicunque
924 2060 955 2089 et
983 2055 1246 2101 quandocunque
1275 2059 1382 2090 visum
1411 2056 1509 2090 suerit
1538 2057 1708 2102 expedire.
1752 2056 1866 2090 Latum
1895 2061 1946 2090 est

108 2116 289 2162 predustuui
324 2116 492 2150 arbssrnuu
528 2120 558 2150 in
595 2120 724 2162 scmpsss
755 2117 898 2162 parubus
935 2116 1142 2162 premwiubus
1170 2119 1203 2150 ni
1232 2117 1319 2150 nuno
1348 2117 1667 2155 conbuuficennbus,
1698 2117 1798 2151 ,inno
1827 2118 1948 2150 dounni

109 2175 283 2211 Millesimo
314 2176 565 2212 Trecentesimo
587 2177 977 2224 Quadragesimoprimo,
1008 2176 1197 2210 indiccione
1224 2188 1328 2221 noua,
1358 2178 1597 2223 quintadecima
1628 2178 1679 2211 dic
1708 2180 1830 2211 niensis
1859 2177 1947 2221 Julij,

107 2236 320 2271 Ponuneauus
355 2237 462 2271 SSun.
498 2237 602 2272 Panis
631 2242 663 2271 et
699 2238 839 2280 donnni,
878 2238 997 2270 donnni
1033 2236 1201 2270 Bencduai
1235 2237 1342 2271 dunna
1380 2238 1590 2283 1nznudonen1
1623 2238 1708 2283 Papc
1738 2237 1811 2271 XJL
1849 2238 1948 2272 inuno

109 2301 247 2344 sepUnui
277 2297 355 2330 hora
385 2301 477 2342 quasi
509 2310 743 2344 vesperaruui.
773 2301 804 2332 ni
834 2298 930 2331 doun»
961 2296 1168 2330 lb›norabssis
1205 2300 1265 2330 xiri
1303 2297 1451 2341 blagisUi
1484 2299 1660 2332 llernnnini
1691 2298 1808 2331 unwbci
1838 2299 1947 2332 arbNri

109 2360 332 2404 suprascripti.
389 2358 642 2393 Honorabilibus
671 2362 750 2393 viris
779 2359 917 2392 dominis
947 2358 1082 2391 Nicolao
1111 2358 1151 2390 de
1181 2357 1340 2401 llossicz,
1369 2359 1530 2403 Magistro
1553 2359 1694 2392 ilenrico
1715 2359 1755 2393 de
1776 2359 1947 2404 Cignliols.

109 2420 224 2453 Sancti
260 2418 344 2452 Petri
380 2421 410 2451 in
441 2418 566 2453 Bruna.
596 2424 627 2453 et
657 2419 815 2463 Magistro
846 2420 942 2452 l’etro
975 2418 1016 2452 de
1046 2418 1243 2452 Wocnstatli
1273 2419 1475 2453 Lubucensis
1506 2419 1728 2453 Ecclesiaruui
1759 2420 1947 2458 canonicis,

110 2479 246 2514 tesssbus
281 2478 504 2524 presentssius.
547 2484 580 2513 et
612 2480 683 2513 alus
721 2480 864 2526 plurssius
898 2479 1089 2523 lidedigzns.
1128 2478 1162 2512 Iu
1205 2489 1341 2523 ‹pioruxn
1378 2483 1520 2513 oninuini
1558 2483 1778 2514 tesuinoniuni
1810 2493 1947 2526 presens

110 2539 276 2574 arbitrium
311 2551 370 2585 per
404 2539 645 2585 iusi-ascriptum
681 2540 844 2586 publicum
880 2539 1047 2573 Notarium
1085 2539 1249 2573 conscribi
1285 2545 1316 2573 et
1345 2540 1525 2585 sigillorum
1556 2544 1741 2575 nostrorum
1772 2545 1948 2575 munimine

111 2600 264 2635 duximus
293 2603 497 2634 communiri.

1789 2660 1846 2689 31*
