<?xml version="1.0" encoding="UTF-8"?>
<!DOCTYPE html PUBLIC "-//W3C//DTD XHTML 1.0 Transitional//EN"
    "http://www.w3.org/TR/xhtml1/DTD/xhtml1-transitional.dtd">
<html xmlns="http://www.w3.org/1999/xhtml" xml:lang="en" lang="en">
 <head>
  <title>
</title>
<meta http-equiv="Content-Type" content="text/html;charset=utf-8" />
  <meta name='ocr-system' content='tesseract 3.04.00' />
  <meta name='ocr-capabilities' content='ocr_page ocr_carea ocr_par ocr_line ocrx_word'/>
</head>
<body>
  <div class='ocr_page' id='page_1' title='image "./codexdiplomaticu07morauoft_0871.png"; bbox 0 0 2184 2828; ppageno 0'>
   <div class='ocr_carea' id='block_1_1' title="bbox 939 94 1012 128">
    <p class='ocr_par' dir='ltr' id='par_1_1' title="bbox 939 94 1012 128">
     <span class='ocr_line' id='line_1_1' title="bbox 939 94 1012 128; baseline 0.014 -1"><span class='ocrx_word' id='word_1_1' title='bbox 939 94 1012 128; x_wconf 73' lang='lat'><em>745</em></span> 
     </span>
    </p>
   </div>
   <div class='ocr_carea' id='block_1_2' title="bbox 872 147 1019 150">
    <p class='ocr_par' dir='ltr' id='par_1_2' title="bbox 872 147 1019 150">
     <span class='ocr_line' id='line_1_2' title="bbox 872 147 1019 150; baseline 0 0"><span class='ocrx_word' id='word_1_2' title='bbox 872 147 1019 150; x_wconf 95' lang='lat' dir='ltr'><em> </em></span> 
     </span>
    </p>
   </div>
   <div class='ocr_carea' id='block_1_3' title="bbox 45 210 1916 2632">
    <p class='ocr_par' dir='ltr' id='par_1_3' title="bbox 45 210 1916 2632">
     <span class='ocr_line' id='line_1_3' title="bbox 47 210 1903 258; baseline -0.002 -9"><span class='ocrx_word' id='word_1_3' title='bbox 47 213 298 249; x_wconf 62' lang='lat' dir='ltr'><em>tributario</em></span> <span class='ocrx_word' id='word_1_4' title='bbox 326 211 541 247; x_wconf 64' lang='lat' dir='ltr'><em>alieuius.</em></span> <span class='ocrx_word' id='word_1_5' title='bbox 601 210 750 253; x_wconf 77' lang='lat' dir='ltr'><em>Quilibet</em></span> <span class='ocrx_word' id='word_1_6' title='bbox 778 211 876 246; x_wconf 74' lang='lat' dir='ltr'><em>liomo</em></span> <span class='ocrx_word' id='word_1_7' title='bbox 904 213 978 245; x_wconf 88' lang='lat' dir='ltr'><em>siue</em></span> <span class='ocrx_word' id='word_1_8' title='bbox 1005 211 1118 244; x_wconf 85' lang='lat' dir='ltr'><em>iudice</em></span> <span class='ocrx_word' id='word_1_9' title='bbox 1153 213 1188 244; x_wconf 87' lang='lat' dir='ltr'><em>et</em></span> <span class='ocrx_word' id='word_1_10' title='bbox 1217 212 1340 243; x_wconf 86' lang='lat' dir='ltr'><em>iuratis</em></span> <span class='ocrx_word' id='word_1_11' title='bbox 1374 213 1405 244; x_wconf 90' lang='lat' dir='ltr'><em>in</em></span> <span class='ocrx_word' id='word_1_12' title='bbox 1441 223 1504 245; x_wconf 86' lang='lat' dir='ltr'><em>sua</em></span> <span class='ocrx_word' id='word_1_13' title='bbox 1533 212 1727 246; x_wconf 72' lang='lat' dir='ltr'><em>hereditate</em></span> <span class='ocrx_word' id='word_1_14' title='bbox 1752 215 1903 258; x_wconf 63' lang='lat' dir='ltr'><em>pignora</em></span> 
     </span>
     <span class='ocr_line' id='line_1_4' title="bbox 48 269 1906 317; baseline 0 -11"><span class='ocrx_word' id='word_1_15' title='bbox 48 274 202 317; x_wconf 88' lang='lat' dir='ltr'><em>recipiet.</em></span> <span class='ocrx_word' id='word_1_16' title='bbox 241 271 284 305; x_wconf 87' lang='lat' dir='ltr'><em>Si</em></span> <span class='ocrx_word' id='word_1_17' title='bbox 310 274 422 304; x_wconf 88' lang='lat' dir='ltr'><em>autem</em></span> <span class='ocrx_word' id='word_1_18' title='bbox 459 269 664 305; x_wconf 85' lang='lat' dir='ltr'><em>tributarius</em></span> <span class='ocrx_word' id='word_1_19' title='bbox 698 272 832 305; x_wconf 69' lang='lat' dir='ltr'><em>vadium</em></span> <span class='ocrx_word' id='word_1_20' title='bbox 865 272 1031 306; x_wconf 79' lang='lat' dir='ltr'><em>redimere</em></span> <span class='ocrx_word' id='word_1_21' title='bbox 1059 271 1220 313; x_wconf 87' lang='lat' dir='ltr'><em>noluerit,</em></span> <span class='ocrx_word' id='word_1_22' title='bbox 1250 271 1403 305; x_wconf 88' lang='lat' dir='ltr'><em>dominns</em></span> <span class='ocrx_word' id='word_1_23' title='bbox 1431 273 1538 306; x_wconf 85' lang='lat' dir='ltr'><em>iudici</em></span> <span class='ocrx_word' id='word_1_24' title='bbox 1563 277 1599 306; x_wconf 89' lang='lat' dir='ltr'><em>et</em></span> <span class='ocrx_word' id='word_1_25' title='bbox 1626 275 1684 307; x_wconf 44' lang='lat' dir='ltr'><em>&#39;cni</em></span> <span class='ocrx_word' id='word_1_26' title='bbox 1716 275 1906 308; x_wconf 87' lang='lat' dir='ltr'><em>iuratorum</em></span> 
     </span>
     <span class='ocr_line' id='line_1_5' title="bbox 47 330 1907 378; baseline 0.001 -12"><span class='ocrx_word' id='word_1_27' title='bbox 47 334 226 378; x_wconf 62' lang='lat' dir='ltr'><em>significet,</em></span> <span class='ocrx_word' id='word_1_28' title='bbox 255 342 293 365; x_wconf 87' lang='lat' dir='ltr'><em>se</em></span> <span class='ocrx_word' id='word_1_29' title='bbox 317 342 383 375; x_wconf 86' lang='lat' dir='ltr'><em>pro</em></span> <span class='ocrx_word' id='word_1_30' title='bbox 413 330 479 364; x_wconf 85' lang='lat' dir='ltr'><em>tali</em></span> <span class='ocrx_word' id='word_1_31' title='bbox 506 342 608 364; x_wconf 88' lang='lat' dir='ltr'><em>censu</em></span> <span class='ocrx_word' id='word_1_32' title='bbox 642 332 713 365; x_wconf 84' lang='lat' dir='ltr'><em>tale</em></span> <span class='ocrx_word' id='word_1_33' title='bbox 749 333 884 366; x_wconf 74' lang='lat' dir='ltr'><em>radium</em></span> <span class='ocrx_word' id='word_1_34' title='bbox 919 334 1102 377; x_wconf 74' lang='lat' dir='ltr'><em>recepisse,</em></span> <span class='ocrx_word' id='word_1_35' title='bbox 1139 335 1173 365; x_wconf 88' lang='lat' dir='ltr'><em>et</em></span> <span class='ocrx_word' id='word_1_36' title='bbox 1208 335 1335 365; x_wconf 68' lang='lat' dir='ltr'><em>eattunc</em></span> <span class='ocrx_word' id='word_1_37' title='bbox 1365 332 1471 367; x_wconf 82' lang='lat' dir='ltr'><em>libere</em></span> <span class='ocrx_word' id='word_1_38' title='bbox 1499 334 1641 376; x_wconf 69' lang='lat' dir='ltr'><em>vendat,</em></span> <span class='ocrx_word' id='word_1_39' title='bbox 1672 334 1730 367; x_wconf 87' lang='lat' dir='ltr'><em>uel</em></span> <span class='ocrx_word' id='word_1_40' title='bbox 1756 335 1801 368; x_wconf 86' lang='lat' dir='ltr'><em>ad</em></span> <span class='ocrx_word' id='word_1_41' title='bbox 1827 346 1907 368; x_wconf 73' lang='lat' dir='ltr'><em>rsus</em></span> 
     </span>
     <span class='ocr_line' id='line_1_6' title="bbox 47 391 1903 439; baseline 0.001 -12"><span class='ocrx_word' id='word_1_42' title='bbox 47 404 127 428; x_wconf 85' lang='lat' dir='ltr'><em>suos</em></span> <span class='ocrx_word' id='word_1_43' title='bbox 155 395 358 434; x_wconf 76' lang='lat' dir='ltr'><em>conuertat,</em></span> <span class='ocrx_word' id='word_1_44' title='bbox 387 395 421 425; x_wconf 88' lang='lat' dir='ltr'><em>et</em></span> <span class='ocrx_word' id='word_1_45' title='bbox 450 391 513 425; x_wconf 80' lang='lat' dir='ltr'><em>hoc</em></span> <span class='ocrx_word' id='word_1_46' title='bbox 542 403 584 425; x_wconf 88' lang='lat' dir='ltr'><em>ea</em></span> <span class='ocrx_word' id='word_1_47' title='bbox 614 392 654 426; x_wconf 88' lang='lat' dir='ltr'><em>de</em></span> <span class='ocrx_word' id='word_1_48' title='bbox 682 404 790 426; x_wconf 85' lang='lat' dir='ltr'><em>causa</em></span> <span class='ocrx_word' id='word_1_49' title='bbox 823 396 858 426; x_wconf 90' lang='lat' dir='ltr'><em>ut</em></span> <span class='ocrx_word' id='word_1_50' title='bbox 886 394 918 426; x_wconf 85' lang='lat' dir='ltr'><em>si</em></span> <span class='ocrx_word' id='word_1_51' title='bbox 940 397 1021 438; x_wconf 88' lang='lat' dir='ltr'><em>post</em></span> <span class='ocrx_word' id='word_1_52' title='bbox 1058 393 1209 437; x_wconf 87' lang='lat' dir='ltr'><em>elapsum</em></span> <span class='ocrx_word' id='word_1_53' title='bbox 1240 394 1402 437; x_wconf 87' lang='lat' dir='ltr'><em>temporis</em></span> <span class='ocrx_word' id='word_1_54' title='bbox 1431 393 1637 428; x_wconf 84' lang='lat' dir='ltr'><em>tributarius</em></span> <span class='ocrx_word' id='word_1_55' title='bbox 1669 406 1734 439; x_wconf 88' lang='lat' dir='ltr'><em>pro</em></span> <span class='ocrx_word' id='word_1_56' title='bbox 1770 397 1903 429; x_wconf 82' lang='lat' dir='ltr'><em>maiore</em></span> 
     </span>
     <span class='ocr_line' id='line_1_7' title="bbox 45 452 1907 500; baseline 0.001 -13"><span class='ocrx_word' id='word_1_57' title='bbox 45 455 190 499; x_wconf 65' lang='lat' dir='ltr'><em>pignore</em></span> <span class='ocrx_word' id='word_1_58' title='bbox 217 455 278 486; x_wconf 86' lang='lat' dir='ltr'><em>aut</em></span> <span class='ocrx_word' id='word_1_59' title='bbox 307 452 426 486; x_wconf 80' lang='lat' dir='ltr'><em>calore</em></span> <span class='ocrx_word' id='word_1_60' title='bbox 454 452 618 486; x_wconf 89' lang='lat' dir='ltr'><em>dominum</em></span> <span class='ocrx_word' id='word_1_61' title='bbox 648 454 812 497; x_wconf 88' lang='lat' dir='ltr'><em>impetere</em></span> <span class='ocrx_word' id='word_1_62' title='bbox 841 454 995 490; x_wconf 78' lang='lat' dir='ltr'><em>coluerit.</em></span> <span class='ocrx_word' id='word_1_63' title='bbox 1011 465 1077 498; x_wconf 90' lang='lat' dir='ltr'><em>per</em></span> <span class='ocrx_word' id='word_1_64' title='bbox 1104 453 1245 487; x_wconf 86' lang='lat' dir='ltr'><em>iudicem</em></span> <span class='ocrx_word' id='word_1_65' title='bbox 1276 457 1310 487; x_wconf 82' lang='lat' dir='ltr'><em>et</em></span> <span class='ocrx_word' id='word_1_66' title='bbox 1338 455 1484 487; x_wconf 85' lang='lat' dir='ltr'><em>iuratum</em></span> <span class='ocrx_word' id='word_1_67' title='bbox 1515 466 1653 489; x_wconf 88' lang='lat' dir='ltr'><em>causam</em></span> <span class='ocrx_word' id='word_1_68' title='bbox 1682 467 1776 489; x_wconf 88' lang='lat' dir='ltr'><em>suam</em></span> <span class='ocrx_word' id='word_1_69' title='bbox 1794 458 1907 500; x_wconf 87' lang='lat' dir='ltr'><em>possit</em></span> 
     </span>
     <span class='ocr_line' id='line_1_8' title="bbox 49 512 1907 558; baseline 0.001 -10"><span class='ocrx_word' id='word_1_70' title='bbox 49 513 287 548; x_wconf 78' lang='lat' dir='ltr'><em>anniclzillare.</em></span> <span class='ocrx_word' id='word_1_71' title='bbox 344 512 429 546; x_wconf 88' lang='lat' dir='ltr'><em>Item</em></span> <span class='ocrx_word' id='word_1_72' title='bbox 458 514 491 546; x_wconf 90' lang='lat' dir='ltr'><em>si</em></span> <span class='ocrx_word' id='word_1_73' title='bbox 517 513 721 547; x_wconf 86' lang='lat' dir='ltr'><em>tributarius</em></span> <span class='ocrx_word' id='word_1_74' title='bbox 751 518 822 547; x_wconf 86' lang='lat' dir='ltr'><em>tres</em></span> <span class='ocrx_word' id='word_1_75' title='bbox 855 525 976 548; x_wconf 84' lang='lat' dir='ltr'><em>census</em></span> <span class='ocrx_word' id='word_1_76' title='bbox 1005 515 1088 548; x_wconf 90' lang='lat' dir='ltr'><em>dare</em></span> <span class='ocrx_word' id='word_1_77' title='bbox 1116 514 1329 558; x_wconf 49' lang='lat' dir='ltr'><em>neglexerit,</em></span> <span class='ocrx_word' id='word_1_78' title='bbox 1366 514 1406 547; x_wconf 86' lang='lat' dir='ltr'><em>de</em></span> <span class='ocrx_word' id='word_1_79' title='bbox 1435 514 1628 549; x_wconf 79' lang='lat' dir='ltr'><em>hereditate</em></span> <span class='ocrx_word' id='word_1_80' title='bbox 1662 527 1726 550; x_wconf 85' lang='lat' dir='ltr'><em>sua</em></span> <span class='ocrx_word' id='word_1_81' title='bbox 1754 516 1907 550; x_wconf 87' lang='lat' dir='ltr'><em>dominus</em></span> 
     </span>
     <span class='ocr_line' id='line_1_9' title="bbox 46 573 1905 619; baseline 0.001 -10"><span class='ocrx_word' id='word_1_82' title='bbox 46 586 84 609; x_wconf 89' lang='lat' dir='ltr'><em>se</em></span> <span class='ocrx_word' id='word_1_83' title='bbox 100 573 206 608; x_wconf 88' lang='lat' dir='ltr'><em>libere</em></span> <span class='ocrx_word' id='word_1_84' title='bbox 222 575 424 608; x_wconf 86' lang='lat' dir='ltr'><em>intromitat.</em></span> <span class='ocrx_word' id='word_1_85' title='bbox 446 573 490 607; x_wconf 71' lang='lat' dir='ltr'><em>Se·</em></span> <span class='ocrx_word' id='word_1_86' title='bbox 503 585 584 607; x_wconf 87' lang='lat' dir='ltr'><em>uero</em></span> <span class='ocrx_word' id='word_1_87' title='bbox 607 574 759 619; x_wconf 75' lang='lat' dir='ltr'><em>leqitima</em></span> <span class='ocrx_word' id='word_1_88' title='bbox 781 578 874 608; x_wconf 85' lang='lat' dir='ltr'><em>terre</em></span> <span class='ocrx_word' id='word_1_89' title='bbox 895 577 1084 609; x_wconf 72' lang='lat' dir='ltr'><em>necessitas</em></span> <span class='ocrx_word' id='word_1_90' title='bbox 1106 574 1325 608; x_wconf 86' lang='lat' dir='ltr'><em>tributarium</em></span> <span class='ocrx_word' id='word_1_91' title='bbox 1341 575 1528 619; x_wconf 71' lang='lat' dir='ltr'><em>fuqauerit,</em></span> <span class='ocrx_word' id='word_1_92' title='bbox 1551 577 1703 611; x_wconf 90' lang='lat' dir='ltr'><em>dominus</em></span> <span class='ocrx_word' id='word_1_93' title='bbox 1724 577 1905 611; x_wconf 87' lang='lat' dir='ltr'><em>secundum</em></span> 
     </span>
     <span class='ocr_line' id='line_1_10' title="bbox 45 634 1905 682; baseline 0.002 -14"><span class='ocrx_word' id='word_1_94' title='bbox 45 636 211 681; x_wconf 64' lang='lat' dir='ltr'><em>graciam,</em></span> <span class='ocrx_word' id='word_1_95' title='bbox 233 638 267 668; x_wconf 90' lang='lat' dir='ltr'><em>et</em></span> <span class='ocrx_word' id='word_1_96' title='bbox 286 636 396 668; x_wconf 85' lang='lat' dir='ltr'><em>anime</em></span> <span class='ocrx_word' id='word_1_97' title='bbox 424 636 663 668; x_wconf 86' lang='lat' dir='ltr'><em>necessitatem</em></span> <span class='ocrx_word' id='word_1_98' title='bbox 684 639 717 668; x_wconf 86' lang='lat' dir='ltr'><em>et</em></span> <span class='ocrx_word' id='word_1_99' title='bbox 742 634 926 680; x_wconf 89' lang='lat' dir='ltr'><em>proborum</em></span> <span class='ocrx_word' id='word_1_100' title='bbox 950 638 1097 670; x_wconf 77' lang='lat' dir='ltr'><em>rirorum</em></span> <span class='ocrx_word' id='word_1_101' title='bbox 1117 635 1292 669; x_wconf 86' lang='lat' dir='ltr'><em>consilium</em></span> <span class='ocrx_word' id='word_1_102' title='bbox 1314 647 1387 669; x_wconf 84' lang='lat' dir='ltr'><em>cum</em></span> <span class='ocrx_word' id='word_1_103' title='bbox 1416 636 1600 670; x_wconf 84' lang='lat' dir='ltr'><em>tributario</em></span> <span class='ocrx_word' id='word_1_104' title='bbox 1621 637 1905 682; x_wconf 76' lang='lat' dir='ltr'><em>complanabitur.</em></span> 
     </span>
     <span class='ocr_line' id='line_1_11' title="bbox 49 695 1906 742; baseline -0.001 -8"><span class='ocrx_word' id='word_1_105' title='bbox 49 697 120 734; x_wconf 77' lang='lat' dir='ltr'><em>De</em></span> <span class='ocrx_word' id='word_1_106' title='bbox 148 697 310 733; x_wconf 60' lang='lat' dir='ltr'><em>iudeis.</em></span> <span class='ocrx_word' id='word_1_107' title='bbox 365 695 487 729; x_wconf 70' lang='lat' dir='ltr'><em>Nullus</em></span> <span class='ocrx_word' id='word_1_108' title='bbox 508 696 681 729; x_wconf 83' lang='lat' dir='ltr'><em>iudeorum</em></span> <span class='ocrx_word' id='word_1_109' title='bbox 711 698 742 729; x_wconf 86' lang='lat' dir='ltr'><em>in</em></span> <span class='ocrx_word' id='word_1_110' title='bbox 769 696 988 741; x_wconf 80' lang='lat' dir='ltr'><em>parascleene</em></span> <span class='ocrx_word' id='word_1_111' title='bbox 1007 696 1187 742; x_wconf 73' lang='lat' dir='ltr'><em>quidquam</em></span> <span class='ocrx_word' id='word_1_112' title='bbox 1216 697 1457 730; x_wconf 71' lang='lat' dir='ltr'><em>communionis</em></span> <span class='ocrx_word' id='word_1_113' title='bbox 1478 709 1550 730; x_wconf 87' lang='lat' dir='ltr'><em>cum</em></span> <span class='ocrx_word' id='word_1_114' title='bbox 1579 699 1756 732; x_wconf 74' lang='lat' dir='ltr'><em>cristianis</em></span> <span class='ocrx_word' id='word_1_115' title='bbox 1776 698 1906 732; x_wconf 76' lang='lat' dir='ltr'><em>habere</em></span> 
     </span>
     <span class='ocr_line' id='line_1_12' title="bbox 50 755 1908 804; baseline 0.001 -13"><span class='ocrx_word' id='word_1_116' title='bbox 50 762 186 792; x_wconf 87' lang='lat' dir='ltr'><em>tenetur</em></span> <span class='ocrx_word' id='word_1_117' title='bbox 214 760 286 791; x_wconf 90' lang='lat' dir='ltr'><em>toto</em></span> <span class='ocrx_word' id='word_1_118' title='bbox 315 756 380 790; x_wconf 88' lang='lat' dir='ltr'><em>die.</em></span> <span class='ocrx_word' id='word_1_119' title='bbox 428 755 476 789; x_wconf 79' lang='lat' dir='ltr'><em>Et</em></span> <span class='ocrx_word' id='word_1_120' title='bbox 505 758 537 789; x_wconf 81' lang='lat' dir='ltr'><em>si</em></span> <span class='ocrx_word' id='word_1_121' title='bbox 563 756 688 801; x_wconf 89' lang='lat' dir='ltr'><em>aliquis</em></span> <span class='ocrx_word' id='word_1_122' title='bbox 717 757 890 791; x_wconf 88' lang='lat' dir='ltr'><em>iudeorum</em></span> <span class='ocrx_word' id='word_1_123' title='bbox 919 769 992 791; x_wconf 75' lang='lat' dir='ltr'><em>eum</em></span> <span class='ocrx_word' id='word_1_124' title='bbox 1021 759 1190 791; x_wconf 88' lang='lat' dir='ltr'><em>cristiana</em></span> <span class='ocrx_word' id='word_1_125' title='bbox 1224 757 1360 791; x_wconf 79' lang='lat' dir='ltr'><em>uzulieri</em></span> <span class='ocrx_word' id='word_1_126' title='bbox 1386 757 1604 792; x_wconf 87' lang='lat' dir='ltr'><em>adulteratus</em></span> <span class='ocrx_word' id='word_1_127' title='bbox 1629 761 1757 803; x_wconf 75' lang='lat' dir='ltr'><em>fuerit,</em></span> <span class='ocrx_word' id='word_1_128' title='bbox 1788 763 1908 804; x_wconf 85' lang='lat' dir='ltr'><em>raptus</em></span> 
     </span>
     <span class='ocr_line' id='line_1_13' title="bbox 49 816 1909 862; baseline 0.001 -10"><span class='ocrx_word' id='word_1_129' title='bbox 49 823 83 852; x_wconf 83' lang='lat' dir='ltr'><em>et</em></span> <span class='ocrx_word' id='word_1_130' title='bbox 111 817 239 852; x_wconf 78' lang='lat' dir='ltr'><em>detobus</em></span> <span class='ocrx_word' id='word_1_131' title='bbox 267 818 350 851; x_wconf 67' lang='lat' dir='ltr'><em>ciris</em></span> <span class='ocrx_word' id='word_1_132' title='bbox 379 818 567 861; x_wconf 47' lang='lat' dir='ltr'><em>conuictus,</em></span> <span class='ocrx_word' id='word_1_133' title='bbox 598 816 695 850; x_wconf 86' lang='lat' dir='ltr'><em>ambo</em></span> <span class='ocrx_word' id='word_1_134' title='bbox 724 819 796 850; x_wconf 80' lang='lat' dir='ltr'><em>riui</em></span> <span class='ocrx_word' id='word_1_135' title='bbox 820 818 1045 862; x_wconf 75' lang='lat' dir='ltr'><em>sepeliantur.</em></span> <span class='ocrx_word' id='word_1_136' title='bbox 1076 817 1195 852; x_wconf 85' lang='lat' dir='ltr'><em>Simile</em></span> <span class='ocrx_word' id='word_1_137' title='bbox 1220 820 1285 862; x_wconf 81' lang='lat' dir='ltr'><em>siat</em></span> <span class='ocrx_word' id='word_1_138' title='bbox 1305 819 1338 851; x_wconf 78' lang='lat' dir='ltr'><em>si</em></span> <span class='ocrx_word' id='word_1_139' title='bbox 1364 819 1551 852; x_wconf 73' lang='lat' dir='ltr'><em>cristianus</em></span> <span class='ocrx_word' id='word_1_140' title='bbox 1580 831 1651 852; x_wconf 86' lang='lat' dir='ltr'><em>cum</em></span> <span class='ocrx_word' id='word_1_141' title='bbox 1680 820 1781 854; x_wconf 85' lang='lat' dir='ltr'><em>iudea</em></span> <span class='ocrx_word' id='word_1_142' title='bbox 1812 832 1909 854; x_wconf 88' lang='lat' dir='ltr'><em>com-</em></span> 
     </span>
     <span class='ocr_line' id='line_1_14' title="bbox 48 878 1910 931; baseline 0.003 -19"><span class='ocrx_word' id='word_1_143' title='bbox 48 882 244 921; x_wconf 74' lang='lat' dir='ltr'><em>misceatur,</em></span> <span class='ocrx_word' id='word_1_144' title='bbox 274 881 308 912; x_wconf 87' lang='lat' dir='ltr'><em>et</em></span> <span class='ocrx_word' id='word_1_145' title='bbox 337 880 458 922; x_wconf 85' lang='lat' dir='ltr'><em>raptus</em></span> <span class='ocrx_word' id='word_1_146' title='bbox 487 879 713 911; x_wconf 80' lang='lat' dir='ltr'><em>conm&#39;ncatur</em></span> <span class='ocrx_word' id='word_1_147' title='bbox 739 889 804 911; x_wconf 61' lang='grc' dir='ltr'><em>ϋηο</em></span> <span class='ocrx_word' id='word_1_148' title='bbox 834 880 1001 913; x_wconf 85' lang='lat' dir='ltr'><em>cristiano</em></span> <span class='ocrx_word' id='word_1_149' title='bbox 1030 882 1064 912; x_wconf 91' lang='lat' dir='ltr'><em>et</em></span> <span class='ocrx_word' id='word_1_150' title='bbox 1092 878 1220 913; x_wconf 76' lang='lat' dir='ltr'><em>ditobus</em></span> <span class='ocrx_word' id='word_1_151' title='bbox 1248 879 1368 913; x_wconf 84' lang='lat' dir='ltr'><em>iudeis.</em></span> <span class='ocrx_word' id='word_1_152' title='bbox 1426 880 1498 916; x_wconf 81' lang='lat' dir='ltr'><em>De</em></span> <span class='ocrx_word' id='word_1_153' title='bbox 1522 879 1667 931; x_wconf 73' lang='lat' dir='ltr'><em>falsis</em></span> <span class='ocrx_word' id='word_1_154' title='bbox 1694 883 1910 918; x_wconf 67' lang='lat' dir='ltr'><em>‹lenm-its</em></span> 
     </span>
     <span class='ocr_line' id='line_1_15' title="bbox 47 937 1908 986; baseline 0 -11"><span class='ocrx_word' id='word_1_155' title='bbox 47 939 361 986; x_wconf 57' lang='lat' dir='ltr'><em>deprehensis.</em></span> <span class='ocrx_word' id='word_1_156' title='bbox 416 937 460 971; x_wconf 80' lang='lat' dir='ltr'><em>Si</em></span> <span class='ocrx_word' id='word_1_157' title='bbox 486 937 612 983; x_wconf 79' lang='lat' dir='ltr'><em>aliquis</em></span> <span class='ocrx_word' id='word_1_158' title='bbox 651 940 797 972; x_wconf 65' lang='lat' dir='ltr'><em>virorum</em></span> <span class='ocrx_word' id='word_1_159' title='bbox 829 940 885 973; x_wconf 89' lang='lat' dir='ltr'><em>uel</em></span> <span class='ocrx_word' id='word_1_160' title='bbox 922 940 1097 974; x_wconf 76' lang='lat' dir='ltr'><em>mulierum</em></span> <span class='ocrx_word' id='word_1_161' title='bbox 1133 952 1205 974; x_wconf 89' lang='lat' dir='ltr'><em>cum</em></span> <span class='ocrx_word' id='word_1_162' title='bbox 1240 940 1343 983; x_wconf 83' lang='lat' dir='ltr'><em>falsis</em></span> <span class='ocrx_word' id='word_1_163' title='bbox 1372 941 1525 974; x_wconf 83' lang='lat' dir='ltr'><em>denariis</em></span> <span class='ocrx_word' id='word_1_164' title='bbox 1554 941 1843 985; x_wconf 66' lang='lat' dir='ltr'><em>deprehendatur,</em></span> <span class='ocrx_word' id='word_1_165' title='bbox 1874 945 1908 976; x_wconf 82' lang='lat' dir='ltr'><em>et</em></span> 
     </span>
     <span class='ocr_line' id='line_1_16' title="bbox 47 999 1908 1048; baseline 0 -13"><span class='ocrx_word' id='word_1_166' title='bbox 47 1012 163 1035; x_wconf 89' lang='lat' dir='ltr'><em>coram</em></span> <span class='ocrx_word' id='word_1_167' title='bbox 191 999 301 1033; x_wconf 82' lang='lat' dir='ltr'><em>iudice</em></span> <span class='ocrx_word' id='word_1_168' title='bbox 328 1002 362 1032; x_wconf 91' lang='lat' dir='ltr'><em>et</em></span> <span class='ocrx_word' id='word_1_169' title='bbox 390 1000 514 1032; x_wconf 84' lang='lat' dir='ltr'><em>iuratis</em></span> <span class='ocrx_word' id='word_1_170' title='bbox 538 1001 758 1043; x_wconf 71' lang='lat' dir='ltr'><em>profiteatur,</em></span> <span class='ocrx_word' id='word_1_171' title='bbox 789 1000 891 1034; x_wconf 86' lang='lat' dir='ltr'><em>alium</em></span> <span class='ocrx_word' id='word_1_172' title='bbox 920 1000 988 1034; x_wconf 88' lang='lat' dir='ltr'><em>sibi</em></span> <span class='ocrx_word' id='word_1_173' title='bbox 1013 1001 1146 1035; x_wconf 86' lang='lat' dir='ltr'><em>dedisse</em></span> <span class='ocrx_word' id='word_1_174' title='bbox 1176 1001 1264 1035; x_wconf 89' lang='lat' dir='ltr'><em>tales</em></span> <span class='ocrx_word' id='word_1_175' title='bbox 1284 1001 1445 1035; x_wconf 87' lang='lat' dir='ltr'><em>denarios</em></span> <span class='ocrx_word' id='word_1_176' title='bbox 1474 1005 1508 1035; x_wconf 88' lang='lat' dir='ltr'><em>et</em></span> <span class='ocrx_word' id='word_1_177' title='bbox 1536 1003 1568 1035; x_wconf 90' lang='lat' dir='ltr'><em>si</em></span> <span class='ocrx_word' id='word_1_178' title='bbox 1585 1002 1659 1045; x_wconf 89' lang='lat' dir='ltr'><em>ille,</em></span> <span class='ocrx_word' id='word_1_179' title='bbox 1689 1014 1792 1047; x_wconf 90' lang='lat' dir='ltr'><em>super</em></span> <span class='ocrx_word' id='word_1_180' title='bbox 1812 1014 1908 1048; x_wconf 84' lang='lat' dir='ltr'><em>quem</em></span> 
     </span>
     <span class='ocr_line' id='line_1_17' title="bbox 45 1060 1905 1106; baseline 0.001 -11"><span class='ocrx_word' id='word_1_181' title='bbox 45 1064 190 1106; x_wconf 81' lang='lat' dir='ltr'><em>fatetur,</em></span> <span class='ocrx_word' id='word_1_182' title='bbox 209 1061 376 1105; x_wconf 60' lang='lat' dir='ltr'><em>profugus</em></span> <span class='ocrx_word' id='word_1_183' title='bbox 401 1060 518 1103; x_wconf 79' lang='lat' dir='ltr'><em>sactus</em></span> <span class='ocrx_word' id='word_1_184' title='bbox 544 1061 663 1103; x_wconf 80' lang='lat' dir='ltr'><em>faerit.</em></span> <span class='ocrx_word' id='word_1_185' title='bbox 685 1060 887 1105; x_wconf 80' lang='lat' dir='ltr'><em>culpabilem</em></span> <span class='ocrx_word' id='word_1_186' title='bbox 911 1073 949 1095; x_wconf 91' lang='lat' dir='ltr'><em>se</em></span> <span class='ocrx_word' id='word_1_187' title='bbox 977 1062 1099 1106; x_wconf 88' lang='lat' dir='ltr'><em>reddit,</em></span> <span class='ocrx_word' id='word_1_188' title='bbox 1120 1066 1154 1096; x_wconf 90' lang='lat' dir='ltr'><em>et</em></span> <span class='ocrx_word' id='word_1_189' title='bbox 1183 1062 1237 1097; x_wconf 75' lang='lat' dir='ltr'><em>liic</em></span> <span class='ocrx_word' id='word_1_190' title='bbox 1256 1063 1314 1096; x_wconf 86' lang='lat' dir='ltr'><em>uel</em></span> <span class='ocrx_word' id='word_1_191' title='bbox 1340 1062 1403 1096; x_wconf 69' lang='lat' dir='ltr'><em>laec</em></span> <span class='ocrx_word' id='word_1_192' title='bbox 1423 1062 1615 1097; x_wconf 84' lang='lat' dir='ltr'><em>absoluitur</em></span> <span class='ocrx_word' id='word_1_193' title='bbox 1643 1065 1718 1097; x_wconf 87' lang='lat' dir='ltr'><em>iure</em></span> <span class='ocrx_word' id='word_1_194' title='bbox 1738 1065 1905 1097; x_wconf 87' lang='lat' dir='ltr'><em>ciuitatis.</em></span> 
     </span>
     <span class='ocr_line' id='line_1_18' title="bbox 48 1122 1909 1169; baseline -0.001 -10"><span class='ocrx_word' id='word_1_195' title='bbox 48 1123 234 1159; x_wconf 69' lang='lat' dir='ltr'><em>Statura</em></span> <span class='ocrx_word' id='word_1_196' title='bbox 263 1124 308 1157; x_wconf 78' lang='lat' dir='ltr'><em>e!</em></span> <span class='ocrx_word' id='word_1_197' title='bbox 333 1122 565 1157; x_wconf 67' lang='lat' dir='ltr'><em>sentencie</em></span> <span class='ocrx_word' id='word_1_198' title='bbox 593 1132 869 1159; x_wconf 77' lang='lat' dir='ltr'><em>communes.</em></span> <span class='ocrx_word' id='word_1_199' title='bbox 923 1122 1008 1156; x_wconf 90' lang='lat' dir='ltr'><em>Item</em></span> <span class='ocrx_word' id='word_1_200' title='bbox 1047 1123 1196 1157; x_wconf 74' lang='lat' dir='ltr'><em>colurnus</em></span> <span class='ocrx_word' id='word_1_201' title='bbox 1230 1127 1267 1157; x_wconf 88' lang='lat' dir='ltr'><em>ut</em></span> <span class='ocrx_word' id='word_1_202' title='bbox 1301 1125 1498 1169; x_wconf 80' lang='lat' dir='ltr'><em>quicumque</em></span> <span class='ocrx_word' id='word_1_203' title='bbox 1535 1125 1718 1158; x_wconf 84' lang='lat' dir='ltr'><em>iudiciaria</em></span> <span class='ocrx_word' id='word_1_204' title='bbox 1744 1126 1818 1168; x_wconf 85' lang='lat' dir='ltr'><em>frui</em></span> <span class='ocrx_word' id='word_1_205' title='bbox 1844 1126 1909 1158; x_wconf 90' lang='lat' dir='ltr'><em>de-</em></span> 
     </span>
     <span class='ocr_line' id='line_1_19' title="bbox 48 1181 1909 1228; baseline 0.001 -11"><span class='ocrx_word' id='word_1_206' title='bbox 48 1184 181 1217; x_wconf 87' lang='lat' dir='ltr'><em>siderat</em></span> <span class='ocrx_word' id='word_1_207' title='bbox 209 1183 378 1227; x_wconf 64' lang='lat' dir='ltr'><em>dignitate</em></span> <span class='ocrx_word' id='word_1_208' title='bbox 406 1183 438 1215; x_wconf 84' lang='lat' dir='ltr'><em>in</em></span> <span class='ocrx_word' id='word_1_209' title='bbox 468 1183 612 1215; x_wconf 81' lang='lat' dir='ltr'><em>ciuitate</em></span> <span class='ocrx_word' id='word_1_210' title='bbox 640 1181 844 1226; x_wconf 74' lang='lat' dir='ltr'><em>Iylauiensi.</em></span> <span class='ocrx_word' id='word_1_211' title='bbox 874 1184 965 1228; x_wconf 87' lang='lat' dir='ltr'><em>quod</em></span> <span class='ocrx_word' id='word_1_212' title='bbox 991 1185 1036 1217; x_wconf 87' lang='lat' dir='ltr'><em>sit</em></span> <span class='ocrx_word' id='word_1_213' title='bbox 1064 1185 1150 1218; x_wconf 89' lang='lat' dir='ltr'><em>ciuis</em></span> <span class='ocrx_word' id='word_1_214' title='bbox 1179 1185 1333 1218; x_wconf 86' lang='lat' dir='ltr'><em>ciuitatis</em></span> <span class='ocrx_word' id='word_1_215' title='bbox 1363 1184 1492 1218; x_wconf 73' lang='lat' dir='ltr'><em>liabens</em></span> <span class='ocrx_word' id='word_1_216' title='bbox 1521 1185 1751 1228; x_wconf 77' lang='lat' dir='ltr'><em>hereditates,</em></span> <span class='ocrx_word' id='word_1_217' title='bbox 1782 1190 1815 1219; x_wconf 85' lang='lat' dir='ltr'><em>et</em></span> <span class='ocrx_word' id='word_1_218' title='bbox 1845 1186 1909 1219; x_wconf 78' lang='lat' dir='ltr'><em>leoc</em></span> 
     </span>
     <span class='ocr_line' id='line_1_20' title="bbox 50 1244 1909 1290; baseline 0.001 -12"><span class='ocrx_word' id='word_1_219' title='bbox 50 1245 137 1278; x_wconf 86' lang='lat' dir='ltr'><em>ideo.</em></span> <span class='ocrx_word' id='word_1_220' title='bbox 167 1247 203 1276; x_wconf 89' lang='lat' dir='ltr'><em>ut</em></span> <span class='ocrx_word' id='word_1_221' title='bbox 227 1244 420 1287; x_wconf 81' lang='lat' dir='ltr'><em>profectum</em></span> <span class='ocrx_word' id='word_1_222' title='bbox 449 1244 604 1276; x_wconf 79' lang='lat' dir='ltr'><em>cim&#39;tatis</em></span> <span class='ocrx_word' id='word_1_223' title='bbox 633 1254 673 1276; x_wconf 89' lang='lat' dir='ltr'><em>eo</em></span> <span class='ocrx_word' id='word_1_224' title='bbox 703 1244 821 1277; x_wconf 87' lang='lat' dir='ltr'><em>melius</em></span> <span class='ocrx_word' id='word_1_225' title='bbox 846 1248 1091 1290; x_wconf 73' lang='lat' dir='ltr'><em>prosequatur,</em></span> <span class='ocrx_word' id='word_1_226' title='bbox 1121 1248 1155 1278; x_wconf 88' lang='lat' dir='ltr'><em>et</em></span> <span class='ocrx_word' id='word_1_227' title='bbox 1179 1249 1325 1290; x_wconf 88' lang='lat' dir='ltr'><em>propter</em></span> <span class='ocrx_word' id='word_1_228' title='bbox 1362 1257 1458 1279; x_wconf 76' lang='lat' dir='ltr'><em>rnum</em></span> <span class='ocrx_word' id='word_1_229' title='bbox 1488 1257 1609 1279; x_wconf 88' lang='lat' dir='ltr'><em>annum</em></span> <span class='ocrx_word' id='word_1_230' title='bbox 1639 1247 1696 1280; x_wconf 85' lang='lat' dir='ltr'><em>uel</em></span> <span class='ocrx_word' id='word_1_231' title='bbox 1730 1247 1814 1281; x_wconf 75' lang='lat' dir='ltr'><em>[titos</em></span> <span class='ocrx_word' id='word_1_232' title='bbox 1843 1258 1909 1280; x_wconf 85' lang='lat' dir='ltr'><em>non</em></span> 
     </span>
     <span class='ocr_line' id='line_1_21' title="bbox 50 1305 1909 1352; baseline 0.001 -13"><span class='ocrx_word' id='word_1_233' title='bbox 50 1305 214 1339; x_wconf 84' lang='lat' dir='ltr'><em>corrodat</em></span> <span class='ocrx_word' id='word_1_234' title='bbox 243 1305 336 1337; x_wconf 88' lang='lat' dir='ltr'><em>ciues</em></span> <span class='ocrx_word' id='word_1_235' title='bbox 363 1307 397 1337; x_wconf 89' lang='lat' dir='ltr'><em>et</em></span> <span class='ocrx_word' id='word_1_236' title='bbox 423 1315 597 1348; x_wconf 87' lang='lat' dir='ltr'><em>pauperes</em></span> <span class='ocrx_word' id='word_1_237' title='bbox 626 1305 790 1338; x_wconf 78' lang='lat' dir='ltr'><em>ciuitatis.</em></span> <span class='ocrx_word' id='word_1_238' title='bbox 822 1305 906 1338; x_wconf 84' lang='lat' dir='ltr'><em>Item</em></span> <span class='ocrx_word' id='word_1_239' title='bbox 935 1305 1046 1339; x_wconf 87' lang='lat' dir='ltr'><em>nullus</em></span> <span class='ocrx_word' id='word_1_240' title='bbox 1074 1306 1171 1340; x_wconf 77' lang='lat' dir='ltr'><em>lzomo</em></span> <span class='ocrx_word' id='word_1_241' title='bbox 1201 1308 1384 1340; x_wconf 87' lang='lat' dir='ltr'><em>communis</em></span> <span class='ocrx_word' id='word_1_242' title='bbox 1412 1307 1557 1352; x_wconf 82' lang='lat' dir='ltr'><em>aliquem</em></span> <span class='ocrx_word' id='word_1_243' title='bbox 1587 1319 1755 1342; x_wconf 86' lang='lat' dir='ltr'><em>accusare</em></span> <span class='ocrx_word' id='word_1_244' title='bbox 1780 1311 1909 1352; x_wconf 81' lang='lat' dir='ltr'><em>potest,</em></span> 
     </span>
     <span class='ocr_line' id='line_1_22' title="bbox 50 1364 1910 1414; baseline 0.001 -14"><span class='ocrx_word' id='word_1_245' title='bbox 50 1368 118 1400; x_wconf 89' lang='lat' dir='ltr'><em>nisi</em></span> <span class='ocrx_word' id='word_1_246' title='bbox 135 1369 214 1399; x_wconf 83' lang='lat' dir='ltr'><em>tunc</em></span> <span class='ocrx_word' id='word_1_247' title='bbox 243 1376 265 1398; x_wconf 89' lang='lat' dir='ltr'><em>a</em></span> <span class='ocrx_word' id='word_1_248' title='bbox 292 1364 402 1398; x_wconf 83' lang='lat' dir='ltr'><em>iudice</em></span> <span class='ocrx_word' id='word_1_249' title='bbox 422 1368 456 1398; x_wconf 82' lang='lat' dir='ltr'><em>et</em></span> <span class='ocrx_word' id='word_1_250' title='bbox 484 1366 609 1398; x_wconf 83' lang='lat' dir='ltr'><em>iuratis</em></span> <span class='ocrx_word' id='word_1_251' title='bbox 639 1365 811 1409; x_wconf 65' lang='lat' dir='ltr'><em>eliqantur</em></span> <span class='ocrx_word' id='word_1_252' title='bbox 830 1366 894 1399; x_wconf 80' lang='lat' dir='ltr'><em>(luo</em></span> <span class='ocrx_word' id='word_1_253' title='bbox 924 1366 979 1400; x_wconf 91' lang='lat' dir='ltr'><em>uel</em></span> <span class='ocrx_word' id='word_1_254' title='bbox 1007 1370 1077 1400; x_wconf 90' lang='lat' dir='ltr'><em>tres</em></span> <span class='ocrx_word' id='word_1_255' title='bbox 1096 1367 1154 1400; x_wconf 87' lang='lat' dir='ltr'><em>uel</em></span> <span class='ocrx_word' id='word_1_256' title='bbox 1181 1366 1266 1401; x_wconf 88' lang='lat' dir='ltr'><em>IIII.</em></span> <span class='ocrx_word' id='word_1_257' title='bbox 1288 1368 1320 1401; x_wconf 81' lang='lat' dir='ltr'><em>in</em></span> <span class='ocrx_word' id='word_1_258' title='bbox 1342 1367 1458 1413; x_wconf 87' lang='lat' dir='ltr'><em>aliquo</em></span> <span class='ocrx_word' id='word_1_259' title='bbox 1490 1369 1563 1402; x_wconf 67' lang='lat' dir='ltr'><em>vico</em></span> <span class='ocrx_word' id='word_1_260' title='bbox 1584 1370 1749 1412; x_wconf 56' lang='lat' dir='ltr'><em>ciuitatis,</em></span> <span class='ocrx_word' id='word_1_261' title='bbox 1771 1380 1910 1414; x_wconf 87' lang='lat' dir='ltr'><em>quorum</em></span> 
     </span>
     <span class='ocr_line' id='line_1_23' title="bbox 45 1425 1912 1473; baseline 0.001 -12"><span class='ocrx_word' id='word_1_262' title='bbox 45 1427 131 1471; x_wconf 74' lang='lat' dir='ltr'><em>[idei</em></span> <span class='ocrx_word' id='word_1_263' title='bbox 157 1426 398 1468; x_wconf 77' lang='lat' dir='ltr'><em>committatur,</em></span> <span class='ocrx_word' id='word_1_264' title='bbox 434 1428 469 1458; x_wconf 86' lang='lat' dir='ltr'><em>ut</em></span> <span class='ocrx_word' id='word_1_265' title='bbox 501 1425 651 1470; x_wconf 80' lang='lat' dir='ltr'><em>quelibet</em></span> <span class='ocrx_word' id='word_1_266' title='bbox 685 1427 839 1460; x_wconf 85' lang='lat' dir='ltr'><em>ciuitatis</em></span> <span class='ocrx_word' id='word_1_267' title='bbox 875 1428 998 1461; x_wconf 85' lang='lat' dir='ltr'><em>nociua</em></span> <span class='ocrx_word' id='word_1_268' title='bbox 1027 1432 1255 1472; x_wconf 72' lang='lat' dir='ltr'><em>compescant,</em></span> <span class='ocrx_word' id='word_1_269' title='bbox 1276 1428 1330 1462; x_wconf 88' lang='lat' dir='ltr'><em>illi</em></span> <span class='ocrx_word' id='word_1_270' title='bbox 1356 1428 1525 1473; x_wconf 87' lang='lat' dir='ltr'><em>quoslibet</em></span> <span class='ocrx_word' id='word_1_271' title='bbox 1554 1441 1720 1463; x_wconf 59' lang='lat' dir='ltr'><em>ezcessus</em></span> <span class='ocrx_word' id='word_1_272' title='bbox 1739 1440 1912 1463; x_wconf 59' lang='lat' dir='ltr'><em>accusare</em></span> 
     </span>
     <span class='ocr_line' id='line_1_24' title="bbox 48 1486 1908 1533; baseline 0.002 -12"><span class='ocrx_word' id='word_1_273' title='bbox 48 1490 202 1533; x_wconf 79' lang='lat' dir='ltr'><em>possunt.</em></span> <span class='ocrx_word' id='word_1_274' title='bbox 234 1486 306 1521; x_wconf 79' lang='lat' dir='ltr'><em>Sed</em></span> <span class='ocrx_word' id='word_1_275' title='bbox 333 1497 446 1520; x_wconf 87' lang='lat' dir='ltr'><em>eorum</em></span> <span class='ocrx_word' id='word_1_276' title='bbox 474 1490 634 1531; x_wconf 84' lang='lat' dir='ltr'><em>potestas</em></span> <span class='ocrx_word' id='word_1_277' title='bbox 664 1488 861 1521; x_wconf 84' lang='lat' dir='ltr'><em>accusandi.</em></span> <span class='ocrx_word' id='word_1_278' title='bbox 892 1489 959 1521; x_wconf 82' lang='lat' dir='ltr'><em>nisi</em></span> <span class='ocrx_word' id='word_1_279' title='bbox 984 1500 1050 1522; x_wconf 70' lang='lat' dir='ltr'><em>scoe</em></span> <span class='ocrx_word' id='word_1_280' title='bbox 1077 1489 1215 1523; x_wconf 70' lang='lat' dir='ltr'><em>clm—abit</em></span> <span class='ocrx_word' id='word_1_281' title='bbox 1244 1489 1451 1533; x_wconf 72' lang='lat' dir='ltr'><em>ebdomadis,</em></span> <span class='ocrx_word' id='word_1_282' title='bbox 1481 1494 1515 1524; x_wconf 88' lang='lat' dir='ltr'><em>et</em></span> <span class='ocrx_word' id='word_1_283' title='bbox 1544 1490 1608 1525; x_wconf 80' lang='lat' dir='ltr'><em>hoc</em></span> <span class='ocrx_word' id='word_1_284' title='bbox 1644 1491 1719 1525; x_wconf 83' lang='lat' dir='ltr'><em>ideo</em></span> <span class='ocrx_word' id='word_1_285' title='bbox 1754 1503 1796 1525; x_wconf 85' lang='lat' dir='ltr'><em>ne</em></span> <span class='ocrx_word' id='word_1_286' title='bbox 1832 1491 1908 1524; x_wconf 85' lang='lat' dir='ltr'><em>loco</em></span> 
     </span>
     <span class='ocr_line' id='line_1_25' title="bbox 51 1546 1911 1593; baseline 0.002 -11"><span class='ocrx_word' id='word_1_287' title='bbox 51 1551 241 1582; x_wconf 81' lang='lat' dir='ltr'><em>iuratorum</em></span> <span class='ocrx_word' id='word_1_288' title='bbox 272 1547 361 1581; x_wconf 88' lang='lat' dir='ltr'><em>tales</em></span> <span class='ocrx_word' id='word_1_289' title='bbox 389 1546 594 1581; x_wconf 72' lang='lat' dir='ltr'><em>habeantur.</em></span> <span class='ocrx_word' id='word_1_290' title='bbox 626 1547 703 1581; x_wconf 66' lang='lat' dir='ltr'><em>Sea?</em></span> <span class='ocrx_word' id='word_1_291' title='bbox 731 1552 843 1582; x_wconf 83' lang='lat' dir='ltr'><em>autem</em></span> <span class='ocrx_word' id='word_1_292' title='bbox 874 1548 1069 1582; x_wconf 79' lang='lat' dir='ltr'><em>ebdomadis</em></span> <span class='ocrx_word' id='word_1_293' title='bbox 1100 1551 1209 1593; x_wconf 79' lang='lat' dir='ltr'><em>sinitis</em></span> <span class='ocrx_word' id='word_1_294' title='bbox 1238 1550 1327 1584; x_wconf 88' lang='lat' dir='ltr'><em>tales</em></span> <span class='ocrx_word' id='word_1_295' title='bbox 1362 1551 1482 1585; x_wconf 81' lang='lat' dir='ltr'><em>Judicz‘</em></span> <span class='ocrx_word' id='word_1_296' title='bbox 1507 1555 1541 1585; x_wconf 85' lang='lat' dir='ltr'><em>et</em></span> <span class='ocrx_word' id='word_1_297' title='bbox 1570 1553 1695 1585; x_wconf 87' lang='lat' dir='ltr'><em>iuratis</em></span> <span class='ocrx_word' id='word_1_298' title='bbox 1725 1564 1817 1585; x_wconf 89' lang='lat' dir='ltr'><em>suum</em></span> <span class='ocrx_word' id='word_1_299' title='bbox 1848 1564 1911 1586; x_wconf 89' lang='lat' dir='ltr'><em>re-</em></span> 
     </span>
     <span class='ocr_line' id='line_1_26' title="bbox 50 1609 1911 1657; baseline 0.002 -14"><span class='ocrx_word' id='word_1_300' title='bbox 50 1611 185 1655; x_wconf 71' lang='lat' dir='ltr'><em>siynent</em></span> <span class='ocrx_word' id='word_1_301' title='bbox 213 1610 371 1653; x_wconf 73' lang='lat' dir='ltr'><em>officium.</em></span> <span class='ocrx_word' id='word_1_302' title='bbox 401 1612 435 1642; x_wconf 88' lang='lat' dir='ltr'><em>et</em></span> <span class='ocrx_word' id='word_1_303' title='bbox 464 1610 496 1641; x_wconf 90' lang='lat' dir='ltr'><em>si</em></span> <span class='ocrx_word' id='word_1_304' title='bbox 523 1620 663 1642; x_wconf 86' lang='lat' dir='ltr'><em>necesse</em></span> <span class='ocrx_word' id='word_1_305' title='bbox 689 1610 807 1652; x_wconf 83' lang='lat' dir='ltr'><em>suerit.</em></span> <span class='ocrx_word' id='word_1_306' title='bbox 838 1609 911 1644; x_wconf 80' lang='lat' dir='ltr'><em>alii.</em></span> <span class='ocrx_word' id='word_1_307' title='bbox 943 1610 998 1643; x_wconf 86' lang='lat' dir='ltr'><em>uel</em></span> <span class='ocrx_word' id='word_1_308' title='bbox 1025 1612 1145 1644; x_wconf 89' lang='lat' dir='ltr'><em>iterum</em></span> <span class='ocrx_word' id='word_1_309' title='bbox 1174 1611 1227 1644; x_wconf 90' lang='lat' dir='ltr'><em>illi</em></span> <span class='ocrx_word' id='word_1_310' title='bbox 1247 1612 1398 1655; x_wconf 87' lang='lat' dir='ltr'><em>pristino</em></span> <span class='ocrx_word' id='word_1_311' title='bbox 1436 1613 1551 1657; x_wconf 80' lang='lat' dir='ltr'><em>officio</em></span> <span class='ocrx_word' id='word_1_312' title='bbox 1588 1614 1847 1656; x_wconf 74' lang='lat' dir='ltr'><em>instaurentur,</em></span> <span class='ocrx_word' id='word_1_313' title='bbox 1878 1617 1911 1647; x_wconf 84' lang='lat' dir='ltr'><em>et</em></span> 
     </span>
     <span class='ocr_line' id='line_1_27' title="bbox 50 1669 1916 1721; baseline 0.002 -17"><span class='ocrx_word' id='word_1_314' title='bbox 50 1672 82 1704; x_wconf 88' lang='lat' dir='ltr'><em>si</em></span> <span class='ocrx_word' id='word_1_315' title='bbox 121 1672 153 1704; x_wconf 86' lang='lat' dir='ltr'><em>in</em></span> <span class='ocrx_word' id='word_1_316' title='bbox 196 1671 309 1714; x_wconf 84' lang='lat' dir='ltr'><em>officio</em></span> <span class='ocrx_word' id='word_1_317' title='bbox 351 1680 412 1703; x_wconf 87' lang='lat' dir='ltr'><em>suo</em></span> <span class='ocrx_word' id='word_1_318' title='bbox 454 1669 497 1703; x_wconf 84' lang='lat' dir='ltr'><em>ab</em></span> <span class='ocrx_word' id='word_1_319' title='bbox 539 1669 655 1715; x_wconf 87' lang='lat' dir='ltr'><em>aliquo</em></span> <span class='ocrx_word' id='word_1_320' title='bbox 702 1670 900 1704; x_wconf 72' lang='lat' dir='ltr'><em>irulecenter</em></span> <span class='ocrx_word' id='word_1_321' title='bbox 945 1671 1126 1715; x_wconf 73' lang='lat' dir='ltr'><em>redarquti</em></span> <span class='ocrx_word' id='word_1_322' title='bbox 1159 1673 1309 1716; x_wconf 87' lang='lat' dir='ltr'><em>fuerint,</em></span> <span class='ocrx_word' id='word_1_323' title='bbox 1356 1672 1624 1721; x_wconf 86' lang='lat' dir='ltr'><em>qualemcunque</em></span> <span class='ocrx_word' id='word_1_324' title='bbox 1662 1685 1785 1718; x_wconf 86' lang='lat' dir='ltr'><em>penam</em></span> <span class='ocrx_word' id='word_1_325' title='bbox 1830 1675 1916 1707; x_wconf 86' lang='lat' dir='ltr'><em>dicti</em></span> 
     </span>
     <span class='ocr_line' id='line_1_28' title="bbox 51 1729 1913 1782; baseline 0.002 -17"><span class='ocrx_word' id='word_1_326' title='bbox 51 1731 157 1765; x_wconf 89' lang='lat' dir='ltr'><em>electi</em></span> <span class='ocrx_word' id='word_1_327' title='bbox 195 1731 391 1773; x_wconf 87' lang='lat' dir='ltr'><em>statuerint,</em></span> <span class='ocrx_word' id='word_1_328' title='bbox 422 1729 510 1764; x_wconf 74' lang='lat' dir='ltr'><em>lianc</em></span> <span class='ocrx_word' id='word_1_329' title='bbox 539 1729 582 1763; x_wconf 90' lang='lat' dir='ltr'><em>ab</em></span> <span class='ocrx_word' id='word_1_330' title='bbox 611 1732 660 1764; x_wconf 90' lang='lat' dir='ltr'><em>eis</em></span> <span class='ocrx_word' id='word_1_331' title='bbox 702 1734 886 1765; x_wconf 81' lang='lat' dir='ltr'><em>accusatus</em></span> <span class='ocrx_word' id='word_1_332' title='bbox 924 1733 1100 1776; x_wconf 81' lang='lat' dir='ltr'><em>paciatur.</em></span> <span class='ocrx_word' id='word_1_333' title='bbox 1154 1733 1226 1770; x_wconf 80' lang='lat' dir='ltr'><em>De</em></span> <span class='ocrx_word' id='word_1_334' title='bbox 1266 1735 1342 1770; x_wconf 69' lang='lat' dir='ltr'><em>die</em></span> <span class='ocrx_word' id='word_1_335' title='bbox 1382 1735 1548 1771; x_wconf 63' lang='lat' dir='ltr'><em>Iudicii</em></span> <span class='ocrx_word' id='word_1_336' title='bbox 1582 1737 1913 1782; x_wconf 64' lang='lat' dir='ltr'><em>peremptor-ea.</em></span> 
     </span>
     <span class='ocr_line' id='line_1_29' title="bbox 54 1791 1911 1840; baseline 0.002 -14"><span class='ocrx_word' id='word_1_337' title='bbox 54 1791 250 1837; x_wconf 68' lang='lat' dir='ltr'><em>Cuicumque</em></span> <span class='ocrx_word' id='word_1_338' title='bbox 282 1791 354 1824; x_wconf 87' lang='lat' dir='ltr'><em>dies</em></span> <span class='ocrx_word' id='word_1_339' title='bbox 386 1792 621 1835; x_wconf 85' lang='lat' dir='ltr'><em>peremptoria</em></span> <span class='ocrx_word' id='word_1_340' title='bbox 653 1802 718 1836; x_wconf 92' lang='lat' dir='ltr'><em>pro</em></span> <span class='ocrx_word' id='word_1_341' title='bbox 747 1792 865 1837; x_wconf 87' lang='lat' dir='ltr'><em>aliqua</em></span> <span class='ocrx_word' id='word_1_342' title='bbox 895 1804 1001 1826; x_wconf 81' lang='lat' dir='ltr'><em>causa</em></span> <span class='ocrx_word' id='word_1_343' title='bbox 1026 1794 1133 1836; x_wconf 81' lang='lat' dir='ltr'><em>suerit</em></span> <span class='ocrx_word' id='word_1_344' title='bbox 1171 1794 1351 1838; x_wconf 63' lang='lat' dir='ltr'><em>assignata</em></span> <span class='ocrx_word' id='word_1_345' title='bbox 1381 1806 1496 1829; x_wconf 87' lang='lat' dir='ltr'><em>eoram</em></span> <span class='ocrx_word' id='word_1_346' title='bbox 1526 1796 1651 1829; x_wconf 83' lang='lat' dir='ltr'><em>iudicio</em></span> <span class='ocrx_word' id='word_1_347' title='bbox 1681 1796 1911 1840; x_wconf 73' lang='lat' dir='ltr'><em>coneparendi,</em></span> 
     </span>
     <span class='ocr_line' id='line_1_30' title="bbox 51 1853 1910 1901; baseline 0.004 -16"><span class='ocrx_word' id='word_1_348' title='bbox 51 1853 84 1885; x_wconf 86' lang='lat' dir='ltr'><em>si</em></span> <span class='ocrx_word' id='word_1_349' title='bbox 126 1863 190 1886; x_wconf 85' lang='lat' dir='ltr'><em>non</em></span> <span class='ocrx_word' id='word_1_350' title='bbox 237 1853 485 1896; x_wconf 73' lang='lat' dir='ltr'><em>comparuerit,</em></span> <span class='ocrx_word' id='word_1_351' title='bbox 529 1856 680 1886; x_wconf 86' lang='lat' dir='ltr'><em>testante</em></span> <span class='ocrx_word' id='word_1_352' title='bbox 728 1853 838 1886; x_wconf 86' lang='lat' dir='ltr'><em>iudice</em></span> <span class='ocrx_word' id='word_1_353' title='bbox 880 1857 914 1886; x_wconf 87' lang='lat' dir='ltr'><em>et</em></span> <span class='ocrx_word' id='word_1_354' title='bbox 961 1855 1085 1887; x_wconf 83' lang='lat' dir='ltr'><em>iuratis</em></span> <span class='ocrx_word' id='word_1_355' title='bbox 1122 1854 1345 1889; x_wconf 85' lang='lat' dir='ltr'><em>aduersarius</em></span> <span class='ocrx_word' id='word_1_356' title='bbox 1391 1857 1465 1889; x_wconf 86' lang='lat' dir='ltr'><em>eius</em></span> <span class='ocrx_word' id='word_1_357' title='bbox 1506 1858 1558 1890; x_wconf 85' lang='lat' dir='ltr'><em>ins</em></span> <span class='ocrx_word' id='word_1_358' title='bbox 1599 1869 1691 1890; x_wconf 89' lang='lat' dir='ltr'><em>suum</em></span> <span class='ocrx_word' id='word_1_359' title='bbox 1731 1856 1910 1901; x_wconf 84' lang='lat' dir='ltr'><em>optinebit.</em></span> 
     </span>
     <span class='ocr_line' id='line_1_31' title="bbox 54 1912 1912 1961; baseline 0.004 -16"><span class='ocrx_word' id='word_1_360' title='bbox 54 1912 97 1946; x_wconf 86' lang='lat' dir='ltr'><em>Si</em></span> <span class='ocrx_word' id='word_1_361' title='bbox 131 1916 242 1946; x_wconf 87' lang='lat' dir='ltr'><em>autem</em></span> <span class='ocrx_word' id='word_1_362' title='bbox 277 1912 472 1946; x_wconf 85' lang='lat' dir='ltr'><em>absenciam</em></span> <span class='ocrx_word' id='word_1_363' title='bbox 507 1925 603 1946; x_wconf 89' lang='lat' dir='ltr'><em>suam</em></span> <span class='ocrx_word' id='word_1_364' title='bbox 631 1913 799 1958; x_wconf 76' lang='lat' dir='ltr'><em>leqittima</em></span> <span class='ocrx_word' id='word_1_365' title='bbox 837 1915 1045 1948; x_wconf 84' lang='lat' dir='ltr'><em>necessitate</em></span> <span class='ocrx_word' id='word_1_366' title='bbox 1075 1915 1290 1959; x_wconf 79' lang='lat' dir='ltr'><em>prepeditum</em></span> <span class='ocrx_word' id='word_1_367' title='bbox 1322 1915 1476 1960; x_wconf 89' lang='lat' dir='ltr'><em>probare</em></span> <span class='ocrx_word' id='word_1_368' title='bbox 1516 1918 1681 1961; x_wconf 81' lang='lat' dir='ltr'><em>roluerit,</em></span> <span class='ocrx_word' id='word_1_369' title='bbox 1719 1918 1784 1951; x_wconf 89' lang='lat' dir='ltr'><em>tali</em></span> <span class='ocrx_word' id='word_1_370' title='bbox 1816 1918 1912 1951; x_wconf 86' lang='lat' dir='ltr'><em>modo</em></span> 
     </span>
     <span class='ocr_line' id='line_1_32' title="bbox 53 1973 1912 2020; baseline 0.004 -15"><span class='ocrx_word' id='word_1_371' title='bbox 53 1973 228 2017; x_wconf 88' lang='lat' dir='ltr'><em>procedet.</em></span> <span class='ocrx_word' id='word_1_372' title='bbox 258 1973 302 2008; x_wconf 87' lang='lat' dir='ltr'><em>Si</em></span> <span class='ocrx_word' id='word_1_373' title='bbox 315 1975 423 2017; x_wconf 83' lang='lat' dir='ltr'><em>fuerit</em></span> <span class='ocrx_word' id='word_1_374' title='bbox 452 1974 608 2007; x_wconf 78' lang='lat' dir='ltr'><em>residens</em></span> <span class='ocrx_word' id='word_1_375' title='bbox 636 1975 726 2017; x_wconf 84' lang='lat' dir='ltr'><em>infra</em></span> <span class='ocrx_word' id='word_1_376' title='bbox 750 1976 912 2009; x_wconf 85' lang='lat' dir='ltr'><em>terminos</em></span> <span class='ocrx_word' id='word_1_377' title='bbox 942 1978 1046 2008; x_wconf 87' lang='lat' dir='ltr'><em>terre.</em></span> <span class='ocrx_word' id='word_1_378' title='bbox 1076 1975 1115 2008; x_wconf 89' lang='lat' dir='ltr'><em>In</em></span> <span class='ocrx_word' id='word_1_379' title='bbox 1141 1977 1252 2020; x_wconf 84' lang='lat' dir='ltr'><em>primo</em></span> <span class='ocrx_word' id='word_1_380' title='bbox 1272 1987 1333 2010; x_wconf 90' lang='lat' dir='ltr'><em>suo</em></span> <span class='ocrx_word' id='word_1_381' title='bbox 1362 1977 1512 2011; x_wconf 88' lang='lat' dir='ltr'><em>aduentu</em></span> <span class='ocrx_word' id='word_1_382' title='bbox 1540 1979 1692 2012; x_wconf 70' lang='lat' dir='ltr'><em>‚Iudicem</em></span> <span class='ocrx_word' id='word_1_383' title='bbox 1723 1982 1757 2012; x_wconf 90' lang='lat' dir='ltr'><em>et</em></span> <span class='ocrx_word' id='word_1_384' title='bbox 1777 1980 1912 2012; x_wconf 87' lang='lat' dir='ltr'><em>iuratos</em></span> 
     </span>
     <span class='ocr_line' id='line_1_33' title="bbox 56 2033 1915 2083; baseline 0.003 -16"><span class='ocrx_word' id='word_1_385' title='bbox 56 2033 171 2076; x_wconf 84' lang='lat' dir='ltr'><em>adeat,</em></span> <span class='ocrx_word' id='word_1_386' title='bbox 200 2045 338 2068; x_wconf 86' lang='lat' dir='ltr'><em>causam</em></span> <span class='ocrx_word' id='word_1_387' title='bbox 373 2046 434 2069; x_wconf 90' lang='lat' dir='ltr'><em>sue</em></span> <span class='ocrx_word' id='word_1_388' title='bbox 467 2034 628 2068; x_wconf 85' lang='lat' dir='ltr'><em>absencie</em></span> <span class='ocrx_word' id='word_1_389' title='bbox 657 2036 739 2080; x_wconf 85' lang='lat' dir='ltr'><em>ipsis</em></span> <span class='ocrx_word' id='word_1_390' title='bbox 768 2036 911 2069; x_wconf 80' lang='lat' dir='ltr'><em>lucidius</em></span> <span class='ocrx_word' id='word_1_391' title='bbox 946 2035 1173 2071; x_wconf 80' lang='lat' dir='ltr'><em>declarando.</em></span> <span class='ocrx_word' id='word_1_392' title='bbox 1211 2038 1267 2070; x_wconf 90' lang='lat' dir='ltr'><em>cui</em></span> <span class='ocrx_word' id='word_1_393' title='bbox 1299 2037 1415 2072; x_wconf 66' lang='lat' dir='ltr'><em>Judeae</em></span> <span class='ocrx_word' id='word_1_394' title='bbox 1449 2040 1534 2073; x_wconf 86' lang='lat' dir='ltr'><em>diem</em></span> <span class='ocrx_word' id='word_1_395' title='bbox 1566 2041 1760 2083; x_wconf 71' lang='lat' dir='ltr'><em>proaeimam</em></span> <span class='ocrx_word' id='word_1_396' title='bbox 1797 2041 1915 2073; x_wconf 80' lang='lat' dir='ltr'><em>iudicii</em></span> 
     </span>
     <span class='ocr_line' id='line_1_34' title="bbox 54 2095 1911 2143; baseline 0.004 -16"><span class='ocrx_word' id='word_1_397' title='bbox 54 2097 185 2127; x_wconf 89' lang='lat' dir='ltr'><em>statuet</em></span> <span class='ocrx_word' id='word_1_398' title='bbox 218 2098 252 2128; x_wconf 88' lang='lat' dir='ltr'><em>et</em></span> <span class='ocrx_word' id='word_1_399' title='bbox 279 2107 340 2129; x_wconf 89' lang='lat' dir='ltr'><em>suo</em></span> <span class='ocrx_word' id='word_1_400' title='bbox 369 2095 593 2129; x_wconf 85' lang='lat' dir='ltr'><em>aduersario.</em></span> <span class='ocrx_word' id='word_1_401' title='bbox 632 2097 665 2129; x_wconf 89' lang='lat' dir='ltr'><em>in</em></span> <span class='ocrx_word' id='word_1_402' title='bbox 695 2108 760 2141; x_wconf 88' lang='lat' dir='ltr'><em>quo</em></span> <span class='ocrx_word' id='word_1_403' title='bbox 789 2096 915 2130; x_wconf 81' lang='lat' dir='ltr'><em>ieulieio</em></span> <span class='ocrx_word' id='word_1_404' title='bbox 953 2108 1092 2130; x_wconf 89' lang='lat' dir='ltr'><em>causam</em></span> <span class='ocrx_word' id='word_1_405' title='bbox 1120 2097 1281 2131; x_wconf 87' lang='lat' dir='ltr'><em>absencie</em></span> <span class='ocrx_word' id='word_1_406' title='bbox 1318 2110 1378 2132; x_wconf 87' lang='lat' dir='ltr'><em>sue</em></span> <span class='ocrx_word' id='word_1_407' title='bbox 1411 2111 1478 2143; x_wconf 87' lang='lat' dir='ltr'><em>per</em></span> <span class='ocrx_word' id='word_1_408' title='bbox 1506 2101 1645 2134; x_wconf 86' lang='lat' dir='ltr'><em>euidens</em></span> <span class='ocrx_word' id='word_1_409' title='bbox 1684 2102 1911 2142; x_wconf 79' lang='lat' dir='ltr'><em>lestimonjum</em></span> 
     </span>
     <span class='ocr_line' id='line_1_35' title="bbox 55 2155 1911 2205; baseline 0.004 -18"><span class='ocrx_word' id='word_1_410' title='bbox 55 2158 193 2187; x_wconf 88' lang='lat' dir='ltr'><em>tenetur</em></span> <span class='ocrx_word' id='word_1_411' title='bbox 221 2155 453 2200; x_wconf 86' lang='lat' dir='ltr'><em>comprobare.</em></span> <span class='ocrx_word' id='word_1_412' title='bbox 484 2157 529 2191; x_wconf 75' lang='lat' dir='ltr'><em>Si</em></span> <span class='ocrx_word' id='word_1_413' title='bbox 556 2169 638 2191; x_wconf 87' lang='lat' dir='ltr'><em>uero</em></span> <span class='ocrx_word' id='word_1_414' title='bbox 668 2159 893 2191; x_wconf 72' lang='lat' dir='ltr'><em>testimonium</em></span> <span class='ocrx_word' id='word_1_415' title='bbox 924 2169 988 2202; x_wconf 87' lang='lat' dir='ltr'><em>quo</em></span> <span class='ocrx_word' id='word_1_416' title='bbox 1013 2159 1205 2202; x_wconf 88' lang='lat' dir='ltr'><em>procedere</em></span> <span class='ocrx_word' id='word_1_417' title='bbox 1233 2160 1365 2202; x_wconf 82' lang='lat' dir='ltr'><em>nititur,</em></span> <span class='ocrx_word' id='word_1_418' title='bbox 1391 2165 1532 2205; x_wconf 88' lang='lat' dir='ltr'><em>proptel</em></span> <span class='ocrx_word' id='word_1_419' title='bbox 1562 2162 1638 2194; x_wconf 83' lang='lat' dir='ltr'><em>uias</em></span> <span class='ocrx_word' id='word_1_420' title='bbox 1667 2165 1818 2195; x_wconf 89' lang='lat' dir='ltr'><em>remotas</em></span> <span class='ocrx_word' id='word_1_421' title='bbox 1851 2162 1911 2195; x_wconf 86' lang='lat' dir='ltr'><em>illo</em></span> 
     </span>
     <span class='ocr_line' id='line_1_36' title="bbox 56 2215 1915 2263; baseline 0.005 -16"><span class='ocrx_word' id='word_1_422' title='bbox 56 2216 111 2248; x_wconf 86' lang='lat' dir='ltr'><em>die</em></span> <span class='ocrx_word' id='word_1_423' title='bbox 139 2215 194 2248; x_wconf 87' lang='lat' dir='ltr'><em>die</em></span> <span class='ocrx_word' id='word_1_424' title='bbox 224 2216 314 2257; x_wconf 82' lang='lat' dir='ltr'><em>(sic)</em></span> <span class='ocrx_word' id='word_1_425' title='bbox 345 2217 472 2251; x_wconf 79' lang='lat' dir='ltr'><em>habere</em></span> <span class='ocrx_word' id='word_1_426' title='bbox 505 2229 570 2251; x_wconf 87' lang='lat' dir='ltr'><em>non</em></span> <span class='ocrx_word' id='word_1_427' title='bbox 601 2220 744 2262; x_wconf 84' lang='lat' dir='ltr'><em>poterit.</em></span> <span class='ocrx_word' id='word_1_428' title='bbox 801 2218 926 2252; x_wconf 84' lang='lat' dir='ltr'><em>Iterum</em></span> <span class='ocrx_word' id='word_1_429' title='bbox 963 2219 1008 2252; x_wconf 88' lang='lat' dir='ltr'><em>ad</em></span> <span class='ocrx_word' id='word_1_430' title='bbox 1031 2220 1226 2263; x_wconf 60' lang='lat' dir='ltr'><em>proximam</em></span> <span class='ocrx_word' id='word_1_431' title='bbox 1260 2220 1346 2253; x_wconf 85' lang='lat' dir='ltr'><em>diem</em></span> <span class='ocrx_word' id='word_1_432' title='bbox 1387 2222 1507 2255; x_wconf 83' lang='lat' dir='ltr'><em>imlicii</em></span> <span class='ocrx_word' id='word_1_433' title='bbox 1534 2221 1774 2258; x_wconf 78' lang='lat' dir='ltr'><em>imluciabitur.</em></span> <span class='ocrx_word' id='word_1_434' title='bbox 1804 2227 1838 2256; x_wconf 92' lang='lat' dir='ltr'><em>et</em></span> <span class='ocrx_word' id='word_1_435' title='bbox 1867 2222 1915 2256; x_wconf 81' lang='lat' dir='ltr'><em>ibi</em></span> 
     </span>
     <span class='ocr_line' id='line_1_37' title="bbox 54 2276 1913 2325; baseline 0.005 -17"><span class='ocrx_word' id='word_1_436' title='bbox 54 2276 210 2320; x_wconf 79' lang='lat' dir='ltr'><em>finaliter</em></span> <span class='ocrx_word' id='word_1_437' title='bbox 239 2287 375 2310; x_wconf 84' lang='lat' dir='ltr'><em>causam</em></span> <span class='ocrx_word' id='word_1_438' title='bbox 404 2290 464 2312; x_wconf 88' lang='lat' dir='ltr'><em>sue</em></span> <span class='ocrx_word' id='word_1_439' title='bbox 492 2277 654 2312; x_wconf 89' lang='lat' dir='ltr'><em>absencie</em></span> <span class='ocrx_word' id='word_1_440' title='bbox 684 2283 820 2312; x_wconf 82' lang='lat' dir='ltr'><em>tenetur</em></span> <span class='ocrx_word' id='word_1_441' title='bbox 847 2278 1082 2323; x_wconf 75' lang='lat' dir='ltr'><em>comprobare.</em></span> <span class='ocrx_word' id='word_1_442' title='bbox 1139 2279 1182 2314; x_wconf 88' lang='lat' dir='ltr'><em>Si</em></span> <span class='ocrx_word' id='word_1_443' title='bbox 1220 2284 1331 2314; x_wconf 89' lang='lat' dir='ltr'><em>autem</em></span> <span class='ocrx_word' id='word_1_444' title='bbox 1370 2283 1524 2315; x_wconf 79' lang='lat' dir='ltr'><em>residens</em></span> <span class='ocrx_word' id='word_1_445' title='bbox 1549 2284 1657 2325; x_wconf 82' lang='lat' dir='ltr'><em>fuerit</em></span> <span class='ocrx_word' id='word_1_446' title='bbox 1685 2287 1790 2317; x_wconf 72' lang='lat' dir='ltr'><em>eoetra</em></span> <span class='ocrx_word' id='word_1_447' title='bbox 1820 2288 1913 2317; x_wconf 84' lang='lat' dir='ltr'><em>terre</em></span> 
     </span>
     <span class='ocr_line' id='line_1_38' title="bbox 57 2338 1913 2384; baseline 0.004 -14"><span class='ocrx_word' id='word_1_448' title='bbox 57 2338 237 2379; x_wconf 80' lang='lat' dir='ltr'><em>terminos,</em></span> <span class='ocrx_word' id='word_1_449' title='bbox 280 2338 369 2380; x_wconf 81' lang='lat' dir='ltr'><em>infra</em></span> <span class='ocrx_word' id='word_1_450' title='bbox 412 2338 466 2373; x_wconf 71' lang='lat' dir='ltr'><em>Vl.</em></span> <span class='ocrx_word' id='word_1_451' title='bbox 503 2341 713 2384; x_wconf 85' lang='lat' dir='ltr'><em>septimanas</em></span> <span class='ocrx_word' id='word_1_452' title='bbox 746 2339 999 2384; x_wconf 83' lang='lat' dir='ltr'><em>protestabitur</em></span> <span class='ocrx_word' id='word_1_453' title='bbox 1032 2340 1231 2384; x_wconf 77' lang='lat' dir='ltr'><em>leqittimam</em></span> <span class='ocrx_word' id='word_1_454' title='bbox 1277 2354 1413 2376; x_wconf 86' lang='lat' dir='ltr'><em>causam</em></span> <span class='ocrx_word' id='word_1_455' title='bbox 1449 2342 1610 2376; x_wconf 78' lang='lat' dir='ltr'><em>absencie</em></span> <span class='ocrx_word' id='word_1_456' title='bbox 1657 2356 1716 2377; x_wconf 87' lang='lat' dir='ltr'><em>sue</em></span> <span class='ocrx_word' id='word_1_457' title='bbox 1761 2345 1818 2378; x_wconf 86' lang='lat' dir='ltr'><em>uel</em></span> <span class='ocrx_word' id='word_1_458' title='bbox 1862 2347 1913 2378; x_wconf 87' lang='lat' dir='ltr'><em>ius</em></span> 
     </span>
     <span class='ocr_line' id='line_1_39' title="bbox 57 2386 1912 2449; baseline 0.006 -20"><span class='ocrx_word' id='word_1_459' title='bbox 57 2409 149 2431; x_wconf 86' lang='lat' dir='ltr'><em>suum</em></span> <span class='ocrx_word' id='word_1_460' title='bbox 176 2397 299 2442; x_wconf 88' lang='lat' dir='ltr'><em>perdet</em></span> <span class='ocrx_word' id='word_1_461' title='bbox 328 2400 417 2431; x_wconf 82' lang='lat' dir='ltr'><em>omni</em></span> <span class='ocrx_word' id='word_1_462' title='bbox 443 2400 541 2435; x_wconf 89' lang='lat' dir='ltr'><em>dubio</em></span> <span class='ocrx_word' id='word_1_463' title='bbox 579 2401 808 2446; x_wconf 86' lang='lat' dir='ltr'><em>proculmoto.</em></span> <span class='ocrx_word' id='word_1_464' title='bbox 865 2386 940 2434; x_wconf 64' lang='lat' dir='ltr'><em>lieo</em></span> <span class='ocrx_word' id='word_1_465' title='bbox 968 2404 1079 2434; x_wconf 84' lang='lat' dir='ltr'><em>autem</em></span> <span class='ocrx_word' id='word_1_466' title='bbox 1115 2406 1192 2435; x_wconf 89' lang='lat' dir='ltr'><em>sunt</em></span> <span class='ocrx_word' id='word_1_467' title='bbox 1227 2414 1330 2436; x_wconf 83' lang='lat' dir='ltr'><em>cause</em></span> <span class='ocrx_word' id='word_1_468' title='bbox 1360 2404 1478 2448; x_wconf 78' lang='lat' dir='ltr'><em>quibus</em></span> <span class='ocrx_word' id='word_1_469' title='bbox 1514 2405 1706 2437; x_wconf 70' lang='lat' dir='ltr'><em>necessitas</em></span> <span class='ocrx_word' id='word_1_470' title='bbox 1742 2406 1912 2449; x_wconf 72' lang='lat' dir='ltr'><em>leqillima</em></span> 
     </span>
     <span class='ocr_line' id='line_1_40' title="bbox 55 2457 1912 2510; baseline 0.004 -19"><span class='ocrx_word' id='word_1_471' title='bbox 55 2457 204 2502; x_wconf 87' lang='lat' dir='ltr'><em>probari</em></span> <span class='ocrx_word' id='word_1_472' title='bbox 230 2457 344 2491; x_wconf 78' lang='lat' dir='ltr'><em>habet.</em></span> <span class='ocrx_word' id='word_1_473' title='bbox 402 2459 515 2495; x_wconf 85' lang='lat' dir='ltr'><em>Primo</em></span> <span class='ocrx_word' id='word_1_474' title='bbox 541 2464 701 2506; x_wconf 83' lang='lat' dir='ltr'><em>princeps</em></span> <span class='ocrx_word' id='word_1_475' title='bbox 739 2466 830 2494; x_wconf 81' lang='lat' dir='ltr'><em>terre</em></span> <span class='ocrx_word' id='word_1_476' title='bbox 861 2461 916 2494; x_wconf 77' lang='lat' dir='ltr'><em>ml</em></span> <span class='ocrx_word' id='word_1_477' title='bbox 938 2465 1061 2505; x_wconf 84' lang='lat' dir='ltr'><em>potens</em></span> <span class='ocrx_word' id='word_1_478' title='bbox 1090 2463 1163 2495; x_wconf 80' lang='lat' dir='ltr'><em>eius</em></span> <span class='ocrx_word' id='word_1_479' title='bbox 1199 2465 1410 2497; x_wconf 81' lang='lat' dir='ltr'><em>camerarius</em></span> <span class='ocrx_word' id='word_1_480' title='bbox 1440 2465 1576 2507; x_wconf 75' lang='lat' dir='ltr'><em>inlwdit.</em></span> <span class='ocrx_word' id='word_1_481' title='bbox 1635 2465 1793 2500; x_wconf 83' lang='lat' dir='ltr'><em>Secundo</em></span> <span class='ocrx_word' id='word_1_482' title='bbox 1824 2469 1912 2510; x_wconf 66' lang='lat' dir='ltr'><em>tynis</em></span> 
     </span>
     <span class='ocr_line' id='line_1_41' title="bbox 60 2519 1914 2570; baseline 0.005 -19"><span class='ocrx_word' id='word_1_483' title='bbox 60 2519 116 2553; x_wconf 88' lang='lat' dir='ltr'><em>uel</em></span> <span class='ocrx_word' id='word_1_484' title='bbox 142 2519 314 2553; x_wconf 85' lang='lat' dir='ltr'><em>diluuium.</em></span> <span class='ocrx_word' id='word_1_485' title='bbox 350 2519 471 2553; x_wconf 75' lang='lat' dir='ltr'><em>Ter-cio</em></span> <span class='ocrx_word' id='word_1_486' title='bbox 498 2523 671 2565; x_wconf 67' lang='lat' dir='ltr'><em>(feneratis</em></span> <span class='ocrx_word' id='word_1_487' title='bbox 699 2534 835 2566; x_wconf 70' lang='lat' dir='ltr'><em>qwerra</em></span> <span class='ocrx_word' id='word_1_488' title='bbox 857 2526 1038 2555; x_wconf 87' lang='lat' dir='ltr'><em>terrarum.</em></span> <span class='ocrx_word' id='word_1_489' title='bbox 1073 2523 1204 2566; x_wconf 75' lang='lat' dir='ltr'><em>Quarto</em></span> <span class='ocrx_word' id='word_1_490' title='bbox 1233 2526 1421 2568; x_wconf 77' lang='lat' dir='ltr'><em>captiuilas</em></span> <span class='ocrx_word' id='word_1_491' title='bbox 1451 2525 1506 2558; x_wconf 85' lang='lat' dir='ltr'><em>uel</em></span> <span class='ocrx_word' id='word_1_492' title='bbox 1532 2526 1674 2569; x_wconf 87' lang='lat' dir='ltr'><em>spolium</em></span> <span class='ocrx_word' id='word_1_493' title='bbox 1704 2528 1795 2570; x_wconf 83' lang='lat' dir='ltr'><em>infra</em></span> <span class='ocrx_word' id='word_1_494' title='bbox 1824 2530 1914 2560; x_wconf 83' lang='lat' dir='ltr'><em>uiam</em></span> 
     </span>
     <span class='ocr_line' id='line_1_42' title="bbox 56 2580 1911 2632; baseline 0.005 -21"><span class='ocrx_word' id='word_1_495' title='bbox 56 2580 267 2623; x_wconf 76' lang='lat' dir='ltr'><em>procedendi</em></span> <span class='ocrx_word' id='word_1_496' title='bbox 303 2581 444 2623; x_wconf 51' lang='lat' dir='ltr'><em>sactum.</em></span> <span class='ocrx_word' id='word_1_497' title='bbox 505 2582 627 2624; x_wconf 69' lang='lat' dir='ltr'><em>Qrdnto</em></span> <span class='ocrx_word' id='word_1_498' title='bbox 657 2585 836 2627; x_wconf 79' lang='lat' dir='ltr'><em>infirmitas</em></span> <span class='ocrx_word' id='word_1_499' title='bbox 866 2594 929 2615; x_wconf 85' lang='lat' dir='ltr'><em>non</em></span> <span class='ocrx_word' id='word_1_500' title='bbox 955 2585 1052 2627; x_wconf 76' lang='lat' dir='ltr'><em>(icta.</em></span> <span class='ocrx_word' id='word_1_501' title='bbox 1109 2584 1222 2617; x_wconf 65' lang='lat' dir='ltr'><em>Serto</em></span> <span class='ocrx_word' id='word_1_502' title='bbox 1262 2597 1349 2617; x_wconf 67' lang='lat' dir='ltr'><em>inm-s</em></span> <span class='ocrx_word' id='word_1_503' title='bbox 1380 2588 1500 2618; x_wconf 69' lang='lat' dir='ltr'><em>usuris</em></span> <span class='ocrx_word' id='word_1_504' title='bbox 1530 2586 1678 2629; x_wconf 72' lang='lat' dir='ltr'><em>leffl&#39;time</em></span> <span class='ocrx_word' id='word_1_505' title='bbox 1707 2589 1764 2621; x_wconf 81' lang='lat' dir='ltr'><em>uel</em></span> <span class='ocrx_word' id='word_1_506' title='bbox 1787 2591 1911 2632; x_wconf 80' lang='lat' dir='ltr'><em>patris.</em></span> 
     </span>
    </p>
   </div>
  </div>
 </body>
</html>
