2184 2828
1039 111 1111 144 &fio

1026 277 1132 312 273.

155 365 335 408 Zeayniss.
366 364 446 397 cluss
476 362 568 395 (furh
599 360 744 393 alles-let·
773 358 866 392 Solen
897 359 954 390 des
985 356 1113 399 Ii'om'gys
1141 354 1278 387 ‚loleann
1316 365 1376 386 ron
1410 352 1556 386 Bolemeu
1586 355 1652 386 med
1680 353 1797 386 Palen.
1825 350 2000 396 freimilliy

154 424 380 469 rersproeleen
411 422 509 456 habe.
540 422 594 454 die
630 420 733 454 durch
769 420 863 451 sesne
899 417 1040 450 „leltern
1077 414 1290 459 fleu-heleene
1328 413 1531 457 Sebenlsuny
1565 424 1628 446 ron
1658 412 1900 446 Pommerellen
1934 412 2001 445 und

157 486 285 519 Dola-m
315 496 357 518 (m
387 484 448 517 deu
478 481 660 515 deutschen
693 480 804 513 Orden
834 490 872 511 sn
903 477 1103 519 lwslutiyen.
1135 475 1216 508 Dto.
1249 476 1280 507 iu
1310 477 1427 507 (πείνη
1458 485 1496 506 zu
1525 473 1584 506 der
1615 473 1792 508 Welsvleen
1820 472 1903 506 cels.
1931 473 1997 515 fer.

630 541 664 575 V
692 544 771 585 post
804 537 1120 582 (mas-imodoy(miti
1149 535 1228 575 (19.
1262 534 1385 578 April)
1420 533 1528 567 1330.

309 603 399 655 Nos
428 619 596 654 Arnoldus
632 619 784 652 dominus
820 617 860 649 de
896 616 1002 660 Rupe.
1040 613 1207 646 Arnoldus
1241 613 1391 645 dominus
1421 611 1461 644 de
1492 611 1679 656 Pyttingen.
1712 609 1905 644 Bertboldus
1934 610 1999 643 do-

154 687 259 717 minus
297 683 337 715 de
371 680 601 727 Zynnenburg
634 684 666 712 et
699 678 872 711 Joliannes
906 676 946 708 (le
981 674 1138 707 (Jscliens
1175 673 1326 706 dominus
1362 673 1402 705 de
1442 671 1605 717 Gyneppe
1644 671 1930 711 Recognoscimus
1967 675 2000 704 et

154 749 269 777 tenore
299 744 509 788 presencium
539 740 669 786 publice
699 738 900 784 proliteunir.
931 735 1015 780 quod
1047 738 1077 767 in
1108 738 1221 767 nostra
1251 736 1451 766 constitutus
1486 734 1657 776 presencia
1687 731 1828 765 Illustris
1857 729 2000 764 Karolus

156 805 400 847 l’rimogenitus
433 801 601 846 Magniliei
635 800 801 844 xPrincipis
841 797 961 830 domini
1001 797 1100 828 nostri
1137 794 1256 827 domini
1295 792 1457 826 Joliannis
1495 792 1628 825 Boemie
1664 797 1693 825 et
1731 791 1865 824 l'olonie
1894 790 2000 835 Regis

153 877 191 898 ac
220 863 514 907 Lucenburgensis
543 862 690 895 Comitis.
721 859 808 892 nullo
837 862 923 891 metu
954 855 1144 901 compulsus
1174 866 1235 887 nec
1273 854 1387 887 l'raude
1421 857 1473 886 ant
1503 853 1576 886 dolo
1605 852 1755 886 inductus
1785 851 1843 885 sed
1873 850 2001 885 libera-

155 926 228 959 liter
258 929 288 957 et
319 928 438 969 sponte
467 934 505 956 ac
533 933 614 967 pure
644 931 701 965 pro
732 930 769 952 se
799 921 934 961 suisque
964 915 1142 949 heredibus
1171 920 1202 948 et
1232 912 1484 948 suecessoribus
1514 915 1679 946 universis
1714 915 1863 957 promisit
1891 912 2002 946 dona-

153 990 283 1019 cionem
314 989 402 1018 terre
431 983 626 1016 Pomeranie
655 990 728 1013 cum
758 981 826 1012 suis
856 979 1082 1023 pertinenciis.
1119 975 1297 1019 Religiosis
1332 977 1411 1008 viris
1446 973 1537 1007 fratri
1566 972 1757 1007 wernhero
1793 972 1833 1006 de
1867 972 2000 1015 Orzele,

154 1048 292 1080 l'ratrum
330 1044 454 1078 ordinis
492 1042 670 1087 Hospitalis
707 1039 802 1073 beate
843 1038 949 1072 Marte
988 1037 1103 1070 domus
1138 1035 1281 1069 Tbeutb.
1320 1034 1406 1068 lrlm.
1446 1037 1591 1080 ipsisque
1628 1033 1786 1068 fratribus
1826 1038 1858 1067 et
1895 1032 2002 1067 ordini

154 1106 303 1153 predicto
332 1116 392 1151 per
422 1102 630 1147 magnificum
661 1101 826 1133 ‹ltnninuin
855 1098 1042 1132 Jobannem
1079 1096 1245 1130 dominum
1282 1099 1429 1129 nostrum
1466 1094 1647 1140 predictum
1676 1104 1806 1127 necnon
1836 1094 2002 1128 dominam

154 1166 319 1213 Elyzahet
357 1165 519 1209 Reginam
555 1162 714 1195 Bobemie
747 1164 779 1194 et
813 1159 949 1192 Polonie
987 1169 1026 1191 ac
1062 1158 1269 1190 comitissam
1305 1154 1621 1199 Lucenburgensem
1659 1154 1892 1188 Conthoralem
1931 1156 2003 1188 eius

155 1229 345 1272 legittimam
375 1228 530 1271 parentes
560 1223 635 1256 dicti
666 1221 880 1265 Primogeniti
910 1222 995 1252 inter
1023 1221 1132 1252 vivos.
1170 1228 1299 1250 necnon
1335 1215 1567 1249 vendicionem
1602 1219 1635 1248 et
1668 1214 1884 1248 tradicionem
1915 1219 2004 1248 terre

154 1287 420 1321 Doberinensem
451 1296 509 1330 per
538 1282 731 1330 prelibatum
762 1281 927 1314 dominum
957 1283 1106 1312 nostrum
1136 1278 1302 1311 dominum
1332 1276 1460 1321 Regem
1490 1275 1586 1309 dictis
1606 1274 1766 1319 Magistro
1792 1279 1825 1308 et
1847 1274 2003 1309 fratribus

154 1353 215 1383 rite
245 1353 275 1382 et
307 1348 464 1392 legittime
499 1345 616 1387 factas7
651 1343 817 1389 perlectas
854 1346 887 1374 et
921 1339 1105 1374 celebratas
1142 1342 1236 1384 prout
1274 1340 1302 1370 in
1339 1336 1570 1370 lustruinentis
1607 1346 1706 1381 super
1740 1335 1804 1369 hoe
1840 1334 2004 1368 confectis

154 1410 284 1455 plenius
323 1411 511 1442 continetur
547 1404 728 1439 secundum
772 1412 902 1435 omnem
941 1405 1090 1434 tenorem
1129 1403 1161 1432 et
1203 1398 1341 1431 sormam
1380 1397 1540 1430 dictorum
1579 1395 1875 1430 Iusti-umentorum
1916 1399 2005 1429 ratas

154 1475 268 1515 gratas
306 1473 336 1502 et
370 1467 482 1502 firmas
514 1469 674 1512 perpetuo
708 1474 746 1498 se
779 1462 963 1496 habiturum
999 1464 1029 1493 et
1063 1458 1297 1493 inviolabiliter
1334 1462 1556 1499 servaturum,
1596 1467 1658 1490 nec
1691 1461 1806 1489 contra
1844 1466 1902 1490 eas
1939 1455 2006 1489 ullo

157 1541 309 1576 umquam
337 1533 487 1574 tempore
515 1524 604 1563 fa'cto
633 1529 687 1558 aut
716 1527 787 1558 iure
816 1523 928 1557 facere
961 1521 1016 1555 vel
1050 1523 1166 1555 venire
1204 1530 1263 1565 per
1295 1529 1332 1552 se
1366 1518 1420 1552 vel
1449 1518 1545 1551 alium
1576 1516 1703 1563 publice
1732 1517 1784 1550 vel
1815 1517 1945 1550 occulte
1972 1518 2005 1550 in

155 1597 224 1625 toto
254 1590 438 1635 aliqualiter
466 1588 519 1622 vel
548 1590 579 1621 in
609 1590 712 1632 parte,
742 1584 782 1618 Et
810 1594 911 1630 super
938 1582 1000 1616 hiis
1029 1580 1180 1615 omnibus
1208 1584 1241 1613 et
1270 1579 1410 1623 singulis
1439 1589 1538 1624 supra
1568 1582 1601 1611 et
1627 1576 1711 1611 infra
1737 1579 1868 1622 scriptis
1891 1579 2007 1610 invio—

155 1652 300 1687 labiliter
328 1654 359 1684 in
389 1653 582 1696 perpetuum
612 1644 833 1680 observandis
864 1648 897 1677 et
925 1641 1132 1688 adinplendis
1171 1641 1244 1674 loco
1278 1641 1452 1673 iuramenti
1486 1637 1582 1672 fidem
1616 1639 1757 1683 prestitit
1784 1637 2006 1682 corporalem,

156 1716 354 1760 promittens
383 1721 443 1756 per
471 1708 567 1743 lidem
596 1707 759 1749 eamdem,
790 1709 823 1739 ut
851 1714 924 1738 cum
960 1702 1001 1736 ad
1031 1706 1151 1736 etatem
1180 1701 1372 1743 legittimam
1402 1701 1593 1745 pervenerit
1625 1698 1757 1731 domino
1786 1696 2007 1739 concedente,

157 1774 375 1808 donacionem
405 1775 437 1805 et
466 1769 700 1805 vendicionem
730 1765 898 1813 predictas
933 1760 1108 1797 ratificabit
1143 1766 1177 1795 et
1210 1759 1418 1794 confirmabit
1454 1759 1493 1792 ad
1530 1762 1686 1792 maiorem
1717 1757 1945 1791 certitudinem
1975 1761 2009 1790 et

154 1834 328 1869 cautelam.
359 1831 500 1877 Insuper
528 1829 752 1864 Renunciavit
781 1825 979 1870 exeepcioni
1013 1823 1078 1857 doli
1107 1822 1183 1856 mali
1219 1824 1251 1855 in
1280 1821 1401 1854 factum
1433 1822 1562 1854 accioni
1591 1818 1754 1857 beneficio
1784 1820 2033 1852 restitucionisa

157 1899 188 1929 in
219 1898 395 1938 integrum.
425 1888 724 1926 constitucionibus
754 1892 787 1921 et
816 1882 1109 1920 consuetudinibus
1138 1881 1338 1927 quibuslibet
1365 1883 1552 1922 contrariis.
1582 1879 1710 1913 Litteris
1735 1883 1765 1911 et
1786 1878 2008 1923 indulgenei'rs

156 1955 350 2001 apostolicis
379 1957 411 1986 et
438 1949 668 1997 Imperialibus
697 1959 756 1982 seu
787 1959 804 1980 a
834 1949 981 1980 romanis
1010 1943 1159 1988 Regibus
1188 1944 1372 1988 impetratis
1401 1952 1461 1975 seu
1490 1939 1716 1986 impetrandis,
1746 1941 1900 1984 omnique
1929 1941 2010 1973 iuris

156 2017 308 2050 canonici
338 2018 370 2048 et
398 2013 505 2047 civilis
534 2009 668 2047 anxilio.
699 2020 757 2055 per
785 2007 871 2053 quod
906 2006 967 2040 sibi
1006 2009 1059 2038 aut
1098 2006 1170 2038 suis
1209 2002 1384 2037 heredibus
1414 2007 1444 2035 et
1480 1999 1731 2035 successoribus
1761 2003 1873 2044 posset
1902 1998 2010 2044 aliquo

156 2076 254 2111 modo
284 2075 488 2118 sull'ragium.
517 2071 677 2115 Magistro
707 2079 789 2102 vero
819 2072 873 2101 aut
902 2064 1059 2100 fratribus
1087 2075 1146 2098 seu
1177 2066 1280 2097 eciam
1310 2065 1372 2109 ipsi
1398 2062 1504 2097 ordini
1525 2060 1742 2107 preiudicium
1767 2058 2012 2105 quomodolibet

156 2138 324 2182 generari.
355 2134 426 2168 Hec
456 2135 617 2179 premissa
647 2132 755 2164 omnia
786 2133 819 2162 et
847 2126 977 2171 singula
1007 2129 1037 2159 in
1066 2129 1180 2159 nostra
1209 2128 1281 2157 acta
1311 2128 1387 2157 sunt
1417 2124 1590 2168 presencia
1624 2125 1655 2154 et
1691 2131 1730 2154 ea
1764 2120 1834 2154 fieri
1863 2119 2007 2154 vidimus

157 2203 189 2231 et
217 2196 403 2230 audivimus
432 2198 465 2227 et
493 2192 533 2226 ad
562 2191 625 2225 boe
653 2201 712 2235 pro
742 2187 882 2222 testibus
914 2189 1027 2220 vocati
1062 2185 1180 2219 fuimus
1217 2184 1408 2230 specialiter
1436 2187 1466 2216 et
1494 2184 1615 2226 rogati.
1645 2180 1680 2214 In
1711 2183 1804 2215 cuius
1831 2182 1880 2214 rei
1908 2182 2007 2214 testi-

158 2260 301 2291 monium
345 2254 461 2299 Sigilla
499 2256 612 2287 nostra
650 2250 803 2284 duximus
842 2246 1053 2294 presentibus
1093 2244 1325 2291 appendenda.
1364 2244 1484 2278 Actum
1520 2245 1552 2276 in
1590 2240 1707 2275 Castro
1744 2240 1831 2275 dicto
1867 2251 1908 2274 zu
1946 2239 2006 2274 der

159 2316 345 2351 Welscben
373 2315 446 2349 vels
474 2314 575 2347 Anno
604 2311 736 2345 domini.
765 2307 827 2344 ΜΟ.
859 2307 940 2342 CCC
968 2304 1095 2340 XXXO.
1126 2305 1208 2340 feria
1237 2307 1347 2350 quinta
1375 2308 1450 2350 post
1474 2302 1689 2336 dominicam.
1708 2328 1714 2334 .
1733 2329 1741 2335 .
1760 2299 2005 2342 ‚Quasimodo-

160 2380 262 2423 geniti
292 2376 485 2409 Indiccione
514 2375 615 2407 tercia
644 2371 782 2404 decima.
1726 2361 1732 2367 '

468 2453 567 2485 (Voigt
591 2450 657 2477 Cod.
684 2449 793 2482 diplom.
821 2448 934 2473 Prussic.
959 2446 985 2472 T.
1010 2446 1029 2471 l.
1061 2453 1086 2479 p.
1122 2444 1190 2470 180.
1222 2452 1246 2469 n.
1278 2441 1428 2469 cxxxvll.
1461 2441 1526 2466 nach
1559 2440 1606 2466 der
1630 2440 1704 2474 Orig.
1729 2440 1793 2466 Urk.
1825 2441 1857 2465 ini
1887 2439 2003 2473 gebeim.

572 2503 674 2535 konigl.
699 2501 803 2526 Preuss.
832 2501 853 2525 Α
859 2499 972 2525 rotave.)
