2184 2828
133 218 209 252 libet
237 218 334 251 laneo
363 228 485 251 census
514 220 648 251 nomine
676 216 771 251 nobis
800 216 931 250 solvent
959 215 1091 260 aliaque
1118 218 1230 248 cetera
1260 214 1462 248 exhibebunt
1486 219 1519 249 et
1543 215 1677 258 l'acient‚
1705 220 1738 250 et
1762 227 1825 262 que
1845 216 1982 249 aliarum

133 282 287 312 tenentur
315 277 466 312 homines
495 277 658 312 exhibere
687 282 719 311 et
748 277 862 311 facere
891 276 1079 311 Civitatum.
1109 275 1258 309 addimus
1287 278 1390 309 eciam
1421 276 1462 310 de
1490 275 1728 310 habundaciori
1755 279 1870 322 gracia
1899 276 1983 310 dicte

132 339 263 374 Civitati
291 338 374 373 ultra
403 341 639 384 quinquaginta
667 338 788 372 laneos
825 348 907 383 quos
944 336 1086 371 babebat
1117 339 1328 382 septuaginta
1362 337 1477 371 laneos
1513 336 1553 371 ab
1591 340 1639 371 eis
1674 342 1836 384 perpetuo
1870 341 1985 384 possi-

132 400 269 442 dendos,
310 399 357 433 lta
395 402 439 433 uti
476 402 674 446 computatis
711 403 774 433 tam
813 399 918 432 laneis
953 400 1042 444 prius
1072 396 1188 431 habitis
1224 407 1321 442 quain
1355 397 1519 431 adiunctis
1554 397 1669 432 eadem
1699 397 1823 432 Civitas
1851 403 1982 433 centum

133 463 250 506 viginti
278 461 394 494 laneos
423 460 542 494 debeat
571 460 758 506 possidere,
789 459 830 493 de
859 470 996 505 quorum
1026 457 1169 504 quolibet
1201 462 1277 504 post
1304 458 1504 504 prefatorum
1540 464 1615 492 octo
1645 470 1805 493 annorum
1836 462 1982 505 spacium

133 521 387 567 percompletum
418 520 513 555 nobis
542 532 602 567 pei·
630 531 848 567 possessores
887 531 1001 554 eorum
1040 530 1185 553 marcam
1219 521 1350 563 argenti
1386 519 1520 553 solvere
1555 522 1650 554 annis
1685 520 1826 564 singulis
1861 531 1984 554 census

132 586 229 627 prout
257 586 307 615 est
334 585 486 627 superius
515 582 718 615 denotatum.
750 581 907 615 Preterea
944 583 1019 625 quia
1054 583 1180 614 racioni
1210 583 1362 624 congruit
1394 584 1428 613 et
1455 585 1619 614 consonat
1647 583 1782 626 equitati
1810 585 1845 614 nt
1874 580 1984 625 dignis

133 645 334 687 premiantur
362 642 535 688 stipendiis
563 641 754 676 laborantes
784 646 816 675 et
845 644 988 675 maxime
1018 644 1071 686 qui
1099 640 1231 674 fuerunt
1259 639 1399 684 agendis
1424 640 1592 685 regalibus
1618 643 1758 683 onerati,
1785 651 1858 674 eum
1879 640 1984 674 dictus

132 703 185 736 cli.
216 702 438 748 predictorum
469 714 634 736 murorum
672 702 940 736 fabricandorum
979 712 1063 747 opus
1098 704 1283 747 susceperit
1310 701 1538 746 peragendum
1569 706 1601 734 ut
1630 701 1749 735 dictum
1779 712 1861 747 opus
1890 701 1983 735 utili-

132 768 200 797 tate
228 766 360 809 pensari
388 763 449 797 sibi
483 764 627 807 gaudeat
665 767 697 797 et
733 763 871 805 bonore.
909 766 1013 809 ipsum
1048 765 1080 796 in
1116 761 1200 795 dicta
1237 761 1378 795 Civitate
1410 761 1544 796 Jerinen
1580 765 1752 795 statuimus
1787 766 1981 808 perpetuum

133 824 274 858 iudicem
303 835 321 857 a
349 827 508 870 presenti.
538 824 692 858 volentes
722 829 755 857 ut
785 827 907 857 tercius
937 824 1092 857 denarius
1121 833 1253 868 semper
1287 822 1348 856 sibi
1381 825 1517 868 suisque
1546 823 1643 856 cedat
1672 822 1849 856 heredibus
1881 833 1985 857 sexus

133 884 358 919 tantummodo
387 885 559 918 masculini
588 885 670 919 duos
699 887 804 918 eciam
833 884 947 918 laneos
974 895 1018 918 ex
1043 886 1254 930 septuaginta
1277 883 1381 918 laneis
1401 887 1581 929 prenotatis
1611 895 1683 917 cuin
1712 886 1872 929 porcione
1901 887 1983 929 prati

132 957 195 992 que
222 949 314 992 ipsos
343 948 513 989 continget
540 945 657 979 laneos
686 945 792 979 eidem
823 945 876 979 cli.
907 944 1071 978 Duximus
1106 943 1341 979 concedendos
1369 943 1492 978 liberos
1526 949 1559 978 et
1587 944 1627 977 ab
1657 948 1743 978 omni
1773 956 1876 978 onere
1905 955 1984 978 sei·—

133 1009 245 1040 vitutis
273 1009 436 1047 inmunes,
466 1017 565 1039 unum
595 1005 761 1040 balneum.
793 1016 926 1040 mensas
955 1006 1037 1040 duas
1066 1009 1099 1039 in
1127 1005 1279 1048 macello„
1310 1004 1391 1039 duas
1421 1016 1554 1039 mensas
1582 1006 1678 1051 panis
1707 1010 1738 1038 et
1764 1005 1984 1038 molendinum

133 1078 233 1101 unum
261 1066 313 1101 cl1.
343 1066 450 1100 eidem
481 1066 532 1100 cli.
563 1070 700 1113 insuper
729 1066 956 1101 concedentes
985 1071 1017 1100 et
1046 1066 1198 1101 volentes
1233 1071 1267 1100 ut
1302 1068 1410 1100 omnia
1446 1071 1477 1100 et
1505 1067 1634 1111 singula
1664 1065 1822 1111 prelibata
1853 1068 1924 1111 ipse
1953 1070 1985 1098 et

133 1127 275 1162 heredes
303 1130 353 1162 sui
383 1127 485 1161 libere
514 1127 686 1173 possidere
721 1138 783 1161 nec
818 1138 877 1173 pro
913 1130 995 1173 ipsis
1025 1127 1143 1173 aliquid
1183 1127 1364 1161 exsolvere
1394 1131 1576 1162 teneantur.
1622 1127 1656 1160 ln
1687 1129 1781 1160 euius
1810 1130 1857 1160 rei
1886 1130 1984 1161 testi-

132 1192 276 1223 monium
304 1193 367 1223 etc.

1009 1363 1113 1398 ⁴⁰3.

139 1449 195 1485 W.
215 1478 220 1483 .
240 1476 265 1493 .,
305 1449 417 1493 Κϋηίῃ
453 1462 513 1482 ron
552 1450 700 1483 &osunen
737 1449 859 1493 best-eit
901 1450 954 1483 die
991 1449 1126 1494 Bilryet·
1158 1461 1222 1483 ton
1258 1450 1388 1484 Olmt'ltz
1425 1449 1542 1493 belmfis·
1578 1449 1672 1482 ilci-ei·
1706 1448 1883 1492 Erlmlimy
1918 1459 1982 1481 con

131 1512 192 1544 deu
223 1510 513 1556 Krieqsselzlayen
542 1512 608 1554 (ms
630 1512 715 1543 sirei
740 1510 849 1544 ⁷lalere
880 1523 940 1543 rou
970 1510 1059 1544 allen
1091 1511 1251 1545 Stenern.
1283 1511 1456 1544 Colleceen
1486 1511 1552 1544 etml
1581 1508 1867 1553 itlaeitlealiffliheu.
1900 1508 1982 1541 Dio.

806 1571 943 1605 Biwme
971 1569 1076 1605 0.'D.
1109 1572 1174 1605 med
1201 1571 1301 1605 Jahr.

253 1648 339 1704 w.
370 1667 421 1702 dei
450 1670 563 1711 gracia
594 1672 657 1701 etc.
689 1667 820 1701 tandum
857 1671 1014 1713 preconia
1050 1667 1228 1713 divinaque
1261 1669 1385 1713 premia
1421 1672 1452 1701 et
1481 1666 1652 1700 fructuose
1681 1668 1818 1711 insuper
1846 1664 1982 1698 obven-

128 1731 234 1762 cionis
263 1728 401 1774 adipisci
429 1729 593 1762 credimus
623 1732 840 1763 incrementa.
877 1739 951 1762 cum
988 1727 1126 1762 subditis
1159 1730 1281 1762 nostris
1317 1730 1370 1773 qui
1405 1732 1482 1774 post
1509 1727 1631 1761 obitum
1661 1726 1824 1772 quondam
1855 1726 1979 1759 domini

128 1792 229 1835 patris
257 1793 362 1824 nostri
391 1790 497 1824 felicis
526 1793 686 1823 memorie
714 1789 755 1823 ob
786 1792 944 1823 intestine
973 1791 1218 1823 corrixacionis
1239 1788 1373 1823 dissidia
1399 1793 1430 1822 et
1450 1788 1651 1822 turbacionis
1675 1787 1847 1832 dispendia
1871 1796 1984 1830 gene-

128 1850 223 1893 ralis,
264 1853 436 1896 angustias
477 1861 654 1896 erumpnas
684 1849 890 1884 afllicciones
919 1861 1044 1894 graves
1089 1854 1120 1882 et
1155 1849 1368 1883 calamitosas
1403 1849 1572 1883 molestias
1607 1851 1759 1894 perpessi
1795 1846 1835 1880 de
1868 1850 1984 1880 nostre

128 1910 344 1956 benignitatis
372 1914 485 1956 gracia
516 1911 641 1945 liberali
678 1911 895 1945 subvenimus
931 1910 1078 1944 remedio
1114 1921 1178 1955 quo
1210 1920 1268 1943 sua
1303 1910 1497 1944 releventur
1531 1912 1668 1955 penuria
1704 1913 1736 1941 et
1770 1908 1907 1941 valeant
1941 1907 1982 1940 ab

129 1972 312 2006 incomodis
341 1976 520 2018 respirare,
550 1971 598 2005 Ea
634 1976 770 2017 propter
804 1973 960 2005 noverint
996 1973 1146 2005 universi
1184 1974 1260 2013 etc.7
1290 1970 1375 2015 quod
1405 1981 1467 2004 nos
1501 1974 1535 2003 ut
1563 1970 1664 2003 Cives
1694 1971 1797 2002 nostri
1827 1967 1867 2001 dc
1897 1966 1981 2001 010-

132 2042 230 2065 munz
258 2036 312 2079 qui
341 2033 448 2067 multis
478 2032 702 2066 anxietatibus
731 2043 790 2077 per
817 2042 973 2076 gwerras
1002 2034 1033 2064 in
1063 2030 1215 2066 Mor-avia
1250 2030 1394 2077 dyabulo
1424 2034 1604 2076 instigante
1637 2034 1773 2063 exortas
1805 2033 1836 2062 et
1865 2028 1982 2061 eodem

129 2098 328 2138 procurante
356 2097 452 2128 annis
482 2093 642 2127 educatas
671 2092 818 2139 pluribus
849 2097 924 2126 sunt
953 2095 1118 2138 oppressi,
1148 2091 1387 2126 subvencionis
1417 2104 1480 2138 ope
1509 2094 1636 2137 possint
1664 2090 1791 2124 facilius
1812 2094 1843 2123 et
1866 2089 1983 2122 melius

130 2152 285 2195 relevari,
314 2155 439 2189 eisdem
470 2154 608 2187 Civibus
637 2156 806 2187 universis
835 2157 868 2186 et
896 2153 1037 2197 singulis
1066 2153 1196 2199 plenam
1234 2164 1293 2199 per
1321 2153 1457 2187 duorum
1489 2163 1649 2186 annorum
1680 2154 1830 2197 spacium
1861 2163 1878 2184 a
1907 2150 1982 2184 data

129 2216 339 2260 presencium
372 2215 651 2249 numerandorum
687 2213 902 2247 concedimus
939 2213 1123 2248 libertatem
1161 2214 1339 2248 reddentes
1373 2226 1434 2247 eos
1464 2213 1503 2247 ab
1532 2215 1620 2246 omni
1650 2214 1835 2245 exaccione
1866 2216 1983 2245 stein-e

128 2285 188 2309 seu
217 2274 358 2309 collecte
385 2276 562 2311 cuiuslibet
589 2280 621 2309 et
656 2287 672 2309 a
702 2275 874 2309 solucione
910 2274 1045 2309 tlielonii
1080 2274 1202 2319 ubique
1234 2278 1298 2308 tam
1335 2286 1394 2321 per
1432 2273 1622 2307 Bolicmiain
1661 2284 1758 2317 quain
1792 2271 1983 2306 Moraviani

128 2335 251 2370 liberos
280 2339 312 2369 et
339 2338 501 2374 inmunes*
531 2348 636 2371 censu
666 2336 837 2370 dumtaxat
865 2339 1010 2381 excepto
1040 2334 1126 2381 quod
1153 2334 1247 2368 nobis
1274 2339 1436 2369 tenentur.
1458 2337 1550 2367 euius
1571 2334 1734 2368 solucioni
1755 2344 1813 2367 eos
1834 2332 1979 2366 nichilo-

133 2399 240 2430 minus
269 2395 434 2431 obnoxios
465 2409 542 2432 esse
576 2398 727 2432 volumus
763 2401 795 2430 et
829 2399 1045 2430 astrictos.et
1081 2395 1166 2440 quod
1201 2395 1341 2429 eundem
1377 2407 1512 2429 censum
1549 2394 1643 2428 nobis
1679 2397 1809 2439 integre
1843 2394 1979 2427 solvere

128 2456 273 2491 debeant
307 2460 489 2501 annuatim,
532 2458 643 2500 Quare
682 2457 876 2491 mandamus
918 2461 1033 2490 tenore
1071 2460 1281 2502 presencium
1318 2459 1485 2490 universis
1525 2461 1557 2488 et
1597 2456 1735 2500 singulis
1772 2459 1884 2489 steure
1924 2453 1977 2487 vel

128 2518 268 2552 collecte
297 2521 535 2562 cuiuscumque
563 2518 796 2553 collectoribus
826 2523 857 2551 et
887 2517 1121 2553 Theloncariis
1151 2530 1190 2551 ac
1220 2520 1404 2563 purcraviis
1435 2516 1586 2550 omnibus
1612 2515 1773 2550 tlieloneis
1797 2514 1978 2560 possiden-

128 2578 212 2613 tibus
247 2583 310 2611 tam
347 2589 406 2623 per
434 2577 625 2613 Bohemiam
661 2590 756 2625 quam
793 2589 852 2624 per
890 2576 1076 2613 Moraviam
1113 2581 1298 2614 constitutis
1333 2582 1530 2623 quicumque
1566 2588 1623 2622 pro
1661 2582 1810 2622 tempore
1845 2575 1980 2608 suerint.

1819 2637 1873 2662 itti
