2184 2828
1135 137 1207 171 650

246 258 377 287 nostros
407 259 650 299 procuratores.
682 258 811 287 actores
833 265 891 287 seu
918 254 1062 288 sindicos
1093 258 1123 286 et
1144 254 1427 288 administratores
1454 257 1631 299 generales
1652 261 1683 290 et
1704 259 1918 295 neg-ociorum
1940 260 2078 289 nostro-

246 325 315 348 rum
344 319 497 355 p(restores
526 326 564 347 ac
593 316 696 347 eciam
727 319 940 353 executores„
971 315 1088 347 dautes
1116 314 1240 347 eisdem
1271 315 1400 360 plenam
1432 320 1463 348 et
1493 315 1637 355 liberam.v
1667 329 1705 350 ac
1725 317 1870 361 speciale
1893 317 2079 349 mandatum

245 378 276 408 in
306 374 395 410 folin.
426 380 521 420 prout
551 374 720 407 el'licacius
748 379 779 408 et
808 375 924 408 melius
953 374 993 407 de
1033 374 1113 406 Jure
1150 386 1335 419 possumus,
1370 380 1564 421 potestatem
1599 382 1630 410 et
1664 380 1894 410 auctoritatem
1932 381 2077 409 nostram

244 435 464 470 omnimodam
496 438 525 467 in
556 434 690 468 eosdem
721 435 959 468 transferentes
987 434 1046 467 Jus
1075 434 1287 479 presentandi
1318 435 1572 470 Honorabilibus
1602 440 1682 470 viris
1713 441 1744 469 ct
1773 437 1913 470 dominis
1945 437 2076 481 l'rcpo—

244 499 306 529 sito
337 495 472 528 Decano
502 499 534 528 et
563 495 712 540 Capitulo
741 495 886 528 ecclesie
916 494 1222 533 t=Visseffi-i¹(lteiisis.
1253 506 1311 528 seu
1341 496 1394 535 illi‚
1427 496 1476 528 uel
1515 496 1586 539 illis,
1623 497 1661 530 ad
1699 508 1794 542 quem
1833 497 1883 529 uel
1920 497 1959 529 ad
1997 507 2079 541 quos

245 559 408 590 institucio
437 559 467 588 in
498 555 614 589 talibus
644 558 783 601 pertinet
812 555 852 589 (le
880 555 1122 588 consuetudine
1152 555 1203 588 uel
1234 555 1274 588 de
1303 558 1372 588 inre
1398 555 1588 590 familiarem
1610 556 1712 590 Nobis
1733 557 1883 589 dilectum
1908 557 2079 590 Albertum

244 619 403 650 notarium
433 620 465 648 et
495 616 701 661 capellanum
731 627 769 648 ac
798 616 1055 649 commensalem
1086 620 1232 648 nostrum
1261 615 1440 661 specialem
1469 616 1509 649 ad
1537 620 1766 651 canonicatum
1802 621 1833 649 et
1863 616 2077 662 prebendam.

244 676 294 710 nel
324 676 407 709 aliud
439 676 667 721 (piodcumque
697 676 960 709 ecclesiasticum
991 675 1186 709 benciicium
1216 687 1289 709 cum
1317 687 1395 709 cura
1426 677 1477 710 uel
1507 679 1578 710 sine
1607 689 1685 711 cura
1717 681 1745 710 in
1770 677 1920 710 Ecclesia
1942 676 2081 710 Wisse-

242 737 396 781 gradensi
440 737 584 782 predicta
628 737 666 770 ad
702 741 865 779 nostraim
902 736 1078 782 fratrisque
1114 739 1215 769 nostri
1255 736 1456 770 dilectissimi
1499 738 1737 771 Collacionem.
1775 739 2077 783 presentacionein„

245 800 480 842 prouisioneim
520 809 577 830 sen
615 800 765 842 quamuis
801 797 895 830 aliam
926 797 1184 842 disposicionem
1214 802 1421 842 spectantem
1460 799 1509 831 url
1549 803 1722 843 spectans.
1767 809 1861 842 quam
1899 809 1958 831 seu
1996 797 2082 843 quod

244 861 380 903 primum
411 861 441 891 in
471 858 616 903 predicta
648 857 797 890 Ecclesia
829 868 953 890 vacare
983 860 1202 901 contingerit.
1234 857 1318 902 quod
1350 858 1432 890 idem
1469 858 1622 891 Alberius
1660 859 1792 892 duxerit
1829 857 2081 903 acceptandum,

244 922 470 964 promittentes
502 918 629 963 publice
659 923 689 951 ct
711 929 883 962 ,expresse
913 928 970 963 pro
1000 917 1094 951 nobis
1125 922 1156 950 et
1186 918 1286 951 l'ratre
1316 923 1428 951 nostro
1459 919 1632 952 karissimo
1662 919 1784 952 Karolo
1804 918 2030 952 Romanorum
2051 922 2083 951 et

245 979 379 1012 Boe-mie
408 979 503 1016 Rege
533 984 636 1011 ratum
667 979 791 1012 lii-mum
822 983 853 1011 et
881 983 1011 1019 gratum
1044 983 1169 1011 tenere.
1191 978 1342 1023 quidquid
1367 990 1423 1023 per
1443 979 1547 1012 dictos
1568 983 1700 1012 nostros
1720 982 1953 1024 procuratores
1974 982 2098 1012 actum‘

243 1044 273 1072 et
308 1044 514 1084 procuratum
555 1039 650 1072 l'uerit
685 1042 716 1072 in
756 1042 927 1084 premissis
962 1050 1027 1072 non
1066 1038 1271 1072 obstantibus
1313 1043 1445 1073 omuino
1480 1039 1772 1085 promissionilms„
1808 1038 2082 1083 obligacionibus7

245 1101 347 1133 literis
376 1103 498 1132 nostris
528 1099 790 1143 quiluiscumque
819 1102 971 1144 personis
1000 1110 1207 1145 quacumque
1236 1103 1414 1133 emunitate
1443 1100 1586 1141 vallatis‚
1621 1100 1827 1145 Capitaneis.
1867 1099 2083 1133 administra-

245 1160 382 1194 toribus.
413 1160 472 1193 sub
503 1171 710 1205 ‹piat-umque
747 1160 849 1193 torma
884 1160 935 1193 nel
970 1163 1194 1205 expressione
1228 1160 1406 1193 verborum
1441 1165 1473 1193 et
1507 1161 1661 1193 clausulis
1697 1160 1956 1205 quibuscumque
1988 1159 2084 1193 factis

245 1222 295 1254 uel
326 1223 513 1256 concessis,
544 1232 603 1266 per
632 1232 712 1266 quas
743 1221 838 1254 alicui
868 1221 920 1254 uel
949 1220 1112 1264 aliquibus
1150 1221 1289 1254 similem
1324 1221 1376 1254 nel
1416 1223 1570 1254 maiorem
1607 1224 1637 1253 iu
1677 1224 1847 1266 premissis
1883 1220 1937 1254 uel
1970 1231 2084 1254 eorum

245 1282 353 1326 aliquo
382 1281 569 1314 dederimus
599 1285 808 1326 potestatem.
840 1284 944 1314 eciam
975 1284 1001 1314 si
1031 1281 1071 1314 de
1101 1284 1180 1326 ipsis
1211 1285 1242 1314 in
1274 1281 1483 1326 presentibus
1514 1282 1643 1327 plenam
1675 1286 1704 1314 et
1735 1291 1944 1326 expressam.
1974 1292 2015 1314 ac
2044 1280 2084 1313 de

246 1342 347 1375 verbo
377 1342 416 1375 ad
446 1342 584 1375 verbum
614 1347 806 1387 opporteret
841 1342 910 1375 lieri
947 1345 1174 1376 ineiieioneim
1212 1342 1328 1387 quibus
1362 1341 1511 1375 omnibus
1553 1346 1696 1375 nostram
1734 1344 1989 1375 concessionem
2025 1352 2083 1375 seu

245 1407 440 1448 potestatem
473 1407 501 1435 et
532 1405 763 1436 anctoritatem
793 1402 1001 1447 presentibus
1032 1405 1191 1435 insertum
1225 1403 1376 1436 volumus
1405 1402 1561 1435 anteferri
1582 1406 1613 1434 et.
1632 1413 1709 1435 esse
1730 1405 1760 1435 in
1781 1406 1945 1447 potestate
1965 1401 2085 1435 huius-

247 1464 332 1496 modi
363 1464 570 1508 supradictos
611 1468 740 1497 nostros
778 1468 1025 1508 procuratores,
1065 1463 1141 1497 lllos
1181 1474 1311 1509 quoque
1346 1468 1496 1507 quantum
1532 1462 1571 1495 ad
1608 1467 1797 1507 presentem
1835 1465 2085 1496 concessionem

249 1528 279 1557 et
322 1528 516 1568 potestatem
560 1526 690 1569 penitus
732 1535 945 1557 reuocamus.
990 1523 1150 1557 Volumus
1196 1527 1300 1557 eciam
1338 1523 1421 1568 quod
1459 1533 1596 1568 presens
1639 1526 1819 1556 auctoritas
1863 1527 1896 1556 et
1936 1527 2084 1568 potestas

247 1583 341 1617 dictis
376 1587 496 1617 nostris
537 1583 804 1630 procuratoribus
844 1595 901 1629 per
937 1589 1113 1630 presentes
1149 1595 1312 1618 concessa
1348 1595 1407 1629 per
1446 1594 1667 1629 quascumque
1710 1586 1914 1629 posteriores
1951 1587 2084 1616 nostras

248 1645 359 1677 literas
389 1647 623 1689 cuiuscumque
653 1647 777 1678 tenoris
807 1649 838 1677 et
858 1645 962 1678 l'orme
984 1649 1016 1678 et
1035 1644 1094 1678 sul)
1115 1645 1269 1678 clausulis
1289 1647 1394 1678 eciam
1415 1644 1634 1688 derogatorijS
1655 1643 1915 1690 quibuscumque
1936 1645 2086 1689 personis

247 1716 443 1745 concessas
474 1710 526 1738 aut
557 1709 582 1738 si
614 1716 673 1738 nos
703 1705 923 1750 personaliter
952 1708 1138 1751 quempiam
1170 1717 1229 1751 per
1257 1709 1389 1739 nostras
1417 1705 1454 1738 ad
1476 1704 1704 1750 quodcumque
1725 1704 1920 1738 beneficium
1942 1714 2087 1750 presen-

247 1770 393 1799 taremus
424 1770 454 1798 et
485 1765 590 1798 dictos
619 1771 854 1810 procuratores
884 1771 1014 1800 nostros
1044 1769 1075 1799 in
1104 1769 1274 1811 premissis
1304 1766 1355 1799 uel
1385 1776 1497 1798 eorum
1527 1765 1637 1809 aliquo
1666 1767 1931 1810 preueniremus„
1957 1767 2086 1810 possint

249 1826 455 1871 aliquatenus
485 1837 660 1871 expresse7
690 1826 743 1859 nel
774 1830 870 1859 tacite
898 1830 1053 1860 reuocari
1083 1831 1136 1860 aut
1165 1830 1194 1860 ei
1224 1829 1255 1860 in
1285 1826 1391 1872 aliquo
1421 1825 1585 1869 derogarit
1617 1828 1720 1858 eciam
1759 1828 1786 1859 si
1829 1825 1922 1859 dictis
1957 1836 2085 1870 procu-

249 1885 411 1919 ratoribus
441 1889 562 1919 nostris
593 1886 645 1919 liat
674 1886 713 1919 de
742 1890 965 1920 reuocacione
994 1887 1181 1921 huiusmodi
1209 1887 1305 1933 plena
1346 1886 1425 1920 fides
1453 1890 1484 1919 et
1512 1886 1551 1919 de
1580 1889 1799 1919 concessione
1828 1890 1860 1919 et
1889 1888 2085 1919 auctoritate

249 1949 396 1991 presenti
424 1949 561 1991 eiusque
591 1951 656 1979 toto
685 1951 714 1980 et
748 1950 848 1993 ipsius
878 1947 1034 1981 clausulis
1063 1947 1275 1992 singulariter
1304 1947 1442 1991 singulis
1477 1946 1630 1991 specialis
1666 1951 1699 1979 et
1732 1957 1894 1991 expressa
1930 1950 1962 1979 et
1996 1946 2086 1979 clara

250 2010 379 2040 mencio
408 2006 579 2040 habeatur.
620 2007 655 2040 In
689 2018 827 2052 quorum
862 2010 1006 2041 omnium
1043 2013 1137 2053 prout
1172 2011 1323 2053 superius
1352 2007 1436 2040 dict-a
1465 2010 1540 2040 sunt
1568 2011 1685 2040 tenore
1714 2009 1880 2052 presentis
1916 2006 2084 2050 Priuilegij

249 2072 411 2112 perpetuo
440 2067 653 2110 ratificamus,
683 2068 917 2102 contii-mamus
946 2073 978 2102 et
1006 2068 1167 2102 donamus
1197 2079 1240 2102 ex
1269 2072 1360 2101 certa
1389 2069 1598 2100 consciencia
1628 2071 1743 2100 nostra
1763 2071 1795 2100 et
1814 2069 1928 2111 gracia
1950 2067 2087 2112 speciali

251 2127 367 2172 Sigillo
397 2138 527 2173 quoque
556 2132 670 2161 nostro
700 2131 854 2162 iussimus
885 2131 1091 2162 communiri.
1123 2130 1241 2162 Actum
1273 2133 1304 2162 et
1332 2128 1450 2162 Datum
1479 2127 1586 2171 Prage
1615 2127 1714 2160 Anno
1744 2127 1875 2161 Domini
1910 2127 2086 2162 Millesimo

251 2187 348 2222 CCC‘J
378 2187 643 2233 Quadi-agesimo
673 2199 772 2226 nono„
802 2189 976 2223 Dominica
1006 2200 1067 2234 qua
1097 2193 1246 2223 cantatur
1274 2189 1403 2222 Letare.

558 2267 625 2299 (Das
650 2266 722 2300 Orien
747 2268 793 2293 aui*
813 2268 934 2295 Pernam.
961 2269 1004 2293 mit
1029 2268 1112 2293 einem
1138 2266 1245 2293 kleinen
1270 2266 1497 2293 wolilerbaltenen
1523 2266 1624 2299 Sicilie.
1651 2267 1770 2292 weh-lies
1795 2267 1836 2292 die
1862 2264 2006 2293 Umschrist
2028 2266 2086 2291 liat:

660 2321 677 2350 ἦ
709 2319 793 2345 doliis.
824 2320 913 2345 Duris.
946 2320 1063 2346 Kariath.
1094 2319 1172 2345 Tirol.
1205 2320 1293 2345 (ioric.
1324 2319 1442 2345 Comitis.
1475 2318 1507 2343 im
1540 2318 1655 2344 Areliixe
1687 2320 1734 2344 des
1763 2319 1887 2345 Klosters
1917 2318 1995 2344 Maria
2027 2317 2087 2344 Saal

660 2371 694 2396 im
719 2379 749 2396 m.
775 2375 806 2397 st.
830 2372 1042 2398 Landesarcliive
1066 2371 1111 2398 Lit.
1138 2374 1164 2397 S.
1191 2381 1213 2398 n.
1239 2372 1281 2403 4.)
