2184 2828
1112 129 1184 164 690

1098 246 1206 282 982.

232 313 370 347 Johmm
403 324 468 346 ron
511 312 632 345 Tasow
665 310 805 344 schemat
839 321 900 343 ror
937 311 1050 342 scinci·
1080 308 1184 341 Reise
1221 307 1308 340 mic-li
1339 307 1423 340 Rom
1460 307 1530 340 dem
1559 307 1694 341 Saarer
1722 308 1864 341 Kloster
1893 308 1954 341 das
1984 307 2079 351 Dorf

372 372 594 407 Cleotlilolsen.
643 370 702 404 Dt.
732 372 765 404 in
790 372 881 415 festo
911 369 960 402 lib.
992 369 1181 412 Martyrmn
1211 367 1441 400 Innocentiam
1472 365 1552 409 (28.
1582 368 1790 410 December)
1823 367 1933 401 1349.

378 431 425 484 ¹11
455 452 587 483 nominc
617 448 737 481 domini
767 448 888 481 Amen.
926 446 1088 487 Quoniam
1118 456 1156 478 ea
1186 456 1249 489 que
1278 449 1439 488 geruntur
1467 447 1499 478 in
1528 449 1674 491 tempore
1703 444 1855 479 labuntur
1883 456 1956 479 cum
1985 449 2075 478 tem-

232 522 330 557 pore‚
360 514 422 544 nisi
453 510 548 543 dictis
582 514 615 542 et
644 511 775 554 scriptis
804 507 1061 553 perlicnncntur.
1106 506 1157 539 Ad
1194 508 1347 538 noticiam
1384 508 1483 543 igitur
1511 507 1740 540 vniuersorum
1770 509 1834 539 tam
1864 507 2075 551 presencium

233 583 330 618 quam
361 571 542 604 futurorum
573 569 725 603 volumus
755 568 925 602 dcucnirc.
957 566 1051 607 Quod
1082 577 1142 599 nos
1172 565 1279 599 Jolian
1311 566 1461 599 dominus
1494 567 1525 599 in
1555 565 1707 606 Tassaw,
1737 577 1810 599 cum
1840 577 1925 599 anno
1954 565 2076 599 Incar-

233 635 386 666 nacionis
421 631 541 663 domini
578 629 753 663 Millesimo
790 629 1040 662 Trecentesimo
1071 626 1334 670 Quadi-agesimo
1370 636 1457 659 nono
1486 631 1561 659 ante
1589 638 1708 660 annum
1737 625 1902 659 Jubileum
1930 628 1961 659 in
1990 624 2077 659 festo

233 692 404 726 beatorum
438 695 619 736 martyrum
658 688 893 724 Innocencium
929 687 967 721 ad
1004 687 1113 720 limina
1148 686 1320 720 beatorum
1355 685 1439 719 Petri
1476 690 1509 719 et
1537 686 1626 720 Pauli
1662 686 1884 732 apostolorum
1917 685 2078 719 vellemus

234 754 461 798 peregrinaria
500 750 593 786 nobis
629 750 744 784 eodem
785 754 932 794 tempore
968 746 1187 780 existinitilius
1222 749 1253 779 in
1292 749 1493 779 monasterio
1526 745 1625 780 fontis
1659 751 1773 781 sancte
1802 745 1907 779 Marie
1942 748 1972 779 in
2004 744 2079 788 Sar,

236 812 368 846 Ordinis
390 811 610 845 Cistercensis
632 810 810 854 Pragensis
840 809 983 841 diocesis
1013 818 1055 840 ex
1087 806 1171 840 bona
1193 806 1363 840 voluntate
1392 811 1424 840 et
1453 812 1578 840 matura
1608 806 1865 845 deliberacione,
1895 805 1936 839 ob
1966 816 2081 839 reme-

236 873 322 907 dium
357 876 466 906 anime
504 876 619 905 nostre
655 882 693 903 ac
727 872 975 915 progenitorum
1011 873 1041 901 et
1077 878 1311 901 successorum
1350 872 1557 903 nostrorum.
1601 867 1748 901 dedimus
1783 869 1843 912 ipsi
1878 865 2082 900 Monasterio

236 934 391 968 iamdicto
420 933 530 967 villain
554 920 761 965 Cliotlilokcn
791 930 964 973 wlgariter
992 933 1226 974 nuncupatam.
1257 939 1329 961 cum
1360 927 1512 961 omnibus
1540 927 1635 961 bonis
1665 930 1733 962 suis
1761 930 1792 960 in
1823 926 1899 961 villa
1929 930 1961 960 et
1989 930 2083 960 extra

236 994 362 1035 viltam,
394 1004 491 1038 supra
522 998 642 1026 terram
673 995 703 1024 et
732 990 815 1024 infra
846 994 979 1031 terrain,
1010 992 1101 1034 agris
1130 989 1224 1022 cultis
1254 994 1285 1022 et
1316 989 1456 1024 incultis,
1487 988 1590 1031 siluiS‚
1619 988 1768 1030 Rubetis.
1798 990 1910 1033 pratis,
1940 989 2085 1033 pascuis,

239 1057 343 1099 aquis.
374 1056 522 1099 piscinis.
553 1051 810 1097 piscacionibus.
841 1049 1101 1085 venacionibus.
1131 1051 1194 1093 vijs
1224 1052 1365 1083 secretis
1395 1053 1426 1082 et
1454 1051 1620 1083 vniuersis
1648 1047 1841 1083 Vtilitatibus
1870 1059 1909 1081 ac
1937 1057 2087 1093 prouen-

237 1115 340 1157 tibus‚
377 1114 638 1159 quibuscumque
676 1110 863 1145 nominibus
901 1115 1118 1147 censeantur„
1158 1110 1261 1143 libere
1297 1121 1335 1143 ac
1374 1109 1511 1155 pacifice
1545 1109 1776 1155 possidendam
1806 1108 1861 1142 tali
1891 1107 2087 1141 condicione

239 1175 379 1209 adiecta.
410 1173 494 1218 quod
517 1172 656 1217 singulis
686 1174 781 1205 annis
802 1174 834 1204 in
864 1174 926 1204 iam
957 1170 1044 1203 dicto
1065 1170 1272 1204 Monasterio
1293 1170 1572 1204 Anniuersarium
1602 1174 1761 1207 nostrum.
1792 1170 1962 1213 nostrique
1982 1170 2087 1214 patris

239 1236 360 1269 domini
391 1233 519 1267 Tbobie
549 1238 581 1266 et
610 1235 722 1266 matris
758 1236 872 1265 nostre
902 1232 1063 1275 Agnetis.
1103 1243 1141 1264 ac
1171 1231 1271 1264 Anne
1301 1233 1425 1264 sororis
1454 1235 1585 1273 nostre,
1620 1230 1847 1275 sollempniter
1875 1239 1947 1262 cum
1977 1227 2088 1262 officio

240 1296 350 1330 diuino
386 1306 425 1328 ac
465 1296 611 1328 seruicio
649 1296 681 1326 111
714 1292 908 1326 Refectorio
944 1294 1060 1337 peragi
1091 1290 1228 1327 debeat.
1264 1302 1324 1337 per
1351 1290 1470 1325 fratres
1506 1293 1607 1336 ipsius
1635 1289 1826 1324 Monasterii
1855 1293 2028 1334 presentes
2057 1292 2089 1321 et

240 1356 368 1390 futuros
404 1358 435 1389 111
472 1353 667 1391 Conuciitu.
703 1353 895 1387 Adicicntes
934 1355 1056 1387 eciam.
1095 1351 1181 1396 quod
1211 1355 1237 1385 si
1268 1351 1395 1385 edificia
1425 1351 1502 1385 ville
1531 1350 1658 1397 prefate
1686 1361 1745 1395 per
1773 1353 1884 1394 ignem
1914 1353 1970 1383 aut
1997 1348 2091 1382 aliter

244 1426 454 1462 quocumque
476 1415 572 1448 modo
602 1414 863 1455 destruerentur„
894 1417 1035 1446 extunc
1057 1423 1191 1458 semper
1218 1412 1406 1446 reedificari
1435 1411 1572 1446 debetur
1598 1410 1639 1444 de
1666 1410 1764 1455 lignis
1793 1413 1824 1444 111
1853 1409 1948 1444 bonis
1968 1410 2092 1443 nostris

241 1481 274 1511 et
302 1477 393 1511 siluis
423 1477 585 1509 resecatis
615 1479 647 1508 et
676 1477 838 1519 receptis,
875 1473 1018 1519 Insuper
1053 1473 1212 1507 adicimus
1242 1473 1326 1519 quod
1363 1472 1479 1506 eodem
1509 1472 1560 1505 die
1588 1472 1662 1505 loco
1690 1475 1723 1504 et
1750 1476 1899 1516 tempore
1928 1472 2090 1504 cessimus

244 1541 276 1571 et
304 1547 477 1571 cessamus
507 1535 548 1568 de
577 1536 644 1569 lite.
675 1546 771 1581 quam
802 1537 908 1568 minus
929 1533 1050 1570 debite.
1081 1544 1196 1567 errore
1226 1538 1256 1566 et
1285 1535 1480 1577 ignorancia
1502 1532 1586 1566 ducti
1614 1534 1782 1576 gessimus
1810 1542 1869 1577 pro
1898 1533 1995 1565 metis
2016 1529 2093 1564 ville

243 1597 375 1631 Bukaw
404 1601 607 1641 nuncupate.
637 1600 733 1641 prout
763 1606 779 1628 a
802 1594 960 1628 veridicis
981 1599 1012 1628 et
1033 1594 1208 1638 fidedignis
1238 1593 1413 1627 salubriter
1439 1598 1471 1627 et
1490 1592 1760 1626 certitudinaliter
1780 1603 1893 1626 sumus
1914 1590 2093 1633 informati,

245 1657 379 1692 easdem
409 1661 524 1691 metas.
555 1667 614 1701 per
642 1658 750 1689 omnia
780 1666 885 1701 Vsque
915 1655 953 1688 ad
975 1654 1116 1688 eundem
1137 1656 1310 1688 terminum
1332 1658 1363 1688 et
1392 1654 1510 1695 locum„
1540 1652 1579 1686 ad
1600 1663 1696 1698 quem
1717 1663 1778 1686 nos
1799 1652 1951 1686 dominus
1971 1651 2093 1697 Hynco

246 1723 323 1753 tunc
353 1719 511 1762 temporis
541 1716 655 1750 Abbas
685 1719 715 1749 in
739 1716 802 1750 Sar
830 1727 902 1749 cmn
932 1718 1032 1749 certis
1062 1714 1249 1748 bominibus
1279 1715 1317 1748 ad
1347 1715 1378 1748 id
1401 1716 1524 1748 vocatis
1553 1718 1583 1747 et
1612 1713 1774 1759 deputatis
1804 1712 1912 1755 duxit„
1943 1711 1982 1746 ad
2011 1722 2094 1757 pre-

247 1779 367 1813 dictam
406 1778 519 1811 villam
553 1780 738 1822 pertinere.
778 1787 860 1820 ergo
899 1775 1108 1822 presentibus
1146 1776 1333 1821 sepedictus
1369 1779 1471 1808 metas
1507 1778 1624 1807 contra
1664 1773 1799 1807 salutem
1838 1775 1946 1807 anime
1981 1776 2094 1806 nostre

249 1840 387 1874 vlterius
416 1840 562 1872 retinere
591 1837 755 1875 nolentes,
785 1839 988 1882 perscriptas
1009 1836 1106 1870 villas
1135 1839 1340 1869 monasterio
1369 1835 1471 1869 libere
1499 1839 1530 1868 et
1558 1833 1695 1880 pacifice
1720 1837 1943 1878 resignamus,
1972 1831 2094 1866 nullam

249 1902 416 1946 quippiam
445 1898 542 1933 nobis
571 1902 602 1931 et
631 1896 882 1931 successoribus
911 1899 1034 1931 nostris
1055 1900 1288 1943 proprietatem
1314 1901 1345 1930 et
1364 1895 1637 1930 Jurisdiccionem
1657 1897 1689 1928 in
1711 1894 1835 1928 eisdem
1865 1897 2094 1928 reseruantes.

250 1960 413 1994 volentes
446 1962 546 2004 igitur
584 1962 766 2004 prescripta
802 1961 910 1991 omnia
948 1957 1020 1991 sore
1049 1960 1081 1990 111
1110 1962 1304 2003 perpetuum
1338 1956 1466 1991 stabilia
1495 1960 1526 1988 et
1555 1954 1647 1988 firma
1675 1957 1908 1988 committimus
1937 1958 1969 1987 et
1997 1963 2095 1987 com-

250 2024 399 2054 misimus
419 2020 551 2054 domino
572 2019 645 2053 Ade
666 2019 706 2052 de
727 2017 910 2063 Clionnycz
939 2020 1067 2051 sororio
1096 2022 1211 2051 nostro
1240 2017 1369 2059 dilecto,
1400 2018 1562 2061 vxorique
1582 2017 1683 2060 ipsius
1708 2014 1839 2048 domine
1860 2014 1959 2048 Anne
1988 2014 2096 2049 sorori

251 2086 364 2115 nostre
393 2080 523 2114 dilecte.
555 2091 617 2114 nec
647 2090 711 2113 non
741 2079 852 2112 liberis
882 2078 1076 2113 eorundem.
1107 2078 1224 2123 quibus
1244 2080 1352 2111 onmia
1374 2076 1457 2110 bona
1478 2080 1589 2109 nostra
1611 2076 1649 2108 ad
1672 2074 1798 2108 tabulas
1819 2079 1906 2108 terre
1926 2076 2095 2120 posuimus

251 2146 284 2175 et
313 2144 557 2176 annotauimus.
587 2151 629 2174 ne
658 2150 697 2172 ea
720 2139 937 2185 quouismodo
959 2138 1148 2184 impediant.
1179 2138 1236 2172 sed
1265 2141 1380 2183 pocius
1400 2140 1624 2182 promoueant.
1656 2140 1685 2168 et
1710 2140 1783 2181 post
1803 2135 1926 2169 obitum
1947 2138 2096 2169 nostrum

252 2206 403 2248 pretacto
432 2201 639 2235 Monasterio
675 2199 777 2233 libere
808 2211 885 2233 mox
914 2202 1097 2243 resignent.
1141 2198 1176 2232 In
1207 2201 1299 2232 cuius
1335 2200 1382 2231 rei
1411 2195 1547 2231 euidens
1576 2198 1796 2230 testimonium
1827 2200 1858 2229 et
1885 2194 1986 2229 robur
2012 2206 2096 2241 pre-

253 2267 367 2296 sentes
396 2261 546 2296 dedimus
576 2261 692 2305 Sigillo
722 2265 834 2294 nostro
864 2271 936 2293 cuin
967 2260 1082 2304 sigillis
1112 2262 1242 2293 testium
1273 2257 1529 2303 subscriptorum
1558 2256 1750 2293 roboratas.
1790 2257 1946 2290 videlicet
1975 2255 2096 2289 domini

254 2322 389 2356 Heni-ici
419 2322 460 2356 de
490 2320 774 2356 Leuchtenburcli.
805 2321 927 2354 domini
956 2319 1109 2354 Jesconis
1139 2319 1178 2353 de
1208 2317 1453 2353 Sihermberch.
1483 2317 1604 2350 domini
1631 2317 1802 2362 Ilynconis
1832 2317 1908 2350 dicti
1937 2316 2096 2350 Krussina

256 2385 360 2415 eciam
391 2382 431 2416 de
460 2381 745 2416 Leuclitenburcli.
777 2381 896 2415 domini
916 2380 1107 2414 Wankonis
1128 2380 1168 2414 de
1188 2377 1473 2419 Leuclitenburch,
1503 2377 1624 2411 domini
1644 2378 1801 2423 Yngrami
1830 2377 1870 2410 de
1899 2377 2096 2422 Pernsteym

257 2441 377 2475 domini
410 2443 565 2476 Smilonis
596 2443 636 2476 de
667 2441 845 2476 Cliunstatli
877 2441 952 2475 dicti
982 2440 1160 2485 Zagimacz
1190 2446 1221 2474 et
1250 2440 1369 2474 domini
1397 2438 1530 2472 Henriei
1560 2438 1600 2471 de
1630 2438 1826 2485 Pernsteyn.
1858 2438 1977 2472 Datum
1998 2438 2097 2471 Anno

257 2502 310 2535 dic
339 2507 368 2535 et
398 2504 470 2537 loco
500 2503 666 2549 predictis.

565 2565 648 2593 (Nacti
675 2565 731 2589 «lein
759 2568 831 2591 ‹iris-³:
859 2564 905 2589 aus
926 2564 1046 2597 Pergam.
1073 2567 1115 2589 init
1142 2563 1210 2588 Vlll.
1238 2561 1342 2588 kleinen
1368 2564 1413 2595 gut
1438 2560 1591 2586 erlialtcncn
1618 2562 1729 2595 Sigitlen
1754 2563 1786 2587 im
1813 2561 1928 2587 Archive
1953 2560 2097 2586 desselben

668 2616 801 2642 Ktxfisters.
826 2625 857 2641 1111
884 2625 915 2641 111.
940 2619 972 2641 st.
990 2614 1202 2641 Laiulesarctnxe
1230 2615 1275 2640 Lit.
1295 2615 1326 2640 Α,
1349 2613 1379 2639 ll.
1398 2621 1422 2638 n.
1446 2612 1493 2637 52.
1514 2613 1689 2646 Abgedruckt
1706 2614 1748 2640 bei
1766 2613 1910 2639 steinbach
1932 2613 1963 2638 11.
1989 2612 2015 2638 S.
2034 2611 2097 2643 84.)
