2184 2828
968 166 979 168 -
990 111 1085 168 319ἡ

976 263 1080 299 439.

107 349 296 394 Marquaf
308 349 399 382 Karl
418 361 479 383 ron
500 349 645 383 Mithren
664 354 832 394 qeslatlel
852 351 906 383 die
925 350 1123 394 Ablmlluny
1147 351 1239 383 eines
1264 350 1479 394 offetillielzen
1500 350 1656 385 Μαι-[εἶβε
1685 363 1737 385 am
1758 351 1949 396 Dienstusle

105 412 137 443 ιἰι
155 410 259 454 J'eder
281 409 410 445 Woclae
439 412 472 443 in
506 409 684 445 lt'ilimoec.
741 411 800 444 Dt.
832 413 863 444 ιή
894 415 1010 444 castro
1039 411 1212 455 Prctyestsi
1237 411 1291 444 elie
1319 410 1348 444 b.
1383 411 1580 446 Weneeslm·
1606 416 1706 446 mart.
1739 412 1820 455 (28.
1851 413 1949 458 Sel)-

880 471 1028 514 Iember]
1060 471 1168 505 1342.

257 545 348 600 Ros
377 565 518 600 Karolus
548 565 669 599 domini
699 569 789 610 regis
810 565 978 599 Bohemiae
1007 568 1257 612 primogenitus,
1287 566 1434 600 marchio
1455 566 1625 601 Moraviae.
1656 568 1695 601 ad
1715 570 1949 602 universorum

104 631 168 660 tam
197 630 409 672 praesentium
438 637 534 672 quam
564 625 746 660 futurorum
777 627 928 660 volumus
957 630 1102 660 notitiam
1132 629 1322 673 pervenire‚
1353 627 1438 673 quod
1468 631 1615 673 paternis
1646 639 1684 661 ac
1713 632 1835 662 nostris
1864 628 1951 662 fide—

102 686 186 721 libus
221 686 349 721 dilectis
385 686 563 720 Wilhelmo
600 689 724 720 seniori
760 691 791 720 et
824 687 1004 721 Vt'ilbelmo
1034 689 1156 731 juniori
1191 686 1347 721 fratribus
1386 687 1426 721 de
1465 687 1624 732 Egebecli
1659 688 1760 734 (εἰς),
1796 689 1950 722 volentes

104 750 291 781 meritorum
322 758 457 781 suorum
485 747 623 781 obtentu
652 746 764 780 facere
784 750 924 792 gratiam
953 748 1142 794 specialeun
1173 759 1212 781 ac
1241 748 1360 781 abinde
1389 749 1499 794 oppidi
1521 752 1569 782 sui
1599 752 1630 782 in
1651 748 1834 783 Vt'ilemow
1864 761 1951 783 con-

103 807 257 841 ditionem
286 807 400 842 facere
428 808 610 850 meliorem,
640 811 720 853 ipsis
741 812 771 841 et
792 819 905 841 eorum
927 808 1101 842 heredibus
1121 813 1153 842 et
1173 808 1424 842 successoribus
1452 812 1482 842 in
1509 814 1701 855 perpetuum
1724 809 1951 844 favorabiliter

103 868 326 913 indulgemus2
357 870 473 913 eisque
501 868 645 914 plenam,
674 868 811 902 liberam
840 873 871 902 et
900 869 1118 902 omnimodam
1148 868 1263 902 damus
1300 874 1330 902 et
1368 869 1569 903 conferimus
1605 874 1819 916 potestatem.
1856 875 1888 904 ut
1918 874 1949 904 in

103 928 220 962 eodem
249 928 369 974 oppido
399 940 458 962 suo
478 928 673 971 Witemom
703 933 814 975 utputa
845 929 884 962 ad
912 928 975 962 hoc
1005 934 1092 975 apto,
1122 929 1228 963 forum
1258 941 1431 963 commune
1452 941 1562 963 rerum
1590 941 1628 964 ac
1649 933 1837 964 meritorum
1867 930 1949 975 (sic)

103 999 308 1034 quorumque
336 989 502 1022 venalium
527 991 626 1034 juxta
656 989 929 1023 consuetudinem
957 990 1093 1023 aliorum
1122 989 1302 1024 forensium
1323 990 1516 1036 oppidorum
1545 994 1641 1035 regui
1662 991 1829 1024 Boliemiae
1860 991 1951 1025 feriis

104 1052 206 1083 tertiis
235 1052 418 1095 septimana
448 1049 590 1095 qualibet
618 1049 790 1091 habeatur,
821 1055 852 1083 et
881 1050 956 1084 illud
987 1050 1027 1084 ab
1056 1050 1206 1085 omnibus
1243 1055 1309 1084 tam
1338 1050 1454 1084 incolis
1487 1054 1584 1095 regni
1613 1063 1708 1097 quam
1739 1051 1779 1085 ab
1810 1052 1951 1086 advenis

102 1121 161 1156 pro
190 1109 339 1144 emendis
368 1121 407 1143 ac
434 1112 511 1144 vice
539 1121 639 1144 versa
668 1110 852 1144 vendendis
881 1110 1067 1156 hujusmodi
1094 1110 1193 1145 rebus
1222 1116 1253 1145 et
1282 1111 1446 1145 mercibus
1476 1122 1515 1145 ac
1544 1122 1604 1157 pro
1634 1112 1705 1145 aliis
1735 1112 1950 1158 disponendis

103 1174 133 1203 et
167 1170 305 1215 agendis
339 1174 482 1216 negotiis
517 1182 557 1204 ac
597 1171 860 1216 negotiatoribus
902 1172 1150 1218 quibuscunque
1186 1171 1290 1205 libere
1325 1176 1357 1205 et
1393 1174 1465 1205 sine
1505 1172 1740 1218 impedimento
1777 1172 1953 1216 cujuslibet

102 1230 339 1276 frequentetur.
387 1231 513 1265 Damus
548 1234 683 1277 insuper
720 1236 750 1265 et
779 1231 992 1265 concedimus
1028 1232 1181 1266 fratribus
1216 1244 1255 1266 ae
1285 1243 1399 1266 eorum
1429 1232 1607 1266 heredibus
1638 1237 1669 1266 et
1697 1233 1950 1266 successoribus

102 1291 291 1333 antedictis„
320 1295 353 1325 ut
381 1302 447 1325 non
475 1294 508 1325 in
537 1291 654 1325 eodem
685 1292 804 1338 oppido
834 1292 1039 1326 XVilhemow
1068 1296 1197 1338 cippum
1227 1292 1369 1327 habeant
1399 1298 1429 1326 et
1459 1293 1543 1326 infra
1573 1294 1691 1327 limites
1721 1295 1793 1337 ejus
1823 1293 1950 1327 fvrcam

102 1365 162 1388 seu
191 1353 367 1400 patibulum
389 1357 517 1399 erigant
546 1365 606 1400 pro
627 1354 827 1388 facinorosis
857 1359 887 1388 et
907 1353 1172 1388 malefactoribus
1200 1354 1386 1400 puniendis.
1417 1356 1449 1387 iu
1479 1365 1559 1399 quos
1589 1354 1718 1400 quidem
1741 1354 1950 1387 facinorosos

102 1419 132 1447 et
162 1413 393 1448 malefactores
421 1415 553 1460 plenum
583 1414 749 1448 habebunt
784 1415 941 1461 deinceps
977 1414 1129 1447 iudicium
1167 1414 1348 1448 exercendi
1383 1419 1413 1447 et
1443 1414 1585 1459 quelibet
1606 1414 1801 1459 [sic)juxta
1831 1414 1950 1448 deme-

102 1478 160 1508 rita
194 1475 396 1519 corrigendi.
443 1475 641 1509 Maudamus
678 1478 776 1520 igitur
803 1480 941 1522 paterno
971 1480 1150 1521 nostroque
1185 1474 1269 1508 fideli
1298 1474 1479 1519 burgravio
1509 1478 1540 1508 in
1570 1475 1727 1509 Kadano.
1758 1479 1811 1521 qui
1841 1480 1890 1508 est
1920 1480 1951 1508 et

102 1539 154 1580 qui
184 1535 291 1569 fuerit.
322 1535 380 1569 sub
410 1535 545 1570 obtentu
575 1540 696 1581 gracia*
727 1541 847 1570 nostra}
876 1536 1011 1569 firmiter
1031 1540 1060 1568 et
1082 1539 1217 1578 attente‚
1247 1540 1409 1580 quatenus
1439 1535 1623 1569 antedictos
1653 1535 1771 1569 fratres
1792 1536 1831 1569 de
1852 1536 1949 1580 Ege—

102 1595 219 1638 berch,
255 1595 395 1630 heredes
429 1601 459 1629 et
495 1607 710 1630 successores
740 1608 852 1630 eorum
883 1599 913 1629 in
954 1596 1023 1629 foro
1053 1596 1199 1641 predicto
1234 1608 1300 1630 non
1329 1596 1483 1642 impediat
1512 1608 1573 1630 nec
1603 1597 1772 1631 molestet.
1803 1597 1860 1630 sed
1891 1608 1950 1630 eos

102 1668 139 1690 ac
168 1667 284 1689 omnes
313 1655 418 1690 forum
440 1657 624 1701 hujusmodi
646 1656 894 1703 frequentantes
915 1656 1041 1689 studeat
1063 1656 1245 1690 efficaciter
1264 1668 1475 1702 promovere.
1505 1657 1768 1701 indignationem
1790 1662 1949 1700 nosti-am,

101 1720 126 1750 si
157 1727 256 1750 secus
285 1716 401 1750 fecerit
429 1719 632 1751 incursurus.
665 1717 777 1750 barum
809 1722 993 1751 nostrarum
1024 1719 1209 1750 testimonio
1239 1718 1416 1751 literarum.
1447 1718 1566 1751 Actum
1589 1722 1619 1751 et
1641 1718 1749 1751 datum
1780 1721 1810 1751 iu
1837 1722 1948 1751 castro

103 1777 263 1822 l'ragcnsi
293 1777 345 1811 die
375 1777 460 1811 beati
492 1778 687 1811 Weneeslai
719 1781 873 1823 martyris
903 1789 989 1810 auno
1019 1777 1139 1810 domini
1168 1776 1388 1812 MCCCXLII.

407 1857 491 1888 (Nacti
523 1858 597 1883 einer
623 1858 757 1883 Abs-christ
783 1859 814 1882 im
841 1857 865 1882 k.
893 1856 980 1881 bobun.
1013 1856 1130 1883 leisvum
1163 1865 1209 1882 aus
1234 1858 1318 1882 ciuem
1343 1857 1599 1883 liantlscliriftliclien
1625 1858 1691 1884 cod.
1717 1857 1765 1883 des
1790 1857 1948 1882 Rauduitzcr

513 1910 643 1935 Archives
668 1909 700 1935 Υ.
727 1909 755 1935 D.
782 1910 800 1935 C
840 1910 886 1934 lo.
912 1910 937 1933 5,
965 1908 1003 1931 Ζὲῆ
1039 1924 1063 1926 -
1094 1909 1157 1940 39,)

972 2046 996 2080 4
1005 2046 1077 2081 40.

247 2112 387 2179 Konig
414 2133 546 2167 Joliann
575 2145 642 2167 von
672 2133 819 2167 Bolimen
849 2132 1027 2177 bestatiget
1058 2132 1109 2166 die
1138 2132 1338 2177 privilegien
1369 2133 1427 2167 des
1456 2133 1636 2167 Breslauer
1666 2131 1851 2165 Bistliumes
1880 2131 1945 2165 und

103 2192 307 2238 verspricht‚
337 2193 415 2228 dass
443 2194 560 2228 weder
589 2205 625 2228 er
654 2194 739 2228 noch
770 2194 828 2227 der
856 2192 1030 2237 Martigraf
1057 2192 1132 2226 Kal-l
1162 2192 1225 2226 den
1255 2193 1407 2236 Bischof,
1439 2194 1496 2227 das
1517 2194 1657 2239 Kapitel.
1689 2192 1752 2225 den
1783 2192 1944 2226 Sucular-

103 2253 230 2287 Clerus.
260 2253 324 2287 und
354 2254 405 2288 die
433 2254 623 2289 weltlicben
652 2255 880 2289 I'ntertbaneu
910 2254 968 2287 der
995 2253 1174 2287 Breslauer
1202 2253 1323 2287 Kircbe
1351 2255 1471 2298 jemals
1501 2257 1555 2287 mit
1585 2252 1757 2297 Abi-fabem
1789 2252 1941 2286 Steuern.

102 2314 310 2359 Zabluugen,
341 2313 575 2360 Sammlungen
604 2327 636 2349 u.
666 2327 692 2350 s.
722 2327 767 2349 w.
798 2314 1018 2349 beschwercn
1048 2313 1198 2347 werden.
1254 2313 1306 2347 Dt.
1336 2314 1505 2361 Parysius,
1536 2314 1590 2347 lv.
1623 2312 1776 2347 Octobris
1807 2313 1916 2347 1342.

412 2394 603 2427 (Abgcdrucltt
628 2395 651 2420 in
677 2395 807 2420 Stenzel's
834 2393 976 2419 t'rlxunden
1001 2401 1047 2418 zur
1071 2392 1229 2417 (it-sellielite
1255 2393 1304 2418 des
1329 2393 1477 2419 Bistliumes
1502 2392 1608 2418 nrt->tau
1635 2393 1661 2417 S.
1688 2391 1743 2417 291
1774 2401 1798 2418 n.
1825 2392 1941 2418 t't‘Lxx.

515 2446 581 2472 nach
606 2447 665 2472 dem
691 2448 765 2474 0142.
792 2447 838 2471 des
863 2447 986 2477 ‹lortiueu
1012 2444 1195 2478 hommum-ts
1220 2444 1248 2469 (“.
1276 2443 1338 2475 31.)
