2184 2828
1114 147 1186 181 5216

232 262 338 296 bilitcr
367 263 523 296 inclinati.
554 265 663 295 onmia
684 263 869 308 priuilegia.
899 266 1041 307 gracias.
1072 266 1324 300 concessiones,
1355 264 1570 307 donaciones,
1600 266 1768 301 libertates
1797 272 1829 301 et
1856 270 1924 301 iura
1946 270 2063 302 cuius-

231 334 371 367 cumque
400 326 609 356 coutiucncie
639 328 670 356 et
690 327 813 357 tenoris
834 327 981 357 existant
1001 335 1018 356 a
1040 323 1156 361 Nobis,
1186 335 1315 358 necnon
1338 325 1420 358 diuis
1442 325 1589 370 Regibus
1610 327 1744 361 Boemie
1764 332 1796 361 et
1815 327 2064 363 lllarchionibus

232 383 380 416 Morauic
403 383 595 423 illustribusq
627 384 892 428 progenitoribus
921 389 953 417 et
982 383 1250 417 antecessoribus
1270 388 1401 425 nostris,
1432 385 1505 419 data
1534 391 1565 420 et
1592 387 1697 430 datas,
1726 398 1888 421 concessa
1917 392 1949 422 et
1977 399 2064 422 con-

231 454 359 480 cessas*
391 443 509 476 indulta
540 447 571 476 ct
600 443 756 478 indultas.
794 449 889 490 prout
918 447 947 477 in
976 446 1121 489 ipsorum
1152 443 1281 487 Regum
1317 445 1452 479 Boemie
1483 450 1515 480 et
1546 446 1771 481 Marcbionum
1800 447 1950 482 Morauie
1977 448 2065 482 Pro-

230 507 415 547 gcuitorum
446 508 477 536 et
506 503 786 537 predecessorum
816 504 1028 538 Nostrorum.
1066 505 1168 537 literis
1202 516 1302 550 super
1334 505 1396 539 hec
1428 506 1586 541 confectis
1620 507 1747 553 plenius
1775 512 1826 541 est
1852 519 2064 554 expressum,

230 567 416 597 memoratis
444 563 575 597 Ciuitati
603 569 634 597 et
659 564 791 598 Ciuibus
818 565 858 598 de
884 565 1084 611 plenitudine
1113 569 1284 610 potcstatis
1314 569 1407 610 regie
1435 577 1478 600 ex
1505 572 1593 601 certa
1623 573 1734 602 nostra
1763 571 1908 602 sciencia
1938 579 2065 615 appro-

231 625 361 661 bamus.
397 625 647 660 contii-mamus.
684 628 898 667 imiouamusq
934 630 963 658 et
998 629 1161 670 presentis
1196 629 1306 671 scripti
1341 629 1521 671 patrocinio
1554 631 1803 662 communimus.
1858 628 1946 662 Nulli
1981 640 2064 673 ergo

230 689 363 718 omnino
399 685 564 718 bominum
601 687 695 719 liceat
732 686 815 719 banc
848 690 960 719 nostr(¹
995 686 1281 722 confirmacionis,
1320 687 1529 729 donacionis,
1571 691 1817 727 concessionisq
1853 688 2065 733 indulgencie

232 749 385 791 paginam
425 746 625 790 inl'ringcrc.
664 751 715 779 aut
755 749 784 779 ei
814 758 895 779 ausu
932 749 1108 779 temerario
1138 749 1313 779 contraire.
1371 746 1573 781 Contrarium
1608 748 1768 782 facientes
1797 748 2064 792 indignacionem

231 809 323 850 regie
360 809 537 839 inaicstatis
572 818 708 849 gram-in
746 818 782 839 sc
811 806 964 839 noucrint
1000 808 1202 840 incursuros.
1259 807 1294 840 In
1329 818 1462 852 quorum
1497 812 1713 842 testimonium
1752 813 1926 854 presentes
1965 809 2065 843 scribi

231 872 261 900 ct
292 866 473 900 Maiestatis
503 872 613 900 nostre
644 867 748 910 Sigilli
784 869 960 899 munimine
999 869 1154 900 iussimus
1189 867 1350 901 roborari.
1393 868 1509 902 Datum
1545 872 1575 902 in
1604 868 1821 903 Nurenbercll
1849 868 1896 902 XI
1924 869 2062 903 Kalend.

231 927 438 969 Decembris,
470 928 569 961 Auno
599 927 730 959 Domini
760 926 932 960 Millcsimo
962 927 1215 961 Trecentesimo
1245 929 1575 973 Quadringentesimo
1604 932 1753 975 septimo,
1783 929 1966 963 Indictione
1985 929 2061 964 XV.

232 988 424 1032 Regnorum
454 993 641 1021 nostrorum
671 987 771 1020 Anno
802 987 969 1021 Secundo.

536 1066 621 1097 (Nacti
653 1066 817 1099 ‹imvm-ig.
850 1067 893 1091 mit
926 1066 984 1091 (lein
1016 1067 1224 1100 genolmlirben
1249 1067 1342 1096 Sigille
1367 1068 1398 1092 im
1424 1067 1537 1093 Archo-e
1561 1068 1703 1094 ‹lei-selben
1728 1068 1819 1100 stadt,
1851 1068 2063 1102 abgescbrieben

639 1119 671 1144 A.
698 1119 812 1144 ὕοι-κείς.
858 1118 884 1144 Ρ.
911 1118 937 1144 R.
964 1126 987 1144 v.
1012 1118 1175 1151 Chtumecky
1200 1128 1222 1144 a.
1249 1129 1271 1145 a.
1298 1120 1328 1145 O.
1354 1120 1380 1144 S.
1409 1119 1443 1144 113
1469 1128 1493 1145 n.
1520 1119 1583 1152 29.)

1102 1247 1205 1283 746.

231 1327 272 1360 [ι’.
309 1326 400 1360 Karl
431 1326 451 1360 I
458 1326 492 1360 lv.
523 1325 687 1369 bestc'lligst
721 1326 791 1359 dem
825 1325 916 1358 Adel
948 1325 1013 1358 emd
1044 1326 1105 1358 den
1142 1325 1306 1358 Pmllatcn
1342 1326 1399 1359 des
1433 1325 1678 1369 Ii'o‘m'qreiclees
1712 1326 1862 1359 Bo‘hmen
1906 1326 1972 1359 und
2005 1326 2064 1360 des

381 1387 694 1431 Illurlfgyraflleelmes
723 1386 867 1420 Malo-en
897 1387 965 1420 alle
994 1386 1127 1420 Reelete
1156 1387 1221 1420 med
1248 1387 1464 1430 Pre‘rlleyr‘en.
1522 1386 1559 1419 Ο.
1590 1386 1634 1419 D.
1665 1398 1695 1420 et.
1727 1386 1765 1419 0.
1797 1386 1908 1420 1347.

372 1463 545 1516 Rarolvs
575 1482 684 1515 diuina
715 1480 848 1515 fauente
877 1482 1052 1514 clementia
1076 1502 1117 1505 —
1143 1484 1309 1515 vniuersis
1340 1481 1446 1524 Regni
1466 1481 1601 1514 Boemie
1631 1485 1661 1514 et
1681 1480 1928 1515 Marcbionatus
1957 1483 2063 1515 nostri

228 1543 376 1577 Morauie
413 1543 529 1587 quibus
565 1554 707 1576 noscere
741 1542 837 1576 suerit
866 1547 1084 1587 opportunum
1116 1542 1251 1575 salutem
1283 1546 1311 1574 et
1346 1544 1450 1585 gratie
1479 1544 1726 1575 incrementum.
1783 1542 1835 1575 Ad
1865 1543 2062 1587 sceptrigeri

230 1604 358 1648 fastigia
389 1603 580 1636 diadematis
611 1604 721 1636 diuina
749 1603 946 1648 disponente
976 1603 1149 1636 clementia
1180 1602 1340 1635 sublimati
1371 1602 1410 1635 ad
1431 1602 1490 1635 boc
1511 1601 1713 1635 feruentibus
1733 1605 1820 1635 votis
1849 1601 2061 1644 intendimus,

231 1669 262 1697 vt
284 1667 386 1697 nostri
409 1664 592 1708 Regiminis
622 1669 771 1709 tempore
800 1668 912 1696 nostre
933 1663 1046 1696 ditioni
1068 1663 1227 1696 subiectis
1256 1662 1387 1696 libertas
1407 1666 1515 1707 optata
1542 1665 1724 1707 perueniat,
1754 1666 1899 1696 vitentur
1918 1662 2063 1708 pericula

231 1729 262 1758 et
290 1737 307 1758 a
336 1725 553 1765 maligma-um
585 1727 721 1770 protecti
743 1723 929 1757 incursibus
960 1726 1068 1769 quiete
1089 1724 1239 1758 sedeant.
1270 1722 1415 1756 sedendo
1435 1725 1669 1767 conquiescant
1698 1727 1727 1755 et
1757 1725 1788 1756 in
1808 1722 2060 1768 pulchritudine,

230 1789 323 1831 pacis
352 1790 384 1819 et
412 1788 443 1818 in
472 1785 694 1818 tabia-uacatis
724 1784 842 1817 tiducie
871 1789 902 1817 et
933 1784 1158 1829 temporalium
1179 1787 1292 1828 requie
1322 1787 1473 1816 maneant
1492 1783 1655 1828 opulenta.
1686 1782 1772 1827 quod
1801 1787 1878 1816 tunc
1899 1782 2063 1817 salubrius

230 1852 259 1880 et
289 1846 492 1880 commodius
522 1846 681 1890 expedire
710 1845 887 1878 credimus.
918 1848 944 1878 si
972 1848 1021 1878 ius
1042 1856 1135 1878 suum
1166 1844 1325 1877 tribuatur
1348 1842 1478 1876 cuilibet
1500 1847 1530 1875 et
1550 1842 1632 1876 vltra
1654 1842 1796 1876 debitum
1816 1854 1880 1877 non
1902 1847 2059 1876 arctetur.

230 1907 301 1940 Hoc
336 1918 416 1940 sane
451 1906 658 1939 attendentes
693 1916 808 1938 omnes
838 1905 947 1949 Regni
985 1908 1088 1938 nostri
1121 1904 1259 1938 Boemie
1294 1908 1326 1938 et
1361 1903 1608 1937 Mai-cluonaius
1642 1903 1789 1937 Morauie
1824 1903 1993 1949 Principes
2030 1907 2061 1936 et

229 1968 377 2001 Prelatos
407 1967 547 2000 clericos
577 1971 606 1999 et
635 1969 813 1999 vainei-sos
842 1970 955 1999 nostre
983 1965 1096 1999 ditioni
1125 1965 1290 1998 subiectos
1319 1967 1372 2010 pio
1400 1963 1522 1997 fauoris
1553 1975 1631 1997 ausu
1660 1963 1885 1997 fauorabiliter
1913 1963 2064 2009 amplec-

231 2033 338 2062 tentes
367 2027 492 2060 eisdcm
515 2027 666 2059 duximus
688 2026 950 2072 promittendum.
981 2025 1066 2071 quod
1095 2029 1202 2059 omnia
1232 2029 1300 2059 iura
1330 2030 1360 2058 et
1389 2024 1644 2057 consuetudines
1665 2035 1728 2069 que
1747 2028 1779 2058 et
1799 2035 1880 2070 quas
1901 2035 1919 2057 a
1939 2027 2060 2058 nostris

230 2088 413 2122 babuerunt
449 2092 481 2120 et
515 2086 638 2119 babere
674 2086 889 2120 dinoscuntur
926 2086 1219 2131 predecessoribus
1248 2090 1316 2119 rata
1345 2084 1468 2118 habere
1503 2084 1654 2127 volumus
1685 2089 1717 2118 et
1744 2089 1860 2118 tenere
1888 2089 1920 2118 et
1947 2084 2063 2118 eadem

230 2149 423 2182 inconuulsa
452 2158 665 2181 conseruare.
709 2146 779 2180 Nec
808 2158 872 2180 non
902 2147 987 2192 quod
1016 2149 1126 2180 onmia
1156 2146 1327 2192 priuilegia
1357 2155 1468 2178 eorum
1498 2155 1561 2189 que
1590 2155 1606 2177 a
1637 2147 1757 2178 nostris
1786 2144 1908 2178 babent
1935 2144 2064 2190 prede-

230 2208 420 2243 cessoribus
450 2209 600 2241 volumus
630 2211 750 2241 nostris
779 2208 977 2241 confirmare
1006 2207 1132 2252 sigillis,
1176 2207 1340 2247 Preterea‚
1369 2209 1405 2238 vt
1432 2207 1534 2237 nostri
1565 2204 1703 2238 subiecti
1732 2205 1920 2239 vberiorem
1949 2209 2064 2238 nostre

230 2272 362 2315 pietatis
391 2271 534 2302 sentiant
563 2268 831 2311 beniuolentiam,
861 2271 1090 2314 promittimus„
1121 2267 1206 2312 quod
1234 2266 1352 2300 nullam
1381 2269 1524 2298 steuram
1545 2265 1598 2298 vel
1629 2268 1840 2299 exactionem
1870 2276 1933 2310 que
1953 2264 2063 2298 Berna

230 2334 388 2373 vocatur,
424 2331 486 2363 nisi
522 2340 581 2362 nos
618 2339 758 2362 onrem
794 2329 916 2362 ducere
953 2331 1163 2372 contingeret
1196 2327 1251 2361 vel
1286 2326 1424 2371 aliquem
1460 2324 1599 2358 liliorum
1638 2330 1670 2359 et
1703 2326 1840 2360 filiarum
1875 2329 2062 2359 nostrarum

231 2390 361 2423 tradere
390 2389 589 2435 copulationi
618 2390 817 2433 coniungali.
848 2389 887 2422 ab
917 2391 965 2422 eis
995 2389 1199 2433 aliquatenus
1228 2390 1412 2431 exigemus.
1443 2384 1593 2418 Ceterum
1623 2390 1657 2419 vt
1677 2386 1786 2430 Regni
1805 2388 1908 2420 nostri
1936 2386 2063 2419 incolas

232 2449 271 2482 ad
307 2450 492 2483 voluntaria
529 2460 749 2495 prouocemus
784 2449 941 2495 obsequia
978 2449 1172 2495 pollicemur
1208 2447 1332 2482 eisdem
1377 2445 1462 2491 quod
1502 2456 1668 2490 nunquam
1705 2447 1801 2480 alicui
1838 2446 1931 2480 alteri
1966 2456 2062 2491 quam

231 2509 369 2543 Morauo
405 2513 435 2543 in
464 2509 613 2543 Morauia
649 2513 681 2542 et
716 2509 840 2543 Boemo
875 2513 909 2543 in
936 2509 1073 2542 Boemia
1103 2508 1234 2553 aliquod
1267 2507 1409 2542 officium
1438 2509 1687 2540 committemus.
1731 2507 1871 2552 Insuper
1897 2508 2063 2540 communi

231 2574 310 2603 voto
339 2574 509 2614 parentum
540 2570 758 2604 affectantium
788 2572 1037 2604 successionem
1059 2573 1089 2602 et
1109 2569 1195 2603 bona
1225 2568 1354 2601 deuolui
1382 2565 1421 2599 ad
1450 2571 1602 2611 posteros
1629 2567 1810 2600 clementer
1829 2569 2063 2608 assentientes,

233 2629 385 2663 volumus
414 2629 499 2675 quod
527 2630 639 2664 liberis
669 2630 742 2664 filiis
771 2634 804 2664 et
831 2630 958 2664 filiabus
988 2641 1047 2664 seu
1075 2628 1231 2663 fratribus
1260 2637 1438 2672 eorumque
1467 2627 1540 2660 tiliis
1570 2638 1676 2672 vsque
1704 2628 1744 2661 ad
1773 2631 1921 2672 quartam
1950 2636 2062 2671 gene-
