2184 2828
980 102 1101 157 549Π
1143 154 1162 156 ⁷„

102 226 228 256 maturo
261 219 421 261 adhibito,
459 218 499 253 de
535 222 679 253 unanimi
709 219 916 265 beneplacito
945 224 1073 262 nostro,
1105 223 1296 266 presentem
1331 219 1446 254 librum
1476 219 1546 254 fieri
1576 219 1787 255 decrevimus
1816 226 1847 256 et
1875 233 1937 268 per

100 284 193 316 viros
221 280 283 314 fide
312 280 431 324 dignos
460 279 668 314 consiliarios
696 285 829 314 nostros
850 284 988 325 quatuor
1008 284 1059 326 qui
1079 290 1138 326 pro
1159 284 1307 326 tempore
1335 280 1477 323 suerunt,
1508 281 1654 315 clausum
1674 284 1818 327 ipsorum
1839 286 1935 316 seris.

102 340 316 383 retinendum,
346 344 377 374 et
406 350 445 373 eo
475 351 538 386 que
566 351 625 386 pro
654 343 818 374 communi
847 340 934 374 bono
963 344 994 374 in
1023 343 1129 387 ipsum
1157 340 1274 374 librum
1302 343 1427 385 signari
1456 342 1679 386 decrevimus,
1709 353 1774 376 non
1803 345 1835 376 in
1864 343 1937 377 aliis

100 402 192 443 locis,
220 404 432 446 preterquam
461 403 494 434 in
522 405 636 434 nostro
666 400 793 435 lirmato
817 401 942 445 judicio
970 402 1026 436 vel
1053 404 1085 435 in
1112 401 1211 447 pleno
1246 405 1359 435 nostro
1393 402 1532 436 consilio
1566 401 1626 437 suh
1654 405 1759 437 nostri
1789 414 1828 436 ac
1855 414 1938 437 suc-

99 472 270 495 cessorum
299 465 487 494 nostrorum
520 464 663 494 omnium
699 464 867 507 presentia
903 461 1157 496 conscribenda.
1200 460 1362 495 Volumus
1391 464 1490 506 igitur
1518 463 1754 506 decernentes,
1784 465 1937 509 quatinus

99 532 138 555 ea
167 521 296 565 singula
326 525 358 554 et
386 524 562 563 universa,
591 532 654 566 que
683 525 828 567 presenti
856 522 938 556 libro
968 525 1090 556 nostris
1115 521 1319 566 jussionibus
1349 527 1398 556 et.
1417 549 1424 556 .
1444 521 1577 557 fuerunt
1605 526 1806 568 ingrossata,
1836 535 1939 569 super

98 580 296 627 quibuslibet
330 584 439 615 causis
474 582 528 615 vel
557 581 674 624 rebus,
710 583 807 628 pleno
845 585 981 627 vigore,
1013 588 1165 628 tanquam
1194 585 1316 628 scripta
1347 593 1406 616 seu
1435 585 1651 617 instrumenta
1680 584 1847 618 literarum
1877 584 1936 618 sub

98 642 195 688 sigilli
223 646 336 676 nostre
365 645 506 676 civitatis
528 641 759 676 Olomueensis
779 643 938 689 predicte,
968 643 1146 677 effectuose
1166 647 1198 677 et
1225 654 1285 689 per
1304 646 1413 676 omnia
1444 646 1540 689 potiri
1561 643 1703 678 debeant
1723 649 1754 678 et
1775 644 1936 689 gaudere.

406 721 597 755 (Abgedruekt
622 723 645 747 in
678 722 722 747 Dr.
748 721 868 747 Bisclioll'
895 722 1045 747 Deutsclies
1078 721 1162 748 Recht
1192 723 1216 747 in
1247 721 1349 748 Olmutz
1381 721 1479 755 1555,
1513 723 1540 748 S.
1569 723 1623 755 55,
1655 724 1722 750 nach
1753 723 1812 750 dem
1843 724 1937 750 stadt-

506 773 592 799 bucbe
616 773 633 799 Γ.
663 773 673 799 1
701 775 734 799 im
760 773 893 799 Olmutzer
916 773 1124 806 studiari-hire.)

972 885 1074 920 752.

99 962 142 996 K.
179 961 270 995 Karl
302 961 362 996 ΠΖ
399 961 563 1007 besta'leffl
598 963 658 996 der
694 963 797 996 Stmlt
832 963 949 996 Brmm
994 963 1062 996 alle
1096 963 1228 997 Rechte
1270 964 1336 997 med
1370 964 1590 1010 Pre'rl'leyz‘en.
1645 965 1705 999 Dt.
1742 965 1934 1010 Nz'lrnbery,

583 1023 721 1057 Xl'III.
751 1024 831 1057 [sal.
862 1025 985 1057 Martii
1013 1024 1092 1067 (12.
1122 1023 1298 1067 Februar]
1333 1024 1442 1058 1348.

242 1080 412 1134 Karolus
445 1100 496 1134 dei
530 1103 645 1145 gracia
679 1101 905 1135 Romanorum
936 1101 1032 1144 Rex,
1062 1113 1194 1148 semper
1229 1102 1404 1147 Augustus
1434 1107 1465 1136 et
1493 1102 1630 1137 Boemie
1658 1104 1745 1147 Rex,
1776 1104 1938 1139 Omnibus

98 1163 338 1206 imperpetuum
367 1188 374 1194 .
405 1159 574 1202 Quociens
608 1173 625 1195 a
659 1161 753 1195 nobis
789 1165 925 1207 petitur.
962 1162 1048 1208 quod
1083 1162 1248 1196 honestati
1283 1166 1466 1197 conuenire
1500 1163 1695 1207 dinoscitur,
1735 1168 1844 1199 animo
1877 1177 1939 1199 nos

97 1220 193 1254 decet
220 1220 333 1254 libenti
361 1221 561 1264 concedere,
592 1226 623 1255 et
643 1225 829 1268 peteneium
851 1222 1026 1267 desiderijs
1055 1234 1235 1268 congruum
1263 1223 1457 1269 suffragium
1479 1227 1647 1270 impertiri.
1678 1224 1816 1260 Nouerit
1841 1229 1940 1271 igitur

97 1292 239 1327 presens
269 1286 350 1319 etas,
381 1287 413 1315 et
441 1282 539 1316 futuri
568 1286 726 1328 temporis
756 1294 956 1317 successura
978 1287 1162 1329 posteritas,
1193 1284 1279 1330 quod
1307 1296 1368 1318 nos
1397 1288 1526 1323 integre
1555 1285 1629 1319 fidei
1658 1289 1843 1332 puritatem,
1874 1298 1937 1333 que

97 1342 277 1387 prudentes
305 1346 392 1376 viri.
418 1343 573 1376 ..ludex.
599 1343 724 1377 ‚Jurati
754 1348 784 1377 et
814 1347 962 1378 vainei-si
992 1345 1090 1378 Ciues
1118 1349 1232 1379 nostre
1261 1345 1411 1379 Ciuitatis
1441 1346 1658 1389 BrunnensiS,
1689 1347 1804 1382 fideles
1832 1351 1944 1382 nostri

96 1403 218 1445 dilecti,
249 1414 329 1448 erga
357 1415 417 1437 nos
446 1409 477 1437 et
507 1407 741 1450 progenitores
762 1410 903 1447 nostros,
937 1405 1048 1449 Reges
1068 1405 1204 1440 Boemie
1224 1410 1255 1440 et
1274 1405 1485 1440 Marchiones
1507 1407 1657 1441 Morauie
1678 1409 1790 1442 inclite
1818 1420 1939 1442 reeor-

96 1464 258 1505 dacionis,
289 1463 447 1498 hactenus
476 1465 681 1498 claruerunt.
712 1469 899 1509 ‹graciosius
928 1466 1148 1509 attendentes,
1179 1466 1437 1501 Considerautes
1466 1479 1597 1514 quoque
1626 1468 1821 1513 benignius,
1852 1469 1938 1516 quod

96 1524 196 1568 ijdem
234 1524 333 1558 Ciues
369 1530 462 1569 grata
499 1525 594 1559 nobis
630 1527 857 1571 impcmlerunt
887 1526 1067 1572 obsequia.
1104 1532 1137 1560 et
1172 1527 1363 1573 impendere
1398 1533 1551 1573 poterunt
1585 1528 1700 1563 futuris
1735 1530 1938 1576 temporibus

94 1588 249 1629 graciora
278 1585 415 1619 Deuotis
445 1591 477 1620 et
506 1587 762 1619 racionabilibus
792 1590 936 1632 ipsorum
969 1587 1269 1632 supplicacionibus
1290 1588 1519 1622 fauorabiliter
1548 1589 1705 1632 inclinati,
1736 1593 1846 1624 omnia
1866 1594 1938 1636 pri-

96 1646 229 1690 uilegia,
249 1649 390 1689 gracias.
420 1650 674 1683 concessiones.
701 1648 904 1680 donaciones
931 1652 960 1680 et
988 1648 1166 1681 libertates.
1194 1648 1376 1683 laudabiles
1405 1660 1535 1695 quoque
1561 1654 1591 1683 et
1620 1650 1820 1696 approbatas
1847 1662 1938 1685 con-

94 1706 287 1740 suetudines
316 1711 349 1740 et
375 1706 455 1740 Jura
485 1711 720 1753 cuiuscumque
749 1711 958 1741 contineneie
988 1713 1019 1741 et
1049 1712 1174 1742 tenoris
1203 1712 1364 1743 existant.
1395 1722 1411 1743 a
1447 1711 1530 1744 diuis
1564 1710 1713 1755 Regibus
1741 1711 1878 1745 Boemie
1906 1717 1938 1745 et

95 1766 345 1800 Marchionibus
374 1767 523 1801 Morauie
553 1768 818 1813 progenitoribus
855 1773 887 1801 et
916 1769 1185 1803 anim-essorilms
1215 1773 1336 1804 nostris
1365 1772 1454 1804 clare
1484 1774 1662 1806 memorie.
1693 1775 1772 1817 ipsis
1803 1772 1877 1806 data
1907 1777 1939 1806 et

96 1827 201 1869 datas,
231 1838 397 1861 concessa
427 1833 457 1861 et
486 1840 678 1863 concessas.
711 1829 832 1862 indulta
862 1834 892 1862 et
924 1830 1076 1862 imlnltas.
1107 1835 1201 1875 prout
1231 1834 1261 1864 in
1291 1834 1436 1877 ipsorum
1467 1832 1595 1876 Regum
1618 1832 1754 1866 Boemie
1783 1837 1815 1866 et
1841 1832 1938 1866 Mar-

96 1887 248 1921 cliionum
278 1888 427 1922 Morauie
456 1889 557 1923 literis
587 1901 686 1935 super
715 1890 775 1923 boc
805 1890 968 1923 csml'ectis
999 1891 1126 1935 plenius
1156 1896 1206 1924 cst
1236 1902 1447 1937 expressum,
1478 1892 1563 1926 dicte
1593 1892 1721 1926 Ciuitati
1748 1893 1935 1927 Brunnensi

98 1950 262 1994 ipsiusque
292 1949 426 1982 Ciuibus
456 1952 695 1996 imperpetuum
727 1953 921 1983 auctoritate
954 1950 1057 1991 Regia
1089 1951 1328 1996 approbamus,
1359 1953 1577 1988 ranticamuS.
1607 1956 1804 1987 innouamus
1833 1958 1865 1987 et
1893 1965 1936 1987 ex

96 2012 186 2041 certa
215 2014 326 2043 nostra
357 2013 503 2044 sciencia
532 2014 697 2056 presentis
728 2014 839 2056 scripti
870 2014 1052 2056 patrocinio
1082 2013 1326 2047 eonlirmamus.
1371 2013 1456 2047 Nulli
1489 2025 1572 2058 ergo
1601 2017 1735 2048 omnino
1770 2013 1936 2048 hominum

97 2067 214 2110 liceat,
248 2068 331 2103 hanc
366 2076 478 2104 nostre
512 2072 769 2117 approbacionis
806 2099 812 2104 .
850 2072 1105 2113 ratilicacionis,
1143 2075 1372 2107 innouaeionis
1411 2079 1441 2108 et
1476 2075 1744 2108 confirmacionis
1780 2078 1936 2119 paginam

96 2127 293 2172 infringere,
328 2136 381 2164 aut
415 2135 443 2165 ei
481 2144 562 2165 ausu
606 2135 781 2166 temerario
823 2135 999 2165 contraire,
1058 2133 1214 2176 Alioquin
1251 2145 1349 2168 secus
1394 2134 1555 2169 facientes
1599 2135 1868 2179 indignacionem
1906 2140 1937 2169 et

97 2188 254 2222 offensam
283 2182 388 2235 Regie
416 2191 599 2226 Maiestatis
629 2204 767 2237 grauem
797 2204 832 2226 se
862 2195 1013 2225 nouerint
1044 2192 1316 2228 irremissibiliter
1344 2198 1547 2230 incursuros.
1605 2195 1639 2228 ln
1670 2206 1806 2240 quorum
1835 2199 1937 2230 testi-

96 2251 239 2281 monium
277 2257 448 2294 presentes
482 2253 582 2287 scribi
613 2258 643 2287 et
673 2254 770 2297 sigilli
800 2253 983 2287 Maiestatis
1014 2258 1126 2286 nostre
1165 2257 1342 2289 munimine
1371 2258 1525 2290 iussimus
1554 2258 1759 2289 communiri.
1814 2255 1933 2291 Datum

97 2308 306 2353 Nurcnberg.
337 2311 434 2345 Anno
464 2313 585 2347 domini
616 2314 790 2348 Millesimo
820 2314 1070 2347 Trecentesimo
1103 2314 1156 2347 XL
1186 2319 1317 2359 octauo,
1346 2316 1538 2350 indiccione
1567 2319 1684 2361 prima,
1713 2316 1932 2351 XV111.K=11.

97 2369 210 2414 Murctj
240 2374 335 2415 (sie),
366 2371 557 2417 Regnorum
587 2380 773 2409 nostrorum
805 2386 891 2408 anno
920 2375 1081 2408 seeundo.

1513 2427 1608 2462 Perd.
1640 2427 1882 2463 Cancellarium

1577 2488 1612 2522 P.
1643 2489 1688 2523 de
1716 2489 1837 2524 Luna.

401 2544 467 2574 (Das
497 2545 569 2579 orig.
601 2548 647 2573 aus
675 2549 793 2577 remam.
827 2550 869 2574 mit
903 2550 986 2574 cincm
1017 2557 1133 2581 :grossen
1159 2549 1223 2575 aber
1246 2550 1439 2585 bescliadigten
1466 2551 1558 2584 sigillo
1589 2552 1622 2577 im
1647 2552 1763 2578 Archive
1788 2552 1931 2579 desselben

503 2597 587 2631 Stadt,
613 2600 644 2625 A.
670 2609 696 2627 n.
722 2603 764 2633 ὅ.)
