2184 2828
987 83 1032 117 41

92 204 134 238 ad
162 208 305 251 ipsorum
334 201 566 236 nichilominus
594 204 793 247 peticionem
828 212 887 247 pro
923 200 1050 235 duobus
1080 200 1184 234 laneis
1214 203 1284 235 sitis
1313 204 1345 235 in
1374 202 1555 246 Bomahcz„
1594 214 1732 248 quorum
1761 210 1942 251 prouentus

93 266 132 300 ad
161 275 274 299 eorum
303 265 480 309 pitanciam
509 262 729 308 pertinebant,
758 265 812 308 qui
841 262 971 307 quidem
999 261 1096 303 tanei,
1127 261 1167 295 de
1196 264 1341 308 ipsorum
1370 267 1535 298 communi
1570 275 1738 299 consensu
1767 270 1799 300 et
1826 271 1942 301 nostro

91 324 281 360 Bernholdo
309 323 374 357 silio
403 323 556 357 Weitlini
585 322 626 356 de
656 322 893 365 Schenkwicz,
931 324 1093 367 uxorique
1128 325 1178 356 sui
1212 322 1346 364 Athedi‚
1376 328 1410 357 et
1438 335 1550 358 eorum
1580 324 1757 360 heredibus
1786 331 1942 362 concessi

94 389 169 420 sunt
196 384 394 418 clientaliter
421 383 626 430 possidendi„
656 383 887 417 commutando
908 383 1055 417 dedimus
1075 382 1157 417 duas
1177 394 1308 417 marcas
1328 395 1522 428 grossorum
1542 385 1758 431 pragensium
1779 386 1942 422 Morauiei

90 445 248 493 ponderis
277 450 309 479 et
336 447 477 487 numeri,
506 444 645 489 singulis
674 447 768 478 annis
798 444 837 478 de
867 443 1065 486 molendium
1095 444 1181 488 quod
1211 447 1306 478 situm
1336 449 1388 478 est
1417 444 1476 479 sub
1505 446 1625 492 lapide„
1655 449 1744 481 circa
1774 451 1941 482 civitatem

91 506 338 552 znoymensem
367 505 496 551 prefato
533 507 711 539 conuentui
746 509 859 538 nostro
896 505 1049 547 Lucensi,
1088 504 1129 538 ad
1163 508 1353 550 pitanciam,
1391 509 1464 540 sine
1499 508 1770 542 contradiccione
1799 508 1943 554 qualibet

90 566 340 614 persoluendas.
376 566 413 600 In
452 568 544 600 cuius
577 568 625 599 rei
667 568 890 599 testimonium
925 576 1064 611 presens
1102 568 1257 611 scriptum
1295 566 1402 611 Sigilli
1440 571 1542 601 nostri
1572 572 1763 612 munimine,
1793 569 1941 603 dedimus

89 627 291 662 roboratum.
320 627 439 661 Datum
469 629 502 660 in
521 630 635 660 nostro
654 626 804 672 predicto
824 626 966 660 Lucensi
986 625 1199 660 Monasterio.
1230 627 1331 661 Anno
1353 627 1474 661 domini
1493 627 1668 663 Millesinio
1690 630 1942 664 Trecentesimo

90 688 277 723 Tricesimo
305 691 431 733 quinto,
460 687 497 721 In
526 686 578 721 die
607 690 812 721 ascensionis
841 687 973 721 domini.

399 765 471 799 (Das
496 766 571 799 Orig.
597 766 644 792 auf
663 766 821 800 Pergament
845 767 888 792 mit
912 768 995 792 einem
1020 766 1082 792 sehr
1105 766 1299 800 hesi-liadigten
1324 767 1417 801 Sigille
1441 769 1473 793 im
1498 769 1614 794 Art-liive
1643 769 1786 796 desselben
1810 770 1943 803 Klosters,

502 819 535 844 im
560 827 592 844 m.
618 822 650 844 st.
675 818 888 844 Landesareliive
911 819 957 846 Lit.
983 819 1012 845 H.
1038 827 1062 844 n.
1089 818 1137 844 27.
1165 819 1216 844 und
1241 820 1264 845 in
1291 821 1375 845 einen]
1400 818 1716 847 Notariatsiusn-iimente
1739 830 1800 847 vom
1819 822 1843 848 J.
1862 822 1941 848 1422

504 870 624 897 daselbst
647 870 692 897 Lit.
719 870 749 896 Κ.
776 880 800 896 n.
829 871 870 903 7.)

89 1078 202 1123 Iso'niq
222 1078 377 1112 Kazimir
396 1090 458 1112 ron
481 1078 587 1112 Polen
608 1078 809 1122 reiut-pride!7
833 1079 894 1111 den
914 1079 972 1111 mit
994 1078 1065 1111 (lem
1086 1078 1309 1123 Marquafhn
1326 1079 1419 1112 Isarl
1438 1091 1498 1113 ron
1516 1080 1658 1113 Mdhrc’n
1676 1082 1942 1125 yesclelossenen

89 1139 235 1172 Frieden
263 1139 368 1172 durch
398 1141 451 1173 ein
480 1139 569 1172 ιΙαΙιν
596 1139 711 1172 ballea
742 1151 783 1172 zet
812 1139 941 1172 wellen.
972 1139 1031 1172 Dc.
1061 1141 1093 1172 in
1122 1143 1240 1173 castro
1261 1140 1544 1175 Samlonn‘rv'eum’.
1575 1142 1628 1175 die
1656 1142 1823 1176 {lominica
1852 1144 1944 1187 ‘infra

123 1190 128 1194 ’
570 1203 682 1233 orlac.
715 1200 916 1233 Aseension.
946 1200 1071 1233 domini
1099 1199 1180 1243 (28.
1211 1200 1305 1243 Mai)
1338 1200 1449 1235 1335.

234 1275 462 1337 Kazimirus‚
484 1295 537 1329 dei
556 1298 669 1340 gracia
689 1295 765 1329 Rex
786 1295 932 1329 Polonie.
954 1295 1024 1330 Nec
1052 1307 1117 1330 non
1138 1296 1331 1338 Terrarum,
1354 1296 1528 1333 Cracouie.
1551 1297 1772 1341 Sandoinirie‚
1799 1299 1942 1343 Siradie7

89 1355 256 1399 Lancicie‚
287 1355 448 1402 Cuyauie.
470 1356 744 1401 Poinoi-anieque.
775 1356 937 1399 dominus,
968 1361 1001 1390 et
1028 1356 1137 1400 lieres,
1158 1357 1347 1400 Vniuersis,
1378 1363 1555 1404 presentes
1583 1360 1710 1393 litteras
1730 1363 1941 1406 inspecturis,

90 1417 230 1450 salutem
266 1421 298 1450 et
334 1416 544 1463 presentibus
587 1417 683 1451 lideni
727 1417 817 1457 dare,
860 1417 913 1450 Ad
955 1420 1178 1452 vniuersitatis
1218 1423 1331 1453 vestre
1373 1422 1528 1453 noticiam
1571 1424 1688 1454 tenore
1729 1424 1942 1466 presencium

90 1477 242 1511 volumus
271 1480 459 1523 peruenire,
491 1476 597 1519 Quod,
628 1489 689 1511 nos
718 1478 759 1511 de
788 1483 926 1516 :nutui-0,
956 1489 1049 1521 sanQ
1080 1483 1113 1513 et
1141 1479 1324 1513 deliberato
1352 1484 1468 1514 nostro
1498 1485 1530 1513 et
1565 1485 1752 1515 nostrorum
1781 1482 1943 1516 consilia-

90 1541 212 1572 riorum
243 1538 392 1575 consilio,
423 1538 575 1583 Treugas
605 1543 637 1572 et
674 1543 863 1583 treugarum
906 1538 1019 1573 federa
1055 1551 1140 1581 cum,
1169 1539 1360 1585 Magnifico,
1396 1540 1550 1587 Principe
1579 1541 1711 1576 domino
1740 1542 1864 1576 Karolo
1894 1570 1901 1576 .
1934 1571 1940 1577 .

90 1598 195 1643 Regis
224 1598 360 1632 Boemie
389 1610 428 1632 ac
461 1598 764 1644 Lucemburgensis
801 1600 934 1633 Comitis
972 1603 1202 1645 primogenito,
1240 1600 1436 1635 Marchione
1471 1601 1634 1640 Morauie,
1677 1602 1753 1637 binc
1795 1615 1812 1636 a
1856 1604 1942 1637 sesto

90 1658 177 1692 beati
196 1658 358 1693 Joliannis
387 1659 525 1705 baptiste
554 1663 705 1705 proxime
734 1663 889 1703 instante,
920 1660 959 1693 ad
988 1672 1132 1705 sequens
1160 1661 1279 1696 festum
1309 1662 1456 1696 eiusdem
1485 1662 1573 1696 beati
1592 1663 1755 1697 Johannis
1782 1664 1942 1698 inclusiue

91 1719 132 1752 ad
161 1730 280 1753 annum
311 1731 397 1753 nunc
427 1723 578 1766 proxime
607 1725 807 1763 secuturum,
849 1721 945 1755 bodie
979 1724 1009 1754 in
1048 1721 1098 1755 dei
1134 1725 1267 1756 nomine
1305 1726 1457 1757 iniuimus
1493 1723 1711 1758 amicabiliter
1748 1729 1780 1758 et
1808 1728 1941 1767 inimus,

90 1779 322 1814 Promittentes
351 1781 516 1826 predictas
546 1781 711 1826 Treugas.
741 1793 799 1828 pro
830 1782 935 1816 nobis.
971 1794 1010 1815 ac
1045 1794 1104 1828 pro
1138 1782 1328 1826 baronibus,
1367 1783 1539 1817 Nobilibus
1569 1789 1601 1818 et
1629 1785 1779 1819 fidelibus
1809 1789 1939 1828 nostris7

91 1840 242 1874 omnibus
277 1846 309 1875 et
350 1842 488 1885 siugulis
523 1845 759 1887 cuiuscumque
796 1847 899 1876 status
934 1845 1120 1877 eminencie
1157 1844 1362 1878 condicionis
1398 1856 1457 1878 seu
1494 1845 1661 1890 dignitatis
1697 1849 1850 1887 existanta
1887 1849 1941 1891 qui

90 1912 149 1946 pro
178 1901 273 1935 nobis
302 1907 334 1936 et
363 1906 466 1936 nostri
495 1904 781 1949 contemplacione
819 1904 941 1937 faciunt
980 1908 1010 1936 et
1043 1907 1149 1937 ceiam
1176 1903 1290 1938 facere
1325 1909 1578 1950 pretermittunt„
1615 1918 1722 1951 vsquc
1751 1907 1790 1940 ad
1820 1907 1939 1940 (lictum

91 1961 210 1996 festum
240 1967 272 1996 et
300 1967 473 1997 terminum
510 1963 594 1997 beati
632 1964 794 1998 Joliannis
832 1964 973 2009 baptiste
1011 1964 1181 1998 attendere
1216 1977 1354 1999 seruare
1388 1971 1420 1999 et
1454 1966 1727 2005 irrefragabiliter
1762 1967 1940 2008 custodire„

92 2032 210 2056 secure
238 2022 342 2057 libere
370 2025 507 2069 pacilice
536 2029 568 2058 et
605 2027 724 2070 quiete„
763 2024 833 2058 Nee
877 2035 1029 2068 vinquain
1073 2029 1221 2071 tempore
1264 2027 1371 2060 medio
1408 2027 1630 2072 pendentibus
1673 2032 1705 2061 et
1746 2028 1939 2062 durantibus

93 2084 172 2126 ipsis
213 2083 366 2127 Treugis„
412 2096 471 2130 per
505 2096 566 2119 nos
605 2097 663 2119 seu
706 2086 845 2131 aliquos,
889 2090 943 2118 aut
978 2085 1118 2131 aliquem
1162 2086 1201 2120 de
1235 2091 1358 2121 nostris
1392 2087 1542 2122 fidelibus
1580 2093 1609 2121 et
1640 2093 1752 2122 nostre
1781 2088 1940 2132 subjectis

93 2142 224 2186 dicioni7
244 2148 477 2179 contrauenire
506 2145 611 2179 verbo
639 2146 740 2189 facto‚
771 2149 940 2192 paciencia
970 2149 1189 2180 conniuencia
1219 2148 1342 2181 auxilio
1363 2149 1499 2181 consilio
1525 2149 1576 2182 uel
1598 2149 1723 2182 fanore.
1744 2149 1941 2183 Pollicemur

93 2205 197 2236 eciam
226 2203 359 2239 tirmiter
386 2210 418 2239 et
446 2206 660 2252 spondemus,
692 2210 937 2253 prenominatus
969 2211 1116 2251 treuga&
1146 2219 1185 2240 ac
1213 2210 1355 2253 ipsarum
1386 2209 1613 2246 condiciones.
1644 2214 1738 2254 pacta
1769 2213 1939 2256 pactiones

92 2266 349 2307 conuencione5‚
379 2270 411 2300 et
438 2267 697 2312 sollempnitates
735 2278 961 2313 quascumque
996 2267 1074 2301 inibi
1108 2271 1274 2313 appositas
1309 2274 1339 2302 et
1375 2281 1488 2303 corum
1527 2269 1704 2314 quodlibet.
1740 2275 1809 2304 rata
1845 2275 1938 2308 grata

91 2324 182 2357 firma
213 2328 245 2357 et
273 2325 511 2371 irrefragabilia
541 2340 579 2361 ac
615 2328 889 2362 incommutabilia
925 2333 1043 2361 exacta
1081 2328 1257 2371 diligencia
1297 2334 1410 2363 tencre
1453 2330 1605 2363 beniuole
1649 2336 1679 2364 et
1721 2331 1856 2366 babere.
1900 2344 1939 2365 ac

90 2384 323 2418 inuiolabiliter
362 2386 555 2427 obseruare,
598 2391 685 2422 omni
723 2390 809 2422 malo
848 2392 981 2433 ingenio
1023 2389 1097 2422 dolo
1133 2393 1164 2422 et
1198 2389 1305 2423 studio
1339 2393 1468 2435 penitus
1505 2391 1616 2435 procul
1647 2395 1753 2425 motis.
1785 2392 1937 2425 Ceterum

89 2444 244 2490 predictis
274 2445 414 2489 Trcugis
442 2452 473 2481 et
502 2451 646 2493 ipsarum
683 2449 889 2495 pactionibus
925 2461 962 2482 ae
1000 2450 1294 2488 interiectionibus„
1329 2454 1479 2496 superius
1515 2454 1702 2495 nominatis7
1741 2453 1938 2493 Magnilicos

90 2505 274 2551 Principes.
305 2506 424 2539 fratres
453 2513 582 2543 nostros
616 2509 829 2544 Karissiinos.
866 2510 1026 2552 dominos,
1062 2510 1217 2544 Karoluin
1255 2511 1411 2545 illustrem
1451 2510 1599 2555 Yngarie
1630 2513 1769 2557 Regem„
1800 2512 1936 2546 Necnon

88 2565 293 2600 Premisliuni
316 2566 552 2612 Siradienseni,
582 2574 614 2603 et
632 2569 857 2604 Wlodtamem
881 2570 1144 2606 Lanciciensein.
1175 2571 1287 2605 duces.
1318 2572 1527 2617 presentibus
1548 2573 1701 2607 duximus
1722 2573 1937 2607 includendos

1815 2634 1832 2661 (j
