2184 2828
1095 118 1167 150 964

206 238 308 267 torum
339 238 526 266 nostrorum
557 236 667 278 quiete
696 233 913 266 commoditas
949 238 1059 279 optata
1089 238 1121 266 et
1149 236 1293 266 vocitata
1325 236 1498 278 proueniet
1527 235 1742 279 tranquillitas
1771 238 1949 279 amicorum
1979 246 2051 268 cum

208 297 454 338 provocacione
485 297 575 338 pacis
606 296 746 339 puritate
776 293 985 327 reformanda
1016 294 1098 326 idem
1119 294 1188 326 dim:
1217 294 1436 327 reuerendum
1466 297 1498 327 in
1529 294 1657 327 Clu-isto
1687 300 1830 340 patrem.
1850 288 2053 328 .veueral)i-

204 355 266 387 lem
296 357 489 399 episcopum
520 357 692 399 virumque
720 353 865 387 nobilem
885 355 925 387 {le
946 354 1185 397 &mesdeo-quen
1215 354 1253 386 ad
1285 359 1429 387 nostram
1460 358 1668 399 presenciam
1690 359 1825 391 miserm
1856 355 1917 389 biis
1938 355 2052 388 diebus

208 415 284 447 dato
314 418 362 448 eis
391 414 405 457 (j
511 414 526 455 ⁷)
562 414 658 459 pleno
703 414 877 448 sull'icienti
915 419 946 447 et
982 414 1078 457 legali
1126 415 1277 447 mandato
1323 419 1357 448 ut
1393 417 1634 448 conuenientes
1673 415 1842 448 nobiscum
1886 416 2051 461 ordinare.

206 479 347 508 tractare
376 486 414 508 ac
443 474 584 507 dill'inire
615 479 753 519 possent
781 477 889 508 omnia
920 475 958 507 ad
989 474 1265 508 resorimicioncm
1297 478 1389 520 pacis
1421 475 1570 508 l'acienda
1600 486 1663 520 que
1692 478 1762 521 ipse
1792 476 1857 509 dux
1878 479 1911 509 'si
1933 460 2080 508 nobis—-

207 547 279 568 cum
315 535 431 569 suisset
469 538 667 569 constitutus
705 535 858 569 ordinare
887 540 920 568 ct
948 535 1087 568 dill'inire
1117 535 1348 580 potencialiter
1377 538 1537 580 potuisset
1568 538 1620 580 qui
1657 538 1685 568 iu
1726 541 1836 569 nostra
1877 539 2051 580 presencia

205 599 374 629 constituti
410 595 552 628 diuersis
591 595 781 629 tractatibus
812 596 928 629 habitis
959 600 990 628 ct
1019 595 1192 629 discussis.
1223 596 1352 640 plenius
1381 595 1591 640 (pialitatibus
1622 599 1834 639 negociorum
1865 600 1897 629 et
1926 600 2054 629 tracta-—

207 661 293 689 tuum
324 656 398 689 binc
426 661 457 689 et
487 656 562 688 ind«—
592 656 840 689 deliberacione
868 661 898 689 el
929 655 1035 689 babila
1067 661 1251 701 prcmatura
1283 659 1414 689 nomine
1444 656 1519 689 dicti
1549 655 1642 689 ducis
1673 667 1735 689 vna
1765 656 1935 689 nobiscum
1956 655 2050 689 ordi-

202 720 364 749 nauerunt
392 720 423 749 et
452 721 705 761 assumpserunt
734 720 818 749 inter
845 716 1008 749 (lentinum
1034 717 1150 749 {lucem
1179 721 1208 748 rt
1239 728 1299 749 nos
1328 716 1411 761 qnod
1442 727 1506 761 pax
1543 716 1661 749 debeat
1691 721 1850 761 perpetuo
1880 716 2051 750 obseruari

202 788 296 821 quam
337 787 396 809 nos
432 779 675 822 assumpsimus
719 782 751 810 et
786 780 983 809 assumimus
1026 777 1184 821 spondius
1218 782 1249 809 et
1284 777 1453 822 spondeus
1484 776 1714 812 inuiolabilitm·
1743 780 1865 809 nastris
1895 775 2050 821 operibus

201 837 395 874 obseruare.
439 837 614 882 eidemque
649 831 779 870 ‹Ibmino
821 838 914 871 (lenti.
951 842 1103 882 tanquam
1150 841 1258 870 amico
1302 837 1476 870 karissimo
1516 840 1724 882 promisimus
1766 842 1797 870 et
1837 839 2054 882 promittimus

202 900 306 930 teneri
336 897 375 930 ad
405 908 503 930 omne
532 894 632 931 robur
661 900 803 930 amicitie
832 908 894 930 nec
930 898 1045 930 eadem
1076 900 1257 931 amiciciam
1294 901 1364 931 siue
1401 909 1515 943 pacem
1552 901 1637 930 inter
1672 909 1731 931 nos
1774 900 2053 943 perpetuotsic)

201 958 389 991 duraturam
428 958 610 1002 intringere
646 958 807 992 uolumus.
843 970 902 991 seu
933 958 1152 1002 inl'riugemus
1182 963 1317 1004 propter
1352 959 1491 1003 aliquem
1530 958 1693 991 bominem
1732 958 1826 991 liuius
1862 957 1983 998 mundi,
2022 960 2053 990 in

202 1023 286 1051 statu
317 1021 444 1053 maiori.
476 1019 527 1052 uel
558 1022 673 1051 minori
703 1022 842 1064 positum
879 1019 1036 1052 clericum
1071 1019 1123 1052 uel
1165 1019 1313 1064 laycunn
1345 1020 1503 1052 ail'initate
1532 1030 1589 1052 seu
1629 1022 1800 1063 sanguinis
1840 1019 2054 1064 3'deuiptitzite

202 1078 296 1112 uobis
326 1083 358 1112 et
387 1082 500 1124 pueris
531 1082 651 1112 nostris
680 1082 860 1112 iniunctum
891 1080 996 1112 cidem
1027 1082 1099 1124 paci
1129 1079 1335 1112 includentes
1357 1080 1517 1113 uallantes
1546 1091 1683 1123 refluum
1703 1083 1854 1113 nostrum
1873 1079 2049 1114 Bolaemle.

202 1142 406 1185 principatus
436 1144 571 1173 nostros
600 1140 790 1181 Austre'mm
830 1140 973 1173 Slire'um
1003 1144 1067 1174 etc.
1098 1151 1170 1173 cum
1201 1140 1344 1173 diuersis
1373 1143 1560 1173 attinenciis
1590 1140 1792 1173 eorumdem.

358 1199 465 1244 thue
501 1211 539 1233 ea
570 1203 728 1233 vniuersa
766 1205 793 1233 ct
826 1201 956 1245 singula
986 1212 1049 1245 que
1079 1204 1108 1234 in
1140 1203 1232 1246 pacis
1263 1200 1375 1234 l'edera
1406 1205 1481 1234 sunt
1510 1200 1650 1234 deducte
1678 1201 1797 1234 clarius
1826 1203 2054 1246 exprimantur

203 1261 391 1304 singulatim
422 1264 452 1293 in
483 1260 598 1294 ordine
627 1272 745 1305 equum
776 1261 929 1294 (luximus
959 1261 1200 1305 subiungenda.

355 1321 473 1354 Primo.
505 1321 659 1354 uidelicet
690 1322 848 1354 Castrum
868 1322 986 1365 stende
1015 1322 1147 1364 dictum,
1185 1333 1258 1355 cum
1292 1321 1444 1355 omnibns
1473 1324 1540 1354 suis
1569 1324 1753 1355 attinenciis
1783 1324 1813 1354 in
1843 1325 1956 1354 nostra
1986 1331 2046 1354 re-

199 1393 334 1415 manere
373 1381 470 1415 debet
506 1386 537 1415 et
579 1382 764 1415 remanebit
799 1386 890 1426 regia
926 1383 1067 1419 dicione*
1105 1382 1190 1416 dicto
1227 1382 1358 1416 domino
1394 1383 1467 1416 duci
1497 1387 1528 1416 et
1555 1386 1623 1416 suis
1653 1382 1835 1415 heredibus
1865 1382 1953 1415 nullo
1982 1384 2053 1414 iure

198 1454 256 1475 seu
286 1446 417 1475 actione
446 1443 486 1475 (le
516 1442 568 1475 illo
598 1443 780 1488 repetendo
810 1444 962 1476 ammodo
992 1447 1215 1489 esmipeteuleq
1245 1446 1307 1477 nisi
1337 1443 1378 1476 de
1414 1443 1562 1477 libertate
1599 1446 1702 1487 regia,
1731 1444 1899 1477 uoluntate
1934 1446 2050 1476 nostra

200 1515 258 1536 seu
289 1503 497 1548 beneplacito
526 1503 611 1536 idem
641 1508 787 1537 castrum
826 1504 979 1537 dominus
1009 1504 1073 1537 dux
1104 1503 1155 1538 uel
1193 1503 1333 1537 heredes
1368 1507 1416 1538 sui
1451 1504 1583 1537 valeant
1620 1507 1651 1537 in
1689 1508 1854 1549 posterum
1891 1502 2050 1536 obtinere.

353 1563 402 1596 De
433 1564 579 1597 districtu
610 1575 739 1608 quoque
769 1569 800 1598 et
829 1565 956 1598 iudiciis
985 1576 1048 1609 quc
1077 1569 1107 1598 et
1137 1575 1218 1608 quos
1248 1564 1368 1598 fratres
1398 1565 1449 1598 de.
1480 1564 1516 1598 F.
1548 1568 1651 1610 ipsius
1681 1564 1802 1598 domini
1823 1564 1915 1597 ducis
1937 1558 2052 1609 prein-

200 1624 317 1657 dicium
348 1628 381 1657 ut
409 1627 529 1657 asserit
558 1624 705 1657 detinent
734 1630 896 1670 occupata
927 1625 1079 1658 dominns
1109 1624 1248 1658 decebat
1277 1636 1336 1671 per
1366 1629 1479 1658 nostra
1515 1625 1688 1670 priuilegia
1717 1624 1800 1669 quod
1832 1627 1890 1657 iuri
1910 1610 1959 1657 *et
1987 1635 2051 1656 ac—

201 1687 280 1717 tioni
323 1684 418 1717 nobis
463 1684 727 1729 competentibus
769 1688 800 1718 in
842 1685 927 1730 e-(
1034 1685 1049 1729 J)
1079 1686 1181 1718 isdem
1224 1689 1546 1719 renunctiauerinius
1593 1685 1744 1731 quodque
1798 1686 1881 1718 dicti
1920 1686 2086 1728 fratres,

200 1747 333 1789 recepta
373 1744 412 1777 ab
449 1756 489 1777 eo
525 1745 664 1789 quadam
701 1748 841 1790 pecunie
875 1749 1055 1791 (piantitate
1089 1749 1351 1779 reminctiauerit
1385 1746 1534 1780 similiter
1563 1749 1622 1779 iuri
1652 1757 1711 1779 suo
1740 1744 1856 1789 quibus
1886 1747 2054 1789 congnitis

199 1810 230 1838 et
272 1805 416 1850 probatis
452 1806 537 1838 idem
577 1805 643 1839 dux
685 1806 853 1850 gaudebat
896 1810 926 1840 in
958 1806 1083 1839 eisdem
1118 1811 1216 1851 prout
1253 1812 1302 1840 est
1332 1810 1466 1852 equitati
1495 1810 1573 1840 iuris
1603 1811 1861 1840 consentaneum
1892 1808 1963 1838 iure
1991 1815 2051 1838 suo

200 1877 281 1899 sane
325 1877 383 1911 pro
426 1865 513 1899 bono
557 1868 648 1911 pacis
685 1871 716 1900 ct
758 1867 955 1911 diligencius
995 1872 1026 1900 et
1055 1867 1127 1900 zelo
1157 1869 1385 1913 amplectimur
1413 1867 1606 1913 puriori.de
1635 1866 1826 1900 reuerendis
1862 1869 1893 1899 in
1923 1864 2052 1898 Christo

202 1926 348 1972 patribus
383 1931 416 1960 et
457 1926 598 1960 dominis
640 1928 856 1961 ecclesiarum
893 1930 1064 1972 episcopis
1097 1930 1127 1960 in
1163 1932 1258 1973 pacta
1297 1931 1387 1973 pacis
1423 1928 1529 1961 taliter
1562 1932 1613 1961 est
1648 1927 1843 1961 deductum:
1873 1931 1906 1959 ut
1934 1937 2050 1959 omues

201 1987 366 2020 discordie
395 1991 427 2020 et
456 1987 689 2021 dissenciones
719 1999 824 2032 usque
866 1988 905 2021 ad
949 1988 1009 2021 liec
1049 1993 1196 2033 tempora
1231 1988 1340 2022 habile
1370 1992 1453 2022 inter
1482 1989 1569 2022 illum
1599 1993 1631 2022 et
1658 1989 1822 2021 dmm'mem
1842 1988 1958 2020 (lucem
1988 1989 2051 2020 sint

202 2050 308 2092 sopite
337 2050 466 2092 penitus
496 2053 528 2080 et
558 2047 690 2093 planate
719 2051 762 2080 ita
792 2048 876 2094 quod
908 2048 948 2081 de
977 2049 1038 2082 illis
1068 2048 1187 2082 nullius
1216 2052 1367 2082 rancoris
1396 2050 1448 2082 uel
1478 2049 1541 2082 odii
1571 2051 1705 2082 materia
1725 2059 1783 2081 seu
1813 2048 1931 2090 fomes,
1954 2058 2049 2092 quam

201 2111 231 2141 in
261 2107 357 2141 nobis
386 2113 436 2141 est
465 2111 586 2147 animo„
617 2107 787 2147 habeatur„
817 2112 843 2142 si
873 2109 947 2154 quid
978 2109 1041 2142 odii
1071 2110 1236 2143 dominum
1267 2112 1460 2155 episcopum
1490 2112 1646 2155 prosequi
1673 2108 1811 2142 uoluerit
1833 2107 1943 2142 soi-san
1965 2107 2050 2141 illico

202 2172 232 2200 in
262 2171 504 2213 proseeucione
542 2168 604 2202 liac
643 2180 701 2202 eos
737 2180 800 2202 non
831 2169 1102 2215 prommiebimus
1132 2182 1194 2203 nec
1224 2173 1327 2203 eciam
1358 2170 1590 2216 impedimenta
1621 2169 1681 2202 biis
1711 2168 1944 2214 prestabimus,
1974 2167 2050 2201 illud

202 2239 314 2261 eorum
345 2231 490 2273 opinioni
520 2233 550 2262 et
581 2228 714 2262 arbitrio
744 2230 980 2273 relinquentes.
1026 2230 1091 2263 Sed
1135 2234 1161 2265 si
1191 2242 1252 2275 qua
1290 2231 1453 2264 discordia
1483 2242 1542 2264 seu
1569 2241 1763 2274 guerrarum
1793 2229 1980 2263 discrimina
2010 2228 2051 2261 de

202 2299 301 2323 nouo,
339 2289 425 2334 quod
468 2289 553 2322 absit
594 2292 681 2322 inter
721 2290 871 2323 doim‘uos
900 2292 1079 2334 episcopos
1108 2295 1141 2324 et
1175 2292 1341 2325 (lominum
1369 2292 1484 2325 stateem
1513 2290 1609 2324 fuerit
1637 2294 1831 2331 sustentata„
1862 2289 1901 2329 ad
1932 2289 2048 2322 eadem

201 2349 455 2393 complananda7
492 2349 709 2383 amicabiliter
744 2352 770 2383 si
809 2361 984 2395 possumus
1027 2362 1086 2396 pro
1121 2351 1245 2385 iuribus
1280 2352 1497 2398 inpendemus
1534 2361 1592 2384 eos
1621 2350 1704 2384 infra
1735 2354 1882 2396 spacium
1911 2349 2049 2383 duorum

204 2412 366 2442 mencium
408 2410 643 2443 concordando
680 2414 711 2443 et
753 2413 778 2444 si
814 2410 898 2444 infra
933 2411 1018 2444 idem
1055 2417 1182 2457 tempus
1219 2424 1278 2446 eos
1320 2423 1386 2446 non
1415 2422 1590 2457 possemus
1619 2411 1671 2444 uel
1700 2411 1860 2445 uellemus
1888 2410 2049 2443 reducere

203 2469 242 2502 ad
271 2469 451 2503 concordie
481 2473 635 2504 vniouem
665 2482 709 2504 ex
738 2474 814 2503 tunc
843 2471 918 2505 dicti
954 2471 1075 2505 domini
1105 2475 1252 2518 episcopi
1288 2477 1320 2506 et
1349 2472 1499 2506 dominus
1528 2471 1595 2504 dux
1624 2472 1664 2504 de
1692 2483 1752 2505 suo
1781 2471 1919 2504 consilio
1949 2475 2048 2504 tene-

203 2530 322 2563 bunt-ur
350 2529 475 2574 eligere
505 2542 567 2564 sex
596 2534 722 2564 iuratos
751 2535 889 2577 utraque
919 2532 1045 2565 scilicet
1079 2536 1226 2579 parcium
1255 2545 1314 2578 pro
1343 2544 1381 2566 se
1411 2533 1443 2567 3.
1475 2542 1637 2577 personas
1667 2532 1705 2565 ad
1736 2530 1979 2565 destituendum
2017 2535 2049 2564 et

201 2590 426 2624 diffiniendum
457 2590 551 2624 liuius
580 2591 798 2625 dissensionis
832 2593 1002 2626 articulum
1032 2604 1133 2639 super
1161 2604 1368 2640 quocumque
1397 2604 1475 2627 casu
1504 2603 1563 2626 seu
1591 2604 1693 2627 causa
1723 2597 1888 2633 exortunn
1927 2594 1979 2637 qui
2021 2594 2047 2625 si
