2184 2828
1110 142 1181 177 524

230 260 373 299 Qum-uui
410 270 519 293 rerum
561 262 609 293 sic
647 264 815 303 gestarum
857 263 976 293 seriem
1014 259 1257 293 honorabilibus
1299 263 1419 294 vestris
1457 260 1609 296 fratribus
1644 266 1675 296 in
1711 262 1842 296 Christo
1883 265 2063 297 carissimis

229 319 369 353 dominis
403 319 541 353 Nicolao
576 319 702 353 decano
739 325 813 354 tunc
849 323 880 354 in
917 323 1050 354 remotis
1079 324 1200 363 agente
1229 320 1460 354 Bartholomeo
1497 325 1665 368 preposito
1694 323 1918 367 Wielzomsfl
1949 321 2063 355 archi-

229 379 369 413 diacono
404 391 443 413 ac
481 382 536 413 toti
572 380 714 425 capitulo
749 381 893 414 ecclesio
929 385 1041 413 nostre
1080 380 1311 414 Olouiuceusis
1346 381 1473 414 referre
1509 386 1694 416 curauimus
1730 388 1761 416 et
1790 394 1850 428 per
1878 385 2063 416 autenticas

229 439 349 473 domiui
381 443 480 473 nostri
502 443 591 478 roo-is
612 445 644 473 et
665 440 817 474 nobilium
840 441 1059 486 predictorum
1089 441 1211 474 litteras
1240 440 1468 475 demonstrare
1494 442 1533 475 de
1553 454 1689 487 quormu
1710 444 1848 476 consilio
1869 448 1900 476 et
1920 454 2064 476 assensu

235 500 380 541 ‹liiieenti
415 512 514 545 super
546 500 607 533 hoc
645 512 716 534 cum
753 504 800 534 eis
834 501 1071 534 deliberatione
1104 500 1271 546 prehabita
1309 502 1611 536 sanctimonialibus
1640 503 1796 548 predictis
1825 515 1899 536 cum
1929 503 2065 549 prefatis

229 563 380 594 eeclesiis
416 573 479 606 que
517 563 595 606 ipsis
633 573 692 607 pro
728 573 838 594 earum
878 561 1136 595 necessitatibus
1172 561 1288 594 tradite
1328 567 1402 594 sunt
1435 566 1467 595 ut
1498 563 1674 608 predicitur
1707 567 1737 596 et
1766 562 1884 596 donate
1913 563 2065 596 duximus

230 621 465 666 prouidendum
503 627 533 655 ut
572 633 633 655 nec
666 622 782 655 ouibus
818 623 923 655 desint
962 621 1078 667 pabula
1115 633 1178 654 nec
1212 622 1399 666 pastoribus
1435 622 1586 656 alimenta
1621 623 1774 656 uidelicet
1809 623 1894 668 quod
1924 623 2066 656 ecclesie

231 682 376 726 preda-te
410 685 441 714 iu
480 682 694 725 Luntenlmm,⁴
723 688 752 715 et
784 685 813 716 iu
846 683 993 715 Gdusow
1030 693 1092 727 que
1128 681 1166 714 ad
1196 682 1404 715 collationem
1434 682 1553 716 domini
1588 686 1688 717 nostri
1719 685 1808 727 regis
1838 683 1998 728 sepedicti
2027 694 2065 716 ac

230 745 259 774 in
292 741 400 774 lauti-z
430 754 493 787 quc
523 742 561 775 ad
590 743 797 775 collationem
828 742 982 775 nobilium
1013 742 1232 787 predictorum
1262 745 1425 787 pertinent
1455 743 1597 788 pluribus
1626 743 1806 776 redditibus
1836 742 2065 776 habundantes

229 801 441 847 paucioribus
476 814 539 848 que
575 806 622 836 eis
659 802 696 835 ad
733 802 950 847 parrochiali-¹1
986 805 1053 836 iura
1090 807 1119 835 et
1150 803 1212 836 alia
1242 805 1320 847 ipsis
1357 803 1583 836 incumbeucia
1613 815 1714 837 onera
1745 803 1952 837 cxsolueuda
1981 806 2065 836 iusta

229 862 496 896 consideratione
515 863 680 896 sul'lieiunt
699 867 933 895 contententur
948 867 978 896 et
996 866 1143 908 perpetui
1164 866 1280 896 vicarii
1301 866 1371 896 siue
1391 868 1538 897 rectores
1558 875 1669 897 earum
1687 863 1902 910 prouentibus
1923 867 2065 909 ipsarum

229 923 446 956 ecclesiarum
477 925 529 968 qui
559 922 619 956 sibi
650 934 708 968 pro
737 925 985 956 sustentat-ioue
1013 926 1156 968 ipsorum
1188 927 1219 956 et
1247 925 1441 957 seruitorum
1475 935 1611 970 (piorum
1650 928 1718 969 ipse
1747 924 1895 968 indigent
1923 924 2067 957 ecclesie

229 988 261 1017 et
295 994 354 1029 pro
392 994 541 1027 congrua
578 982 799 1028 hospitalitate
829 983 970 1016 tenenda
1001 996 1038 1016 ae
1068 995 1126 1029 pro
1156 983 1279 1017 iuribus
1308 983 1486 1029 apostolice
1522 984 1610 1018 sedis
1647 984 1899 1030 metropolitane
1928 987 2066 1029 episco-

229 1044 356 1090 palibus
393 1043 720 1080 archidiacoualibus.
749 1048 846 1088 atque
882 1043 952 1077 aliis
988 1044 1105 1088 quibus
1143 1044 1286 1077 ecclesie
1315 1044 1537 1089 parrochiales
1567 1049 1642 1078 sunt
1672 1044 1817 1078 obnoxie
1847 1043 2065 1078 exsoluendis

229 1104 391 1139 sufiiciunt
429 1107 493 1137 siut
526 1106 671 1137 contenti
708 1104 845 1149 Reliqua
886 1115 966 1137 uero
1000 1104 1085 1138 bona
1124 1109 1155 1137 et
1190 1109 1368 1149 prouentus
1402 1104 1553 1138 residuos
1588 1105 1806 1138 ecclesiarum
1844 1104 2065 1150 predictarum

230 1167 433 1197 monasterio
463 1169 493 1197 et
524 1167 700 1198 conuentui
730 1165 884 1209 predictis
906 1167 1143 1211 imperpetuum
1165 1165 1368 1210 applicamus
1398 1167 1480 1198 etin
1509 1167 1558 1198 ius
1579 1170 1610 1198 et
1631 1168 1661 1198 iu
1692 1168 1924 1210 proprietatem
1944 1175 2066 1198 mona-

230 1228 319 1259 sterii
356 1229 387 1258 et
421 1229 604 1258 conuentus
640 1225 820 1258 eorundem
856 1224 1084 1258 transferimus
1119 1225 1165 1258 Ita
1205 1224 1290 1270 quod
1327 1224 1367 1259 de
1401 1229 1512 1259 cetero
1548 1230 1579 1258 et
1615 1228 1851 1271 imperpetuum
1888 1225 1929 1258 de
1964 1227 2066 1270 ipsius

230 1288 420 1319 monasterii
441 1296 582 1330 corpore
602 1290 813 1319 censeantur.
844 1285 884 1319 Et
904 1285 1105 1319 venerabilis
1126 1286 1245 1322 Aunes
1266 1284 1431 1319 abbatissa
1452 1290 1484 1319 et
1503 1290 1686 1319 conuentus
1708 1289 1898 1319 monasterii
1918 1284 2066 1319 eiusdem

232 1357 270 1379 ac
300 1349 348 1379 eis
377 1348 615 1391 imperpetuum
644 1346 864 1379 succedentes
893 1351 1075 1391 prouentus
1096 1346 1261 1391 predictos
1290 1350 1451 1391 tamquam
1481 1345 1520 1379 ad
1549 1348 1692 1391 ipsorum
1722 1348 1956 1379 monasterium
1984 1355 2066 1391 per-

230 1410 373 1440 tinentes
403 1405 544 1439 habeant
573 1410 603 1439 et
631 1409 814 1452 percipiant
843 1418 914 1440 cum
945 1407 1068 1440 eisdem
1099 1406 1137 1440 ad
1168 1409 1256 1452 ipsas
1286 1406 1446 1440 ecclesias
1475 1410 1507 1439 et
1535 1410 1684 1439 rectores
1713 1407 1893 1439 earundem
1923 1408 1977 1451 qui
2005 1416 2066 1451 pro

231 1471 379 1512 tempore
414 1466 534 1500 suerint
569 1466 690 1500 nullum
726 1466 876 1500 habendo
911 1472 1101 1513 respectum
1139 1466 1198 1500 Jus
1235 1477 1363 1512 quoque
1400 1466 1608 1512 presentandi
1645 1466 1683 1499 ad
1722 1470 1810 1511 ipsas
1847 1466 2006 1499 ecclesias
2034 1468 2067 1498 in

230 1526 446 1570 Luntenburg
482 1529 513 1560 in
550 1524 698 1560 Gdusow
727 1531 759 1560 et
789 1530 819 1560 in
850 1527 959 1561 Budcz
994 1539 1066 1561 cum
1097 1530 1289 1561 uaeauerint
1317 1526 1481 1560 abbatisse
1517 1530 1548 1560 et
1577 1529 1753 1560 conuentui
1784 1527 1940 1572 predictis
1970 1525 2068 1559 debet

230 1592 389 1633 perpetuo
424 1598 598 1620 remanere
632 1587 677 1621 lta
712 1587 795 1633 quod
834 1599 907 1621 cum
943 1588 1105 1621 ecclesias
1140 1588 1304 1634 predictas
1340 1591 1392 1621 aut
1429 1598 1540 1620 earum
1570 1587 1710 1632 aliquam
1741 1598 1864 1620 uacare
1893 1589 2068 1630 contigerit

231 1648 396 1681 abbatissa
433 1652 465 1681 et
501 1649 768 1682 sanctimoniales
803 1648 950 1694 predicte
979 1653 1011 1682 et
1039 1651 1086 1682 eis
1121 1651 1356 1694 imperpetuum
1386 1647 1604 1681 succedentes
1633 1647 1727 1681 nobis
1756 1652 1787 1680 et
1815 1646 2067 1681 successoribus

232 1712 352 1742 nostris
382 1708 420 1741 ad
450 1719 507 1742 eas
537 1708 587 1741 uel
616 1719 687 1742 eam
717 1719 879 1754 personas
900 1709 952 1742 uel
973 1720 1148 1754 personam
1178 1712 1370 1754 presentent
1396 1707 1545 1753 ydoneus
1573 1713 1625 1741 uel
1654 1707 1819 1753 ydoneam
1850 1718 1912 1753 que
1933 1707 2067 1740 anobis

232 1769 282 1802 uel
312 1768 564 1802 successoribus
593 1771 713 1802 nostris
734 1780 852 1803 munus
872 1769 1187 1803 conlirmatiouionis
1216 1773 1247 1802 et
1276 1772 1454 1802 animarum
1482 1779 1591 1801 curam
1622 1771 1843 1813 suscipientes
1872 1768 1924 1801 uel
1954 1770 2067 1801 susci-

231 1833 324 1875 piens
360 1832 429 1862 iura
466 1828 639 1874 parrochie
675 1834 893 1874 exequantur.
949 1829 993 1863 Vt
1028 1834 1136 1863 autem
1175 1829 1341 1862 abbatissa
1380 1833 1412 1862 et
1447 1828 1716 1862 sanctimoniales
1755 1829 1902 1873 predicte
1932 1827 1972 1861 de
2001 1830 2068 1861 suis

232 1893 284 1935 qui
316 1889 354 1922 ad
386 1900 444 1922 eas
474 1892 639 1934 pertinere
669 1889 787 1923 debent
816 1895 847 1923 et
876 1892 1023 1935 perpetui
1053 1892 1168 1923 vicarii
1197 1901 1256 1922 seu
1285 1893 1432 1922 rectores
1461 1888 1639 1922 earundem
1668 1889 1885 1922 ecclesiarum
1915 1891 1945 1921 in
1975 1887 2068 1921 Lun-

234 1949 377 1994 tenburg·
406 1952 436 1982 in
460 1948 609 1983 Gdusow
639 1954 668 1982 et
698 1953 727 1983 in
750 1950 860 1983 Budcz
881 1951 921 1984 de
941 1954 1010 1984 suis
1031 1949 1244 1996 prouentibus
1273 1952 1353 1982 certi
1374 1952 1436 1982 siut
1464 1953 1496 1982 et
1523 1951 1608 1982 inter
1628 1959 1686 1982 eas
1717 1954 1748 1982 et
1777 1959 1834 1982 eos
1855 1959 1914 1994 pro
1944 1948 2067 1981 eisdem

233 2011 317 2044 nulla
349 2013 476 2055 questio
506 2010 557 2043 uel
587 2009 716 2043 dubium
747 2013 984 2057 imperpetuum
1014 2010 1235 2056 subsequatur
1263 2013 1309 2044 sic
1339 2014 1516 2055 prouentus
1545 2012 1688 2054 ipsarum
1710 2009 1925 2042 ecclesiarum
1947 2009 2067 2042 distin-

232 2074 362 2115 guimus
392 2082 431 2103 ac
460 2073 563 2103 eciam
593 2071 765 2104 limitamus
794 2072 945 2105 uidelicet
974 2071 1060 2117 quod
1089 2076 1266 2116 perpetuus
1294 2073 1437 2103 vicarius
1465 2073 1497 2103 iu
1517 2069 1733 2114 Lunteuburg
1761 2072 1814 2114 qui
1843 2080 1928 2102 nunc
1958 2073 2009 2102 est
2037 2073 2067 2102 et

232 2134 302 2165 eius
341 2142 558 2165 successores
593 2134 829 2176 imperpetuum
867 2132 1051 2165 oblationes
1087 2131 1270 2164 cotidianas
1302 2133 1333 2164 in
1369 2133 1439 2175 ipsa
1474 2130 1616 2163 ecclesia
1653 2129 1871 2163 obuenientes
1907 2129 2067 2163 funeralia

233 2191 379 2225 decimas
409 2196 441 2225 et
469 2202 585 2224 omues
614 2192 696 2225 alios
726 2193 851 2225 l'ructus
880 2197 911 2226 et
940 2196 1119 2238 prouentus
1149 2195 1248 2237 ipsius
1277 2191 1418 2224 ecclesie
1438 2200 1497 2235 pro
1528 2201 1565 2223 se
1586 2189 1727 2223 habeant
1757 2195 1788 2223 et
1817 2201 1860 2223 ex
1882 2189 1942 2223 hiis
1963 2193 2067 2235 ipsam

234 2252 408 2285 ecclesiam
439 2254 469 2285 in
499 2252 718 2297 spiritualibus
739 2258 769 2286 et
792 2253 1026 2298 temporalibus
1046 2257 1164 2296 regant
1192 2257 1224 2285 et
1251 2251 1474 2284 administrent
1496 2254 1589 2295 prout
1609 2253 1759 2295 superius
1788 2255 1837 2284 est
1857 2260 2067 2295 expressum.

234 2312 298 2345 Sed
331 2312 404 2345 villa
433 2323 496 2358 que
526 2312 642 2345 dicitur
670 2312 804 2346 Neczitz
834 2325 906 2346 cum
937 2313 1144 2357 agriculturis
1181 2312 1220 2345 ad
1257 2314 1379 2345 curiam
1408 2309 1526 2344 ibidem
1562 2310 1785 2356 spectantibus
1820 2315 1853 2344 et
1881 2309 2067 2343 molendino

235 2371 351 2405 ibidem
381 2375 443 2406 sito
473 2377 504 2405 et
533 2372 662 2406 dimidia
693 2374 768 2407 villa
805 2385 867 2418 que
896 2378 1036 2406 uocatur
1063 2372 1226 2406 Prachow
1261 2382 1319 2417 pro
1348 2370 1544 2404 dimidietate
1573 2381 1630 2403 sua
1660 2373 1922 2416 vigintiquinque
1951 2371 2066 2403 lancos

235 2435 407 2465 continens
437 2444 509 2466 cum
539 2436 681 2478 ipsarum
712 2437 800 2477 aegris
830 2437 931 2479 pratis
960 2436 1092 2479 pascuis
1120 2433 1243 2466 rubetis
1272 2430 1448 2465 redditibus
1477 2431 1689 2476 prouentiluis
1719 2430 1907 2464 utilitatibus
1936 2430 2068 2463 obuen—

236 2491 384 2524 eionibus
414 2492 541 2526 iudiciis
571 2493 783 2527 sei-nitatibus
814 2494 963 2527 omnibus
993 2494 1064 2527 aliis
1094 2493 1217 2526 iuribus
1246 2497 1277 2526 et
1298 2493 1459 2524 uniuersis
1489 2494 1701 2536 pertinenciis
1741 2502 1779 2525 ac
1809 2496 1876 2525 toto
1904 2491 2068 2536 plenoque

236 2552 378 2584 dominio
406 2553 557 2586 villarum
579 2554 756 2587 earundem
788 2557 987 2588 monasterio
1017 2559 1047 2587 et
1076 2556 1253 2587 conuentui
1283 2551 1434 2598 predictis
1456 2556 1612 2596 perpetuo
1642 2551 1860 2585 remanebunt
1885 2550 2068 2584 rectoribus

236 2612 288 2645 uel
320 2615 377 2657 ipsi
408 2613 551 2646 ecclesie
581 2617 610 2647 in
633 2614 846 2659 Luntenburg
873 2618 902 2648 in
933 2614 1057 2648 eisdem
1088 2614 1173 2648 villis
1203 2617 1235 2647 et
1263 2612 1356 2646 bonis
1384 2611 1471 2644 nullo
1492 2614 1561 2645 iure
1582 2614 1711 2657 penitus
1732 2617 1936 2646 remanente.
1966 2611 2068 2645 Porro
