2184 2828
1050 86 1124 120 787

1039 230 1141 266 164.

165 318 321 361 {Vena-el,
351 318 465 363 Isc'im'q
493 329 556 351 von
587 317 739 352 Bolemen
781 318 846 351 und
874 317 981 351 Pelen
1019 317 1159 351 ersuclzt
1195 317 1259 350 den
1286 316 1523 352 Landmez'ster
1555 329 1620 353 con
1646 318 1837 354 Preussea.
1868 319 2014 353 Kourad

159 379 265 423 Sacis,
301 390 354 412 nm
395 379 663 423 L‘uterstatz-mey
698 379 757 412 des
790 378 909 413 L'lrielt
944 390 1007 412 con
1043 377 1247 420 Boskowae,
1276 377 1535 422 Hauptmannes
1570 390 1634 413 ron
1667 379 1775 413 Polen
1815 391 1924 424 (seyen
1961 380 2017 413 die

157 442 233 475 eine
261 440 358 485 Bury
400 441 443 473 im
474 439 590 473 Laude
624 439 771 473 Kaliscla
805 439 1033 484 belaqernden
1074 438 1248 472 Lithauer.
1305 437 1366 472 DC.
1405 439 1640 474 Fremlenlleal
1678 439 1734 475 VI.
1764 439 1845 474 Idus
1876 439 2016 474 Octobr.

877 499 959 543 (10.
992 499 1161 542 October)
1193 498 1305 533 1305.

315 575 592 641 circumspecto
622 598 697 630 viro
736 595 828 630 fratri
859 594 1012 629 Conrado
1047 595 1133 629 dicto
1163 594 1292 629 Saccus
1327 593 1491 639 Magistro
1521 595 1646 629 ordinis
1676 595 1792 630 domus
1820 595 2015 630 theutonice

160 659 194 691 in
224 655 360 690 Prussia
389 655 522 699 dilecto,
553 655 626 690 sibi.
656 655 714 690 W.
744 655 795 690 dei
825 658 940 701 gracia
968 655 1124 698 Boemie‚
1152 654 1302 700 Ungarie
1331 659 1363 688 et
1391 654 1529 688 Polonie
1557 655 1633 689 Rex
1662 655 1913 702 Circumspecto
1942 659 2017 690 viro

158 716 252 752 fiatri
287 716 441 751 Conrado
475 715 562 750 dicto
602 716 750 759 Saccus,
786 715 949 761 Magistro
984 716 1108 751 ordinis
1143 715 1260 750 domus
1293 715 1485 749 theutonice
1521 718 1554 749 in
1590 715 1743 759 Prussia,
1780 716 1901 750 dilecto
1937 716 2013 751 sibi.

157 778 291 824 plenum
319 777 419 822 Regii
446 776 575 811 favoris
603 777 765 811 affectum.
823 777 996 822 Rogamus
1024 782 1057 811 te
1086 776 1310 811 confidenter.
1340 775 1427 822 quod
1456 776 1587 810 fidelem
1617 782 1765 811 nostrum
1796 777 1944 812 Ulrieum
1974 777 2016 811 de

159 838 351 873 Boczovicz
381 837 597 884 Capitaneum
628 838 765 872 Polonie
801 840 919 871 iuvare
953 842 985 872 et
1014 837 1076 871 sihi
1110 840 1269 871 assistere
1297 836 1424 871 debeas
1453 840 1558 871 nostri
1588 848 1691 871 causa
1719 843 1751 872 et
1779 849 1894 872 amore
1922 837 2018 872 chri-

158 901 334 934 stianitatis
355 902 388 932 et
417 898 493 932 fidei
523 897 721 934 Christiane.
751 902 785 931 ut
803 897 990 932 Littwanos
1019 901 1073 943 qui
1101 901 1185 932 sieut
1212 897 1439 931 intelleximus
1468 900 1581 932 iacere
1611 897 1763 932 dicuntur
1790 901 1822 932 in
1843 898 2019 933 obsidione

157 959 358 994 Municionis
386 958 556 993 cuiusdam
587 962 619 992 in
650 964 738 992 terra
769 958 943 992 Calisiensi
972 964 1004 992 et
1033 969 1108 993 eam
1136 958 1252 993 volunt
1280 961 1479 1005 inpugnare,
1510 958 1550 992 ab
1580 962 1651 1005 ipsa
1681 958 1823 993 Civitate
1851 959 2018 1005 repellere

159 1021 272 1054 valeat
305 1024 360 1053 tuo
395 1024 559 1066 oportuno
595 1019 720 1053 auxilio
754 1019 932 1053 mediante.
989 1019 1030 1053 Et
1067 1019 1222 1065 quicquid
1259 1018 1315 1053 tibi
1350 1018 1454 1053 frater
1483 1019 1598 1054 Gallus
1636 1019 1781 1054 Boemus
1816 1023 1861 1054 tui
1891 1020 2016 1054 ordinis

159 1080 328 1116 exhibitor
361 1083 591 1126 presencium.
631 1091 727 1126 quem
764 1079 802 1114 ad
838 1085 868 1114 te
898 1084 1074 1126 propterea
1107 1083 1283 1123 mittimus,
1318 1091 1361 1113 ex
1396 1084 1492 1126 parte
1527 1085 1640 1114 nostra
1676 1081 1798 1114 dixerit
1840 1092 1941 1126 super
1977 1092 2018 1115 eo

160 1141 302 1176 credere
331 1141 415 1175 velis
444 1145 476 1174 et
513 1145 597 1174 tuam
637 1140 732 1174 nobis
769 1151 871 1186 super
905 1140 968 1174 hoc
1003 1152 1063 1186 per
1099 1143 1204 1187 ipsum
1242 1140 1377 1175 fratrem
1409 1140 1537 1174 Gallum
1574 1144 1745 1175 remittere
1772 1145 2019 1188 responsivam.

160 1202 282 1236 Datum
310 1205 344 1236 in
363 1201 564 1236 Freundetal
595 1201 670 1235 VI'J.
702 1201 777 1235 Idus
807 1200 943 1235 Octobr.
975 1212 1062 1235 anno
1090 1212 1269 1247 regnorum
1299 1206 1490 1236 nostrorum
1515 1201 1653 1236 Boemie
1683 1207 1714 1236 et
1734 1202 1871 1237 Polonie
1899 1205 2018 1249 primo,

161 1266 302 1308 ungarie
331 1273 414 1296 vero
444 1265 568 1308 quinto.

471 1350 573 1384 (Voigt
605 1349 672 1375 sod.
709 1349 820 1384 diplom,
860 1349 974 1375 Prussiu.
1005 1349 1032 1376 T.
1070 1349 1088 1375 l.
1121 1358 1146 1376 n.
1182 1350 1220 1376 LI.
1253 1359 1278 1384 p.
1310 1349 1345 1376 61
1386 1350 1453 1376 nat-li
1489 1350 1548 1376 dem
1581 1350 1655 1386 Orig.
1691 1352 1725 1377 im
1756 1352 1872 1386 gelieini.
1913 1352 2019 1386 kiiuigl.

577 1409 682 1436 preuss.
710 1401 855 1435 Art-tuve.)

1045 1522 1147 1557 165.

301 1599 509 1665 Klarquard
538 1629 604 1652 von
635 1618 793 1652 Ranzern
823 1617 977 1662 iibergibt
1006 1616 1058 1651 die
1088 1617 1300 1652 Pfarrkirche
1328 1621 1361 1652 in
1390 1618 1549 1654 Ranzern
1585 1619 1638 1654 bei
1667 1619 1761 1665 Iglau
1804 1619 1879 1654 dem
1909 1619 2020 1654 Prae-

162 1684 335 1714 monstrat.
365 1679 499 1714 Kloster
529 1678 648 1713 Geras.
680 1678 733 1712 Dt.
765 1678 874 1712 Bruck
905 1678 1069 1712 dominica
1099 1681 1203 1724 prima
1233 1678 1411 1713 Adventus
1441 1679 1520 1725 (28.
1551 1679 1761 1725 November)
1796 1680 1905 1717 1305.

474 1777 560 1811 (ΝΜ-ὴ
586 1776 645 1802 dem
671 1775 745 1810 Orig.
771 1776 819 1801 auf
840 1775 997 1809 Pergament
1023 1776 1067 1801 mit
1091 1775 1147 1801 drei
1173 1774 1286 1809 Sigillen
1311 1777 1343 1802 im
1369 1776 1486 1803 Geraser
1509 1777 1723 1811 Abteiarchive.)

1048 1921 1065 1956 l
1075 1921 1150 1956 (56.

171 1999 359 2045 Thilmann,
395 2000 467 2035 Abt
497 2012 561 2035 con
597 2000 744 2043 Seehm,
784 1999 955 2034 aber-lass!
992 1999 1054 2032 das
1089 2000 1122 2033 in
1158 1999 1305 2034 Maleren
1342 2000 1398 2035 bei
1425 2001 1552 2036 Kam'tz
1580 2001 1745 2047 yeleyene
1773 2001 1871 2045 Dorf
1891 2001 2027 2035 Branz'c

261 2063 387 2095 seinem
415 2061 599 2096 Com-ente.
630 2061 709 2095 Act.
741 2062 773 2094 in
803 2061 951 2094 ecclesia
981 2060 1144 2094 Siloensi.
1176 2061 1230 2094 de'e
1259 2061 1288 2095 b.
1322 2062 1508 2096 Gerdrudis
1539 2062 1620 2105 (17.
1652 2062 1772 2105 Mars)
1806 2061 1916 2095 1306.

328 2136 374 2189 ln
408 2160 543 2191 nomine
579 2161 695 2191 sancte
729 2161 760 2190 et
801 2155 967 2190 indiuidue
1009 2155 1180 2189 Trinitatis
1221 2167 1332 2190 anien.
1387 2157 1605 2192 Thilmannus
1647 2160 1873 2191 miseracione
1916 2157 2027 2191 diuina

171 2215 301 2250 humilis
335 2215 437 2251 abbas
472 2217 629 2252 Ecclesie
663 2217 857 2263 Syloensis.
894 2216 1075 2261 Pragensis
1113 2216 1274 2259 diocesis‚
1311 2217 1631 2252 premonstratensis
1667 2218 1811 2260 ordinis,
1849 2217 2028 2252 Vniuersis

172 2276 294 2310 Christi
324 2275 475 2311 fidulibes
504 2283 571 2312 tam
600 2278 813 2325 presentibus
844 2288 939 2323 quani
969 2276 1112 2310 feliciter
1140 2281 1171 2310 in
1194 2277 1327 2311 Christo
1357 2283 1580 2313 successuris
1604 2278 1750 2312 Salutem
1781 2283 1813 2312 et
1842 2277 2028 2313 oraciones

168 2339 346 2371 continuas
378 2341 410 2370 et
439 2337 576 2373 denotas
605 2343 638 2373 in
667 2339 732 2373 filio
762 2340 902 2383 virginis
931 2337 1089 2381 gloriose.
1133 2338 1297 2378 Quoniam
1327 2338 1455 2384 fragilis
1485 2344 1517 2373 et
1546 2338 1670 2372 labrica
1701 2343 1751 2372 est
1779 2338 1921 2373 humana
1951 2351 2028 2373 me·-

170 2399 275 2432 moria
303 2401 335 2430 et
364 2408 506 2431 necesse
543 2399 641 2433 habet
676 2399 855 2433 litterarum
886 2399 1084 2442 testimonijs
1115 2403 1280 2443 tamquam
1310 2399 1451 2443 quodam
1488 2400 1605 2433 baculo
1640 2398 1747 2432 fulciri
1776 2404 1807 2433 et
1836 2402 2027 2442 sustentari,

171 2458 213 2492 ad
241 2463 437 2504 perpetuam
476 2461 525 2492 rei
554 2464 744 2494 memoriam
777 2463 806 2493 in
848 2462 991 2493 omnium
1025 2463 1173 2493 vestrum
1204 2462 1359 2493 noticiam
1389 2463 1539 2506 cupimus
1568 2459 1728 2494 deuenire
1757 2465 1788 2494 et
1818 2460 2028 2506 presentibus

174 2518 323 2564 apicibus
357 2518 481 2551 clarum
521 2530 621 2553 esse.
656 2521 741 2565 quod
778 2519 930 2566 quidquid
967 2523 1101 2565 propter
1137 2519 1327 2553 multimoda
1367 2525 1399 2554 et
1440 2521 1582 2557 lons—rena
1619 2524 1780 2554 terrarum
1821 2521 2029 2555 incommoda

174 2579 416 2612 discordiarum
454 2583 485 2612 et
521 2590 717 2623 guerrarum
754 2580 912 2615 disturbia
956 2583 986 2613 in
1023 2582 1124 2614 nostri
1165 2583 1376 2614 execucione
1411 2582 1510 2624 oll'icij
1550 2592 1614 2625 quo
1656 2581 1696 2615 ad
1736 2582 1928 2627 temporalia
1959 2593 2023 2616 non
