2184 2828
215 263 561 309 {randenburgensem
591 260 791 304 nominabat,
821 260 1102 295 matrimonialiter
1139 259 1317 304 copulavit.
1347 258 1415 292 Nos
1444 269 1572 305 quoque
1607 259 1745 293 naturali
1783 257 1877 292 nobis
1914 256 2035 290 suffra-

200 330 301 362 eante
331 327 475 370 potentia
507 326 669 369 possimus
697 322 778 355 alias
807 332 1015 366 cognoscere
1044 319 1211 361 muliere&
1241 324 1274 352 et
1302 319 1528 352 desideremus
1557 331 1631 353 esse
1661 319 1759 352 Pater
1779 323 1810 352 et
1831 328 2036 364 nequeamus

200 386 239 419 de
270 385 356 419 facili
385 387 574 423 continere3
603 382 748 428 Ideoque
775 381 978 421 affectemus„
1008 385 1039 414 et
1066 380 1207 413 velimus
1234 382 1389 424 pretactis
1418 379 1668 424 impedimentis,
1698 379 1751 412 vel
1780 389 1893 412 eorum
1929 377 2036 421 aliquo

199 457 257 479 seu
287 446 350 479 alio
380 444 612 490 impedimento
640 445 802 476 canonico
830 443 1073 476 interveniente
1100 439 1279 485 predictum
1310 441 1548 473 matrimonium
1576 442 1624 473 sic
1651 449 1711 485 per
1738 449 1810 479 nos,
1831 443 1862 472 et
1885 438 2037 472 eandem.

200 506 375 539 Dominam
403 504 616 548 Margaritain
644 507 847 536 contractum
876 502 992 543 fuisse,
1022 505 1053 534 et
1081 511 1159 533 esse
1187 500 1307 533 nullum
1338 499 1542 541 denunciari,
1576 504 1607 533 et
1645 498 1819 540 declarari„
1853 501 1938 532 inter
1973 509 2034 531 nos

199 567 330 600 divortii
363 567 559 599 sententiani
593 563 806 609 promulgari,
836 562 930 596 nobis
959 572 1089 607 quoque
1117 571 1191 594 cum
1222 560 1284 593 alia
1312 559 1529 593 contrahendi
1557 559 1723 593 licentiam
1753 559 1887 603 elargiri
1917 558 1958 592 de
1979 558 2038 592 biis

200 638 329 672 quoque
358 624 508 659 omuibus
538 628 570 658 et
598 624 736 667 singulis
766 625 1006 663 auctoritatem,
1036 626 1066 655 et
1095 625 1290 667 potestatem
1320 619 1557 664 cognoscendn
1588 624 1619 653 et
1647 631 1686 653 ea
1715 618 1904 665 perficiendi
1934 629 2039 652 sanc-

201 690 345 721 tissi-us
381 689 411 718 in
448 684 576 718 Cbristo
615 683 727 726 Paterq
766 688 798 717 et
836 683 985 716 dominus
1023 682 1175 716 dominus
1213 681 1367 714 Clemens
1405 685 1519 714 sancte
1556 680 1722 714 Romane.
1760 690 1798 712 ac
1841 679 2040 712 universalis

203 747 353 780 Ecclesie
381 756 527 779 summus
562 744 713 778 Pontifex
745 743 990 777 venerabilibus
1020 742 1167 776 Patribus
1196 741 1337 775 Domino
1367 740 1556 775 Pau-iarehe
1584 740 1811 785 Aquilegiensi
1832 743 1929 782 atque
1945 737 2041 772 vobis

203 806 570 852 Domino.Episcopo
606 804 757 838 Cui-iensi
786 804 933 849 predicto
962 814 1034 837 cum
1065 803 1117 835 illa
1147 802 1304 835 clausula.
1335 806 1496 847 quatenns
1523 813 1596 839 vosq
1626 801 1680 834 vel
1709 801 1792 834 alter
1811 804 1958 833 vestrum
1979 798 2040 831 hoc

202 868 360 913 pei-liciat„
382 867 505 900 dederit
528 870 557 900 in
579 865 752 905 mandatis,
775 863 842 898 Vos
872 875 1001 910 quoque
1029 863 1222 897 venerande
1252 868 1343 909 pater
1371 864 1500 896 domine
1528 862 1694 908 Episcope
1723 861 1911 906 supradicte
1937 861 2040 894 solus.

203 934 232 962 ut
263 939 306 961 ex
336 930 498 974 premissa
536 926 683 959 clausula
713 927 874 970 potuistis,
912 924 997 958 idem
1035 927 1211 968 negocium
1250 926 1562 969 preoccupiu'eritis,
1601 923 1732 956 citando
1762 933 1821 955 nos
1857 921 2040 954 Jobannem

203 991 374 1022 t'omitem.
397 992 426 1021 et
447 987 621 1020 Dominam
644 985 856 1029 Margaritani
881 985 1046 1031 predictos
1067 985 1106 1018 ad
1128 984 1396 1029 comparendum.
1418 995 1527 1017 coram
1549 983 1643 1016 vobis
1665 995 1721 1028 per
1741 994 1820 1016 1105.
1837 982 1889 1015 vel
1912 986 2042 1014 nostros

205 1053 435 1094 procuratores
457 1048 671 1082 sul'lieientes.
694 1046 732 1079 ad
754 1045 996 1091 procedendum
1018 1056 1117 1091 snper
1138 1048 1320 1090 premissis.
1338 1055 1436 1089 super
1455 1047 1503 1077 eis
1520 1046 1640 1087 justum
1658 1044 1827 1087 judicium,
1844 1048 1875 1076 et
1896 1042 2041 1085 ejusdem

203 1109 297 1142 vobis
319 1109 433 1142 directi
465 1108 605 1141 mandati
636 1110 866 1140 executionem
896 1106 1034 1139 debitam
1055 1109 1231 1151 recepturi.
1255 1108 1481 1138 constituimus
1502 1106 1608 1148 igitur.
1630 1103 1780 1138 facimus.
1802 1108 1832 1136 et
1852 1104 2041 1136 ordinamus

202 1181 231 1202 iu
255 1169 315 1202 liiis
337 1171 466 1214 seriptis
487 1169 664 1201 discretum
686 1170 792 1201 virum
813 1166 999 1199 iohannem
1020 1169 1181 1200 notarium
1203 1170 1365 1199 nostrum.
1387 1169 1631 1210 procuratorem
1657 1170 1815 1199 nostruun
1837 1167 1868 1196 et
1888 1165 2042 1196 nuncium

202 1231 379 1273 specialem
409 1229 448 1262 ad
478 1228 725 1274 procedendum
756 1238 856 1272 super
884 1227 1008 1260 eisdem
1038 1238 1149 1260 coram
1170 1226 1266 1259 vobis
1288 1225 1430 1270 agendm
1452 1230 1482 1258 et
1503 1224 1710 1258 defendendo
1737 1225 1824 1257 litem
1845 1222 2044 1257 affirmative

205 1289 433 1324 contestando.
463 1289 619 1322 videlicet
648 1299 810 1333 expresse
839 1287 1039 1321 confitendo.
1070 1292 1216 1333 pretaeta
1246 1287 1487 1332 impedimenta.
1526 1297 1583 1319 seu
1622 1296 1734 1318 eorum
1772 1284 1900 1329 aliquod
1938 1287 2043 1329 ipsum

207 1353 447 1383 matrimonium
478 1353 563 1383 inter
592 1360 653 1382 nos
683 1353 886 1382 contractum
918 1348 1039 1381 nullum
1070 1350 1285 1391 originaliter.
1309 1352 1339 1380 et
1360 1350 1438 1379 eitra
1468 1346 1617 1379 reddens.
1640 1346 1816 1378 subfuisse.
1838 1349 1870 1377 et
1891 1344 2041 1377 subesse.

206 1418 303 1455 atque
332 1411 478 1456 desuper
506 1410 587 1443 eoad
611 1412 783 1443 vei-'nutem
814 1420 926 1441 eorum
957 1412 1055 1441 etiam
1082 1410 1304 1452 juramentum
1345 1411 1375 1440 iii
1414 1410 1552 1440 animam
1592 1411 1736 1439 nostram
1775 1404 1942 1450 prestandi
1980 1415 2042 1437 nec

206 1484 267 1505 nou
307 1472 451 1516 quelibet
490 1472 551 1504 alia
586 1473 772 1514 jiiramenta
812 1469 905 1502 nobis
944 1470 1167 1502 incumbentia
1206 1472 1237 1502 in
1276 1480 1375 1501 causa
1416 1466 1597 1510 hujusmodi
1636 1466 1798 1499 facienda.
1830 1466 2044 1511 probationes

207 1543 349 1577 apioque.
381 1536 473 1577 prout
503 1532 634 1564 debent.
666 1542 725 1564 seu
755 1541 895 1563 necesse
926 1530 1034 1563 l'nerit.
1065 1529 1330 1574 piuiilueendnm.
1369 1529 1542 1573 productas
1572 1526 1839 1572 impugnandum.
1862 1529 2046 1559 sententias

206 1603 233 1623 «2³
267 1595 328 1626 alia
359 1597 519 1637 oportuna
560 1592 746 1637 petendum.
785 1591 1021 1636 recipiendum.
1061 1594 1091 1623 et
1130 1589 1338 1622 audiendum.
1377 1587 1615 1633 appellandum.
1655 1587 1890 1632 appellationes
1925 1596 2046 1631 prose-

207 1654 382 1697 quendum.
414 1653 452 1685 ad
484 1653 543 1685 bec
574 1653 682 1686 alium.
714 1663 772 1685 seu
803 1653 884 1684 alios
915 1656 1150 1697 procuratores
1179 1650 1452 1683 substituendum.
1488 1647 1724 1688 revocandum,
1764 1651 1795 1679 et
1834 1657 1892 1692 per
1927 1657 1975 1679 se.
2014 1650 2045 1678 ut

208 1725 346 1759 presens
375 1713 460 1746 idem
491 1716 734 1758 procurationis
763 1712 904 1746 osticium
937 1711 1174 1745 exercendum.
1205 1709 1347 1756 quando.
1378 1713 1408 1742 et
1437 1711 1564 1754 quoties
1592 1707 1651 1740 sibi
1681 1706 1845 1740 videbitur
1873 1706 2046 1751 expedire„

208 1780 236 1805 et
267 1777 387 1809 omnia.
418 1778 449 1807 et
478 1774 607 1818 singula
638 1774 699 1806 alia
730 1774 929 1806 faciendum.
960 1783 1022 1817 que
1051 1775 1139 1805 circa
1170 1774 1342 1816 premissa„
1373 1770 1425 1802 vel
1454 1780 1564 1802 eorum
1594 1768 1722 1813 aliquod
1752 1767 1873 1801 fuerint
1902 1776 2045 1810 quomo-

208 1835 328 1868 dolibet
359 1839 532 1880 oportuna.
565 1834 681 1867 Ratum
711 1838 740 1866 et
770 1838 899 1877 gratum
929 1844 990 1866 nos
1026 1834 1256 1878 promittentes
1292 1830 1425 1864 habere.
1463 1828 1615 1874 quidquid
1651 1839 1709 1873 per
1744 1828 1862 1861 dictum
1899 1831 2045 1860 nostrum

210 1900 470 1939 procuratorem.
501 1899 531 1927 et
561 1894 721 1938 quoslibet
752 1894 997 1927 substituendos
1027 1893 1067 1925 ab
1096 1903 1136 1926 eo
1166 1895 1253 1925 circa
1284 1894 1455 1936 premissa.
1486 1894 1516 1922 et
1551 1899 1663 1922 eornm
1702 1887 1879 1933 quodlibet.
1915 1890 2046 1920 nomine

211 1961 323 1989 nostro
353 1956 450 1988 fuerit
479 1960 700 2000 procuratum.
732 1966 790 2000 pro
820 1957 901 2000 ipsis
930 1965 1072 1999 quoque.
1102 1957 1214 1986 nostro
1244 1956 1469 1998 procuratore
1499 1954 1531 1983 et
1559 1948 1794 1982 substituendis
1824 1947 1865 1981 ab
1899 1958 1939 1980 eo
1970 1958 2045 1981 uno.

211 2018 261 2048 xet
292 2016 437 2062 pluribus
466 2026 637 2049 cavemus.
668 2019 897 2061 promittentes
926 2013 1139 2060 presentibus
1164 2014 1345 2058 judicatum
1375 2011 1470 2045 solvi.
1497 2014 1526 2043 et
1543 2009 1667 2053 judicio
1687 2012 1756 2042 sisti
1778 2008 1837 2042 snb
1858 2007 2045 2054 hypotheca

211 2088 318 2110 rerum
358 2082 556 2113 nostrai-uim
596 2080 628 2109 ut
666 2079 725 2121 ipsi
764 2077 955 2109 releventur
992 2075 1032 2108 ab
1070 2077 1158 2107 omni
1197 2084 1300 2107 onere
1338 2071 1528 2105 satisdandi.
1568 2069 1637 2102 Hec
1669 2074 1783 2102 vestre
1821 2068 2046 2113 significamus

212 2138 403 2170 xenerande
432 2140 631 2182 paternitati.
662 2141 693 2169 et
721 2136 883 2170 omnibus.
914 2146 1051 2181 quorum
1079 2138 1229 2169 interest.
1258 2134 1313 2167 vel
1339 2133 1496 2166 intererit.
1519 2130 1578 2164 sub
1606 2131 1720 2174 sigillis
1748 2133 1869 2163 nostris
1896 2132 2047 2175 propriis.

212 2210 274 2239 «pie
304 2201 335 2231 in
365 2201 601 2243 premissorum
630 2199 851 2230 testiinonium
881 2195 1090 2242 presentibus
1119 2199 1193 2228 sunt
1223 2204 1381 2240 appensa.
1411 2192 1531 2226 Actum
1561 2195 1593 2224 et
1622 2191 1728 2224 datum
1754 2193 1785 2223 in
1805 2194 1915 2224 castro
1935 2193 2048 2223 nostro

218 2257 438 2300 lhzeuburch
474 2256 684 2304 presentibus
723 2256 968 2290 honorabilibus
1004 2255 1092 2289 Viris
1132 2255 1282 2289 Dominis
1319 2251 1514 2287 Welescliio
1559 2251 1599 2284 de
1635 2252 1791 2284 Costeloz
1828 2250 2047 2290 CancellariQ

216 2318 401 2352 Przibitone
430 2318 470 2352 de
501 2317 706 2358 Praskoless,
736 2316 877 2350 Prudota
907 2317 948 2350 de
977 2315 1145 2350 Vossetat.
1180 2315 1317 2349 ‘Nicolao
1355 2313 1395 2346 de
1431 2312 1652 2345 Wawizmez.
1697 2316 1730 2345 et
1762 2311 1894 2345 Joanne
1935 2310 2047 2344 Sancti

215 2377 344 2411 Martini
373 2380 508 2422 majoris
537 2380 683 2412 civitatis
723 2376 899 2421 Pragensis
934 2376 1159 2410 Ecclesiarnm
1193 2374 1402 2414 Rectoribus‚
1440 2372 1594 2405 Diocesis
1632 2371 1824 2416 Pragensis‚
1860 2370 2049 2417 Capellanis

215 2441 335 2470 nostris
365 2439 501 2472 testibus
531 2438 571 2472 ad
600 2440 762 2484 premissa
791 2441 930 2471 vocatis.
962 2436 1030 2471 Sub
1060 2447 1146 2471 anno
1174 2432 1411 2470 MCCCXLIX.
1440 2431 1565 2465 XXIII.
1596 2432 1649 2465 die
1678 2435 1803 2466 mensis
1831 2432 1932 2466 Junii.

526 2524 716 2559 (Ab-gedrurlit
742 2524 782 2549 bei
808 2525 935 2557 Steyerer
959 2524 1106 2550 Comment.
1132 2532 1180 2558 pro
1205 2523 1264 2549 bist.
1290 2521 1390 2548 Alberti
1416 2519 1446 2545 ll.
1481 2519 1506 2544 S.
1534 2519 1593 2544 (53⁴5
1627 2528 1650 2546 u.
1676 2528 1697 2545 s,
1730 2528 1762 2545 w.
1794 2519 1861 2545 nach
1891 2518 1950 2544 dem
1975 2517 2048 2551 Orig.

626 2579 657 2602 im
683 2576 863 2602 liuisbriieker
888 2576 1027 2607 Archive.)
