2184 2828
997 83 1070 119 963

111 213 204 236 suum
234 201 287 235 uel
316 199 481 246 quondam
511 200 649 235 filiorum
679 201 720 236 de
750 229 756 235 .
789 229 795 235 .
826 204 858 235 in
887 201 1085 248 prouinciali
1121 200 1240 235 iudicio
1280 212 1391 235 coram
1420 200 1645 235 beneficiariis
1680 205 1901 247 prosequatur
1929 205 1960 235 et

110 260 334 308 prosequendi
362 261 495 307 plenam
525 261 646 296 habeat
673 261 883 304 facultaten1;
910 261 952 296 Et
981 265 1054 308 quia
1084 262 1217 306 dignum
1239 265 1291 295 est
1310 266 1343 295 ut
1363 262 1448 306 quod
1470 265 1500 296 in
1522 262 1666 295 ecclesia
1687 267 1718 296 et
1739 263 1959 296 ecclesiarum

112 322 198 355 bona
227 324 337 368 inique
365 324 578 356 committitur
607 333 689 368 equa
720 322 949 356 satisfactione
977 323 1125 356 remedio
1154 322 1294 356 diluatur
1323 326 1571 356 sentenciamus
1601 327 1632 356 et
1658 322 1853 356 arbitramur
1871 322 1958 368 quod

108 381 212 416 dictus
240 383 279 416 F.
309 393 368 428 pro
398 382 547 429 dampnis
576 394 640 428 que
669 383 773 417 intulit
803 383 889 417 dicte
920 411 926 416 .
959 411 965 416 .
996 383 1139 417 ecclesie
1168 394 1207 417 ac
1235 382 1331 416 bonis
1361 383 1509 417 eiusdem
1539 383 1625 416 dicto
1643 383 1774 416 domino
1800 386 1958 429 epIscopo

107 445 231 477 seruiat
260 442 400 476 fideliter
429 448 459 476 et
488 446 699 490 imparciatur
735 444 892 477 auxilium
935 455 1019 478 cum.
1051 443 1120 477 XL.
1150 443 1328 477 dextrariis
1358 443 1537 488 phaleratis
1566 446 1597 477 in
1628 446 1769 489 propriis
1798 447 1959 490 expensis

107 507 140 537 et
177 503 326 549 dampnis
359 514 420 550 per
453 503 572 538 XIIIIssr
605 504 687 547 dies,
724 509 834 538 tamen
863 504 1139 551 quandocumque
1173 503 1279 537 dictus
1308 503 1458 538 dominus
1488 507 1667 550 episcopus
1701 503 1761 537 sibi
1799 504 1959 538 aduersus

109 563 288 609 quemlibet
315 568 429 598 contra
459 576 555 610 quem
584 564 690 599 dictus
718 565 916 599 Fridericus
944 566 1037 599 illesa
1067 564 1130 598 fide
1159 575 1217 598 sua
1248 564 1333 598 dicto
1364 564 1495 598 domino
1525 568 1685 610 episcopo
1713 568 1840 598 seruire
1860 569 1960 611 pote-

107 626 150 658 rit
178 629 209 658 et
238 625 396 658 auxilium
426 628 583 671 impertiri
611 626 850 660 sentenciando
879 636 1011 671 quoque
1045 636 1083 659 ac
1113 624 1301 659 arbitrando
1330 628 1599 671 pronunctiamus
1635 625 1720 670 qnod
1756 629 1819 659 tam
1855 625 1960 659 dictus

109 683 262 718 dominus
301 688 477 731 episcopus
520 696 616 730 quam
651 686 769 720 dictus.
808 687 847 720 F.
888 686 1039 720 homines
1081 685 1243 732 quoslihet
1283 685 1520 719 discordiarum
1564 690 1715 732 tempore
1761 686 1957 720 altrinsecus

107 748 290 791 captiuatos
319 745 452 779 liberari
480 746 602 780 saciant
631 751 663 780 et
692 746 819 780 absolui
849 749 920 780 sine
949 755 1037 786 omni
1069 757 1205 780 munere
1233 757 1272 780 ac
1301 749 1427 792 precio‚
1458 746 1582 792 absque
1624 746 1769 793 qualibet
1804 746 1959 781 tarditate

109 810 140 839 et
168 808 390 852 promissione
420 806 627 840 fideiussoria
657 807 709 841 uel
739 818 946 853 quacumque
975 807 1037 841 alia
1066 806 1303 841 nonobstante.
1633 851 1638 856 ἡ

265 867 300 901 Si
329 878 390 913 qua
420 878 501 901 uero
529 870 669 913 pecunia
700 879 760 914 pro
789 869 897 913 aliquo
919 871 1084 914 captiuato
1101 870 1169 912 jam
1196 868 1303 902 soluta
1323 867 1420 901 fuerit
1442 872 1518 901 ante
1538 859 1633 901 istius
1653 868 1958 914 promulgacionem

108 926 271 961 arbitrarii
300 939 360 961 nos
388 931 493 973 ipsam
523 928 610 962 illam
641 939 718 962 esse
747 929 900 963 volumus
930 931 984 974 qui
1013 940 1126 975 recep.

260 987 330 1022 Hec
359 991 460 1033 igitur
488 992 597 1023 omnia
627 1000 689 1024 nos
718 1000 761 1023 ex
797 993 916 1035 nigore
945 989 1020 1023 dicti
1055 991 1287 1035 compromissi
1316 991 1347 1023 in
1378 1000 1437 1023 nos
1466 988 1541 1023 facti
1572 989 1811 1023 sentenciando
1840 994 1871 1023 et
1901 1001 1959 1024 ar-

106 1048 257 1083 bitrando
285 1049 345 1083 sub
374 1060 460 1096 pena
489 1052 520 1083 in
550 1053 623 1095 ipso
658 1053 899 1097 compromisso
929 1054 1085 1084 contenta
1129 1049 1168 1084 ab
1207 1054 1344 1095 utraque
1374 1054 1466 1096 parte
1495 1049 1678 1098 obseruari
1696 1053 1897 1096 precipimus
1927 1055 1958 1084 et

106 1109 341 1144 inuiolabiliter
369 1109 538 1155 adimpleri
567 1113 751 1144 reseruatis
772 1122 888 1144 verum
909 1115 1015 1145 tamen
1046 1110 1140 1145 nobis
1165 1113 1236 1144 iure
1256 1110 1391 1144 arbitrio
1413 1115 1443 1143 et
1463 1115 1626 1157 potestate
1647 1110 1837 1145 declarandi
1859 1122 1960 1157 super

105 1173 277 1216 premissis
305 1175 337 1204 et
365 1170 510 1216 quolibet
540 1174 775 1217 premissorum
811 1171 1011 1216 vhicumque
1041 1176 1074 1205 et
1102 1171 1376 1217 quandocumque
1405 1172 1503 1205 suerit
1533 1176 1728 1218 oportunum
1759 1176 1791 1206 et
1820 1176 1959 1205 tractatu

104 1230 235 1276 prefate
264 1231 441 1265 concordie
470 1235 557 1266 inter
585 1243 643 1266 eos
673 1235 704 1266 in
733 1233 894 1266 Memmia
929 1235 1020 1279 prius
1049 1231 1158 1266 habito
1188 1244 1283 1278 quem
1315 1231 1423 1266 stabili
1461 1232 1611 1266 firmitate
1648 1235 1767 1277 vigere
1805 1233 1959 1266 volumus

104 1294 136 1325 in
172 1302 232 1326 suo
271 1303 404 1338 semper
439 1292 559 1327 robore
597 1293 781 1328 duraretur.
836 1293 888 1327 Ad
927 1293 989 1327 hec
1022 1296 1269 1327 sentenciamus
1308 1297 1339 1326 et
1374 1292 1570 1326 arbitramur
1599 1292 1684 1338 quod
1714 1292 1789 1326 dieti
1821 1296 1959 1339 episco-

107 1354 122 1396 (
227 1353 243 1398 )
277 1364 338 1399 pus
375 1358 417 1386 et.
453 1354 492 1387 F.
531 1353 689 1400 deinceps
725 1353 941 1388 amicabiliter
975 1356 1098 1396 uiuant,
1135 1358 1166 1387 et
1200 1357 1286 1387 inter
1326 1364 1386 1388 eos
1422 1353 1607 1388 dilectionis
1646 1359 1677 1387 et
1713 1357 1829 1398 gracie
1863 1357 1959 1399 uigor

107 1417 300 1459 permaneat
339 1414 480 1448 relatiue
517 1419 562 1457 ut,
599 1414 663 1457 hic,
697 1419 836 1460 paterne
870 1414 1000 1448 ferueat
1034 1414 1219 1448 dilectionis
1257 1414 1395 1448 affectus
1424 1414 1490 1458 ille‚
1526 1415 1598 1448 zelo
1629 1414 1822 1448 deuocionis
1851 1419 1958 1448 estuet

104 1472 222 1508 filialis.

257 1534 292 1569 In
339 1546 476 1582 quorum
522 1538 665 1569 omnium
712 1538 902 1569 testimonio
949 1547 1091 1581 presens
1134 1539 1387 1570 instrumentum
1431 1536 1547 1581 sigillis
1587 1541 1702 1570 nostre
1750 1536 1957 1570 excellencie

106 1597 264 1629 iussimus
293 1599 499 1630 communiri.

259 1656 377 1691 Datum
408 1661 470 1691 etc.

929 1771 1128 1803 Concordie.

207 1839 250 1873 E.
282 1839 335 1874 dei
363 1843 477 1885 gracia
507 1851 568 1873 rex
599 1844 662 1874 etc.
694 1839 870 1874 Vniuersis
909 1843 1114 1885 presencium
1151 1843 1279 1885 copiam
1310 1839 1467 1874 habituris
1496 1842 1651 1874 noticiam
1681 1839 1954 1886 subscriptorum.

104 1898 146 1933 Ut
172 1911 213 1934 ea
241 1911 304 1946 que
334 1904 426 1947 pacis
455 1905 539 1943 sunt‚
570 1903 730 1947 pacisque
758 1903 931 1946 puritatem
969 1903 1099 1946 sapiunt
1129 1905 1161 1934 et
1189 1900 1345 1934 inducunt
1375 1903 1405 1934 in
1436 1904 1580 1934 racionis
1616 1900 1757 1934 deducta
1792 1905 1955 1934 secretum

104 1964 135 1993 et
164 1963 267 2006 ipsius
298 1965 487 1995 examinata
518 1964 676 1995 scrutinio
713 1961 923 1995 admittantur
951 1964 1115 1994 attencius
1144 1965 1174 1994 et
1204 1963 1401 2006 expressius
1437 1964 1602 2007 imprimat
1640 1961 1782 1995 admissa
1819 1966 1851 1995 et
1889 1972 1956 1995 ex-

108 2031 225 2066 pressa
258 2025 290 2056 in
326 2022 480 2057 cordibus
518 2025 640 2055 nostris
678 2021 878 2055 fructificant
913 2025 1136 2058 germinatura
1172 2032 1286 2067 pacem
1323 2026 1353 2054 et
1383 2021 1581 2067 productura
1612 2024 1754 2066 quietem
1786 2025 1954 2056 amicicias

105 2082 350 2125 augmentendo
393 2088 423 2117 et
459 2085 709 2116 inimiciciarum
752 2093 874 2115 causas
907 2082 992 2115 illico
1031 2082 1232 2128 precidendo
1269 2085 1343 2127 quia
1379 2086 1461 2116 sicut
1493 2087 1522 2115 et
1555 2083 1659 2128 palam
1689 2086 1741 2116 est
1770 2086 1799 2116 in
1829 2085 1954 2116 iniuriis

105 2141 179 2175 odia
211 2147 385 2186 prouocari
414 2147 498 2177 sicut
528 2149 559 2177 et
589 2142 665 2177 nulli
694 2154 810 2176 veram
845 2142 1010 2176 indubiam
1041 2154 1155 2188 pacem
1185 2154 1243 2188 pre
1273 2154 1356 2188 opus
1385 2147 1435 2176 est
1465 2148 1494 2176 ct
1526 2145 1656 2176 iusticie
1686 2147 1786 2188 atque
1814 2142 1954 2177 fructum

107 2206 181 2247 post
209 2212 403 2246 guerrarum
433 2207 548 2249 grauia
579 2203 748 2250 dispendia
792 2202 1002 2236 reformatam
1047 2204 1178 2236 firmiori
1216 2203 1335 2237 robore
1369 2204 1501 2237 solidari
1539 2204 1577 2237 ad
1609 2203 1637 2236 id
1668 2206 1867 2237 intencionis
1896 2215 1955 2237 sne

105 2262 269 2296 cumulum
299 2266 434 2298 caritate
463 2270 572 2298 mutua
603 2275 665 2309 qne
695 2267 787 2309 pacis
817 2268 867 2297 est
896 2263 1062 2296 vinculum
1092 2267 1280 2309 peruenire,
1316 2264 1390 2298 (lum
1421 2265 1505 2298 illam
1537 2265 1734 2297 correlatam
1763 2264 1852 2298 fulsit
1881 2268 1954 2298 sin-

107 2325 229 2356 ceritas
258 2326 286 2356 ei
317 2330 501 2369 exaggerat
530 2325 697 2359 exliibicio
726 2327 836 2370 operis
866 2334 930 2368 que
960 2335 1039 2357 vere
1069 2324 1266 2357 dilectionis.
1297 2328 1447 2358 amicicie
1484 2329 1582 2369 atque
1611 2328 1702 2370 pacis
1732 2336 1807 2358 esse
1837 2326 1954 2358 dinos-

105 2386 191 2417 citur
220 2383 388 2417 insallibile
417 2391 659 2429 argumentum.
692 2384 868 2430 Propterea
900 2388 1050 2418 noncrint
1088 2388 1233 2418 vniuersi
1263 2386 1347 2430 quod
1378 2390 1450 2431 post
1481 2386 1579 2429 longa
1609 2396 1802 2429 guerrarum
1834 2386 1954 2418 discri-

107 2446 192 2477 mina
222 2454 285 2488 que
315 2447 398 2477 inter
426 2445 589 2480 dominum
619 2447 732 2480 ducem
754 2445 951 2485 Bainun-ie,
990 2449 1274 2490 &iitsanguineum
1305 2451 1452 2480 nostrum
1483 2446 1596 2479 karum
1627 2451 1658 2479 et
1692 2457 1764 2489 nos,
1803 2449 1952 2479 inimicus

109 2503 239 2537 humani
276 2507 424 2548 generis.
460 2509 550 2551 pacis
587 2509 769 2552 impaciens
807 2508 1011 2539 exercitarit.
1043 2509 1133 2551 pacis
1169 2509 1293 2540 auctori
1331 2507 1453 2552 placuit
1482 2506 1581 2540 corda
1612 2510 1715 2552 ipsius
1745 2512 1776 2541 et
1805 2511 1950 2540 nostrum

107 2565 221 2609 algore
250 2565 314 2598 odii
344 2566 518 2610 congelata
549 2567 676 2601 karitati
707 2569 828 2600 amoris
859 2566 1019 2600 reducere
1049 2567 1088 2600 ad
1119 2566 1284 2600 feruorem
1314 2578 1356 2601 ex
1387 2578 1451 2612 quo
1481 2569 1540 2613 ipsi
1571 2572 1601 2601 et
1636 2567 1730 2601 nobis
1765 2570 1795 2601 in
1832 2566 1951 2600 subdi-
