2184 2828
1102 104 1175 137 974

212 223 376 257 dominum
419 226 612 268 episcopum
647 225 808 255 instanter
841 224 873 253 ut
920 221 1068 255 homines
1115 226 1301 255 nostrarum
1348 227 1507 256 terrarum
1548 223 1715 258 Cracom‘e
1757 230 1788 259 et
1825 226 1996 260 Saaclome
2030 231 2063 261 et

212 286 364 317 nunctios
398 283 492 316 ducis
528 283 588 316 sub
624 281 739 328 prefati
776 284 954 315 securitate
989 281 1171 315 conductus
1214 285 1317 316 nostri
1356 293 1415 328 per
1451 294 1580 317 manum
1615 295 1705 318 suam
1735 288 1750 329 (
1857 288 1871 329 J
1907 287 2062 332 dignetur

211 343 378 377 adducere
414 344 452 377 ad
491 348 636 377 nostram
674 345 882 388 presenciam
921 347 952 375 et
994 346 1207 387 conspectum
1247 346 1425 377 securitate
1463 344 1558 390 plena
1595 348 1642 378 eis
1685 351 1798 392 aperte
1833 351 1944 381 nostra
1987 350 2061 381 uice

211 408 313 439 nostri
343 407 528 450 promissis.

365 464 399 498 In
429 468 523 498 cuius
553 465 822 498 assecuracionis
852 468 884 497 et
913 462 1095 497 conductus
1133 467 1236 497 nostri
1267 467 1454 498 testimonio
1488 464 1548 498 sibi
1583 465 1773 501 mandamus
1809 467 1879 501 dari
1917 478 2056 513 presens

209 529 366 572 scriptum
397 531 583 559 nostrorum
615 524 795 569 sigillorum
826 527 1031 570 appensione
1060 527 1228 557 munitum.

776 637 830 670 Ad
858 636 953 670 Item.
986 636 1138 676 (Lt'llere
1169 636 1489 679 A.s=seevr‹1ci0m·s.)

363 706 430 741 Nos
461 707 521 740 Dei
551 710 664 751 gracia
694 711 758 740 etc.

362 767 480 801 Notum
519 767 658 801 facimus
692 769 857 801 vniuersis
892 769 1059 812 presentis
1096 769 1208 812 scripti
1245 769 1366 800 seriem
1405 770 1587 811 cognituris
1622 768 1707 813 quod
1745 779 1806 802 nos
1846 768 1991 803 barones
2026 774 2058 804 et

208 828 336 863 nobiles
378 833 564 863 nostrarum
600 833 760 862 terrarum
797 827 966 860 Cracom'e
1002 831 1033 860 et
1072 827 1248 861 szdom‘e
1283 827 1322 861 ad
1359 832 1506 861 nostram
1543 827 1762 873 procedentes
1797 832 2007 875 presenciam
2036 841 2054 864 a

208 889 303 923 nobis
333 894 366 922 et
395 891 518 923 nostris
547 888 700 922 omnibus
730 898 962 921 assecuramus
992 892 1025 921 et
1060 892 1159 921 totam
1199 891 1343 934 ipsorum
1380 899 1453 922 cum
1488 888 1587 922 rebus
1616 892 1803 923 comitiuam
1832 890 2058 925 concedentes

208 953 256 984 eis
285 949 346 984 sub
375 949 524 996 predicta
554 961 571 983 a
601 948 696 982 nobis
725 953 756 982 et
786 951 906 982 nostris
941 948 1094 982 omnibus
1124 952 1304 983 securitate
1333 954 1365 983 et
1394 949 1513 983 ducatu
1543 954 1657 983 nostro
1693 950 1880 984 attendendi
1909 955 2057 985 nostram

208 1014 429 1058 presenciam
459 1010 580 1049 standi,
610 1020 733 1043 moram
763 1008 906 1042 faciendi
936 1012 1025 1043 circa
1055 1020 1116 1043 nos
1145 1014 1177 1043 et
1205 1010 1365 1043 redeundi
1395 1010 1435 1043 ad
1456 1013 1590 1056 propria
1618 1021 1691 1044 cum
1712 1011 1817 1045 salute
1837 1021 2057 1056 personarum

207 1077 239 1106 et
269 1082 379 1105 rerum
410 1082 543 1105 suarum
573 1070 703 1116 plenam
734 1075 765 1103 et
795 1069 931 1104 liberam
962 1070 1163 1104 facultatem.

362 1132 398 1166 In
428 1134 520 1165 cuius
549 1135 663 1165 nostre
699 1134 966 1165 assecuracionis
1000 1136 1032 1165 et
1067 1131 1251 1165 conductus
1288 1134 1389 1165 nostri
1426 1134 1645 1165 testimonium
1681 1131 1774 1166 dictis
1809 1131 1989 1167 baronibus
2026 1136 2058 1166 et

207 1193 370 1227 nobilibus
399 1193 469 1226 dari
499 1192 692 1226 mandamus
722 1202 861 1237 presens
890 1195 1060 1239 scriptum.
1092 1193 1276 1237 sigillorum
1305 1197 1490 1226 nostrorum
1521 1194 1700 1226 munimine
1728 1195 1974 1226 communitum.

362 1253 481 1286 Datum
512 1257 573 1286 etc.

678 1365 933 1410 Exernpciones
961 1370 995 1399 et
1024 1365 1204 1399 libertates
1233 1370 1266 1399 et
1293 1367 1414 1410 qraci‘e
1442 1367 1587 1399 (liuerse.

361 1436 420 1470 Est
448 1440 709 1470 cousentaneum
740 1438 866 1469 racioni
895 1439 927 1469 ut
957 1435 999 1469 1111
1029 1446 1111 1481 quos
1142 1434 1303 1468 interdum
1334 1437 1367 1468 111
1397 1435 1551 1479 legitimis
1581 1434 1709 1468 actibus
1730 1434 1880 1469 defectus
1900 1435 2058 1469 natalium

208 1497 341 1544 impedit
370 1496 496 1531 honore
526 1507 585 1542 per
613 1498 794 1541 principem
825 1499 989 1542 reperitur
1024 1499 1051 1529 si
1080 1495 1211 1541 quando
1240 1495 1280 1529 ab
1310 1495 1372 1529 hiis
1402 1496 1580 1542 imperialis
1617 1494 1712 1529 fauor
1745 1495 1886 1529 fidelium
1924 1506 2058 1530 suorum

205 1558 453 1604 supplicacione
488 1559 665 1603 requiritur
702 1559 751 1590 eis
786 1556 965 1590 liberaliter
993 1557 1153 1601 largiatur
1182 1555 1362 1590 Sciendum
1392 1561 1444 1590 est
1473 1556 1558 1602 quod
1587 1567 1661 1590 cum
1689 1556 1778 1590 Mar.
1814 1556 1874 1590 Tle.
1917 1556 2059 1590 clericus

207 1619 310 1652 fidelis
339 1623 453 1652 noster
482 1629 541 1664 per
569 1618 857 1662 legitimorum.P.
888 1618 1085 1651 et.siliorum
1122 1628 1256 1651 suorum
1286 1617 1416 1662 quando
1446 1619 1517 1663 ipse
1546 1617 1666 1650 dudum
1694 1619 1725 1650 in
1754 1620 1860 1651 sacris
1889 1616 2059 1651 ordinibus

206 1682 402 1713 constitutus
448 1679 563 1713 ex.B.
611 1678 651 1712 de
699 1678 815 1712 eadem
863 1683 949 1712 terra
998 1678 1134 1712 muliere
1172 1678 1279 1711 soluta
1318 1689 1355 1711 se
1397 1680 1519 1711 asserit
1552 1680 1710 1722 genuisse
1744 1676 1912 1712 Maiestati
1944 1682 2060 1712 nostre

206 1740 371 1773 humiliter
400 1740 597 1785 supplicauit
625 1738 695 1773 Nos
724 1738 1025 1785 subplicacionibus
1054 1742 1122 1773 suis
1152 1738 1306 1783 benignis
1335 1738 1481 1772 inclinati
1510 1738 1675 1784 predictos
1704 1742 1752 1772 et.
1771 1737 1829 1771 .de
1855 1737 2059 1784 plenitudine

206 1803 380 1846 potestatis
409 1804 522 1833 nostre
551 1804 583 1833 et
612 1810 656 1832 ex
685 1804 775 1833 certa
811 1804 925 1833 nostra
955 1802 1101 1833 sciencia
1132 1810 1191 1833 eos
1221 1802 1424 1845 compositos
1454 1810 1533 1833 esse
1563 1802 1708 1833 scientes
1736 1799 1993 1843 legitimauimus
2026 1803 2060 1833 et

206 1861 244 1895 ad
280 1864 390 1894 omnia
425 1863 495 1894 iura
531 1862 733 1894 restituimus
768 1865 799 1894 ut
829 1865 982 1906 tanquam
1020 1860 1155 1905 legitimi
1183 1865 1214 1894 et
1250 1860 1291 1894 de
1319 1861 1467 1905 legitimo
1495 1859 1591 1894 thoro
1625 1862 1658 1893 in
1698 1859 1793 1893 bonis
1832 1862 1990 1893 maternis
2027 1863 2060 1893 et

204 1925 351 1967 paternis
381 1932 443 1967 que
473 1920 615 1955 feodalia
645 1931 711 1954 11011
740 1924 887 1955 existunt
915 1921 931 1966 ζ
1036 1922 1051 1966 j)
1081 1921 1263 1955 succedunt
1293 1926 1323 1955 et
1353 1921 1393 1955 ad
1421 1932 1537 1955 omnes
1567 1925 1659 1955 actus
1687 1919 1834 1966 publicos
1877 1924 1908 1954 et
1942 1920 2058 1955 ciuiles

204 1982 350 2016 honores
380 1985 407 2015 si
436 1993 473 2016 se
504 1984 614 2015 causis
644 1984 845 2026 ingesserint
873 1982 1085 2016 admittantur
1114 1987 1143 2015 et
1174 1985 1204 2016 in
1234 1981 1386 2016 omnibus
1407 1982 1476 2016 aliis
1497 1992 1589 2015 suam
1610 1980 1712 2015 libere
1736 1983 1891 2026 prosequi
1926 1980 2060 2015 ualeant

203 2042 437 2079 obiectionem,
477 2046 569 2089 prius
606 2042 719 2076 illicito
754 2045 784 2075 111
827 2047 996 2088 posterum
1035 2046 1246 2088 quiescente:
1292 2042 1333 2076 Et
1370 2053 1408 2076 ea
1445 2045 1603 2088 precipue
1632 2052 1694 2088 que
1722 2041 1898 2085 legitimari
1926 2043 2057 2087 spurios

203 2108 293 2137 certa
325 2108 437 2137 nostra
469 2106 615 2137 sciencia
645 2106 810 2149 permittit.
848 2106 890 2137 ita
920 2108 1030 2137 tamen
1060 2103 1145 2149 quod
1175 2106 1367 2137 uicesimam
1397 2107 1521 2149 partem
1552 2103 1768 2149 prouencium
1798 2102 1884 2145 (sic)
1912 2104 2058 2135 omnium

204 2163 363 2198 bonorum
393 2176 456 2210 que
485 2164 741 2209 legitimacionis
771 2163 934 2198 beneficio
963 2164 1002 2198 ad
1031 2164 1166 2198 eosdem
1197 2167 1410 2210 peruenerint
1439 2163 1577 2208 singulis
1605 2164 1699 2196 annis
1728 2164 1820 2195 curie
1839 2166 1954 2196 nostre
1974 2162 2057 2196 red-

204 2224 282 2258 dant
311 2227 342 2258 111
372 2227 643 2269 recognicionem
672 2226 786 2269 gracie
816 2236 878 2271 qua
909 2227 957 2258 eis
986 2236 1087 2270 super
1115 2224 1177 2259 hoc
1206 2225 1360 2259 duximus
1389 2223 1592 2269 indulgende
1621 2222 1659 2256 ad
1689 2222 1784 2256 huius
1814 2233 1886 2256 auc.
1917 2227 1981 2256 etc.

804 2337 1064 2371 lustramentum
1094 2338 1305 2371 vendicionis
1334 2338 1460 2371 donms.

358 2405 392 2439 In
423 2410 556 2439 nomine
585 2406 707 2440 domini
737 2406 857 2440 Amen.

357 2466 456 2500 Anno
486 2467 526 2500 ab
555 2470 791 2501 incarnacione
820 2472 882 2502 etc.
923 2468 1070 2501 eiusdem
1100 2466 1148 2500 111Ο
1178 2466 1278 2501 GGCO
1307 2466 1371 2501 V10
1400 2468 1504 2500 tercio
1533 2465 1617 2511 ydus
1647 2464 1815 2507 februarii,
1851 2475 1914 2509 eqo
1951 2464 2055 2498 z'udeae

203 2530 350 2573 presenti
380 2529 494 2573 scripti
527 2530 614 2561 serie
650 2527 783 2561 declaro
818 2528 869 2573 (2))
905 2528 990 2574 quod
1032 2532 1063 2562 in
1099 2531 1272 2574 presencia
1311 2538 1383 2562 mea
1412 2531 1444 2561 et
1474 2553 1481 2559 .
1512 2552 1519 2560 .
1550 2525 1635 2559 dicte
1668 2528 1807 2559 ciuitatis
1843 2528 1992 2559 notarius
2021 2529 2054 2559 et

203 2590 332 2621 testium
362 2587 621 2634 subscriptorum
650 2588 690 2622 ad
719 2588 782 2622 hoc
816 2590 1006 2635 specialiter
1035 2594 1226 2623 uocatorum
1255 2593 1287 2622 et
1315 2592 1504 2633 rogatorum
1534 2586 1687 2620 uidelicet
1717 2614 1723 2620 .
1757 2614 1763 2620 .
1794 2591 1854 2620 et.
1878 2613 1883 2619 .
1906 2586 2045 2620 aliorum
