2184 2828
1117 135 1188 170 542

237 254 270 288 Si
301 253 579 300 Arcliiepiscopns
607 254 660 287 uel
682 281 688 287 .
711 281 717 287 .
739 253 922 300 Episcopus
950 253 1058 295 suerit,
1087 252 1126 286 ab
1147 255 1302 297 ingressu
1322 253 1466 286 ecclesie
1487 280 1493 286 .
1515 258 1547 287 et
1574 253 1691 287 diuinis
1720 255 1837 297 uigore
1865 255 2064 298 presentium

236 318 519 357 constitutionum,
555 325 595 348 eo
629 317 701 360 ipso
730 317 770 348 sit
798 325 996 360 suspensus7
1035 313 1070 346 Si
1099 318 1207 346 autem
1244 314 1419 358 capitulum
1455 313 1505 347 uel
1538 314 1723 358 singulares
1752 325 1895 359 persone
1924 313 1963 346 de
1992 315 2065 358 ipso

235 375 298 408 lioc
326 374 486 418 fecerint,
515 379 638 408 extunc
667 374 826 409 inhabiles
854 374 894 408 ad
927 373 1114 417 eligendum
1148 383 1207 418 per
1240 372 1405 407 biennium
1438 378 1653 417 censeantur,
1692 385 1828 418 quorum
1864 373 2066 407 inhabilitate

237 435 384 477 durante,
414 438 648 468 canonicorum
677 439 709 468 et
736 434 937 468 Prelatorum
958 434 1087 469 electio,
1118 433 1157 466 ad
1178 433 1472 467 Lutliomislensem
1492 433 1687 480 Episcopum
1709 438 1842 473 tantum„
1871 436 1898 467 si
1919 436 1948 467 in
1969 433 2063 478 culpa

236 495 419 530 huiusmodi
447 506 511 528 non
541 494 649 537 fuerit,
679 494 873 528 deuoluatur
903 522 909 528 .
941 494 1099 539 Receptio
1128 505 1208 526 uero
1238 494 1318 526 ultra
1348 504 1515 527 numerum
1544 493 1595 528 liic
1628 497 1783 527 inscrtum
1813 493 1916 534 facta7
1946 494 2064 527 nullius

235 560 362 601 penitus
392 558 432 589 sit
460 558 616 589 momenti
637 583 643 589 .
665 555 815 599 Denique
845 566 917 588 cum
947 555 1023 588 nulli
1045 554 1286 587 Canonicorum
1307 555 1518 598 regularium,
1547 558 1712 600 proprium
1735 558 1764 587 in
1787 555 1920 599 speciali
1942 553 2065 587 habere

234 617 332 649 liceat
360 615 602 660 quoquomodo,
632 619 715 649 sieut
745 620 901 661 perpetue
930 614 1170 659 dampnationis
1200 617 1362 647 interitum
1392 614 1554 648 voluerint
1583 618 1708 648 euitare
1738 642 1745 647 .
1776 615 1955 647 Statuimus
1983 614 2064 647 duos

236 677 422 709 Canonicos
452 676 492 709 de
520 687 656 709 numero
686 676 833 721 predicto
862 678 893 708 in
924 675 1141 720 prouidentia.
1172 675 1432 720 dispensatione.
1462 687 1499 708 ac
1527 675 1767 719 gubernatione
1795 685 1903 708 rerum
1932 679 2065 720 tempo-

232 738 346 770 ralium
368 737 532 774 meliores„
568 739 598 769 in
622 741 854 781 procuratores
885 747 942 780 per
970 736 1075 768 solum
1106 735 1285 780 Capitulum
1316 735 1499 779 eligendos,
1529 738 1593 781 qui.
1624 738 1731 769 omnia
1762 739 1793 768 et
1822 734 1948 778 singula
1979 733 2062 767 bona

233 797 380 830 eiusdem
411 795 562 841 Capituli.
592 796 757 839 colligant.
788 801 916 839 regant„
947 796 1148 841 fideliterque
1178 796 1384 841 dispensentq
1415 800 1477 829 tam
1508 795 1665 837 Prelatis,
1701 806 1797 840 quam
1827 797 1994 827 canonicis
2024 794 2064 827 de

233 862 318 890 uictu
348 857 476 890 decenti
506 860 592 889 iuxta
623 856 792 889 facultates
822 859 923 901 ipsius
944 855 1082 901 Capituli
1111 856 1413 889 ac·01·dinationem
1443 856 1635 901 prouideant
1654 861 1685 889 et
1706 859 1838 895 vestittn
1868 854 1913 888 Ita
1944 859 2063 895 tamen,

231 917 315 962 quod
345 918 459 962 prelati
489 917 671 955 decentius„
702 928 796 961 quzun
827 919 978 949 canonici
1008 915 1191 949 induantur.
1223 916 1413 949 Teneantur
1433 919 1528 949 etiam
1550 921 1783 962 procuratores
1813 915 1949 959 singulis
1970 917 2064 948 annis

232 978 381 1010 adminus
412 978 471 1014 bis„
501 977 541 1009 ‹le
571 976 663 1009 bonis
693 988 752 1021 per
781 988 838 1009 eos
868 977 1099 1010 administratis
1128 981 1157 1009 et
1187 980 1352 1022 perceptis
1374 976 1520 1022 Capitulo
1549 976 1687 1010 debitam
1715 976 1854 1009 reddere
1883 978 2062 1009 racionem.

232 1037 337 1071 Penes
372 1038 457 1083 quod
494 1037 675 1082 Capitulum
710 1037 812 1080 libera
849 1042 880 1070 et
918 1037 1064 1082 plenaria
1093 1039 1135 1070 sit
1164 1042 1328 1082 potestas,
1368 1041 1532 1070 racionem
1568 1036 1607 1070 ab
1643 1037 1766 1070 eisdem
1796 1035 2063 1081 procuratoribus

231 1098 408 1142 exigendi*
443 1102 474 1130 et
509 1097 714 1142 deponendiq
750 1098 832 1131 alios
867 1097 1028 1131 statuendi
1067 1098 1356 1142 quandocumquffi
1396 1102 1487 1142 prout
1521 1100 1622 1143 ipsius
1656 1098 1782 1130 utilitati
1819 1101 1849 1130 et
1888 1096 2064 1133 conmodo..

231 1158 393 1192 uidebitur
421 1157 582 1203 expedire
605 1185 610 1190 .
633 1157 786 1191 Distriete
815 1158 975 1203 siquidem
1006 1157 1230 1203 prohibemns,
1259 1169 1301 1191 ne
1330 1158 1421 1191 Prior
1448 1161 1499 1203 qui
1530 1169 1587 1203 pro
1617 1162 1763 1202 tempore
1792 1157 1900 1199 suerit,
1930 1159 1962 1190 in
1983 1167 2066 1202 pro-

230 1223 415 1252 curatorem
446 1218 511 1251 vllo
540 1229 683 1263 vnquam
713 1222 860 1263 tempore
890 1219 1030 1262 eligatur
1059 1245 1066 1252 .
1096 1229 1138 1251 ne
1173 1218 1392 1252 exterioribus
1421 1218 1625 1263 prepeditus,
1655 1222 1741 1251 eirca
1772 1218 1914 1250 diuinum
1944 1217 2064 1250 cultum

229 1284 261 1313 et
293 1281 543 1312 correceionem
579 1278 733 1314 fratrum.
770 1278 923 1311 reddatur
958 1279 1085 1324 tepidus
1122 1283 1154 1314 et
1189 1281 1345 1312 remissus
1381 1306 1387 1312 .
1423 1278 1581 1312 Yolumus
1617 1282 1736 1319 eciam,
1774 1282 1804 1311 ut
1833 1281 2064 1323 procuratores

229 1351 354 1373 summa
385 1339 565 1383 diligentiaq
596 1341 683 1372 circa
706 1339 852 1372 Prelatos
882 1344 913 1372 et
935 1339 1122 1373 Canonieos
1143 1339 1269 1373 debiles
1290 1342 1351 1373 sint
1371 1342 1492 1372 intenti.
1523 1342 1668 1384 ipsisque
1689 1341 1882 1371 necessaria
1911 1337 2064 1379 tribuant,

229 1405 259 1433 et
288 1400 328 1433 de
358 1399 527 1437 Ministrisq
558 1410 624 1433 vno
654 1399 756 1432 fratre
786 1399 814 1432 el
844 1399 975 1435 famulo.
1007 1410 1065 1446 pro
1096 1399 1238 1439 Prelato„
1269 1404 1300 1433 et
1329 1399 1369 1432 de
1397 1410 1463 1433 vno
1484 1398 1584 1432 fratre
1612 1399 1663 1431 uel
1684 1398 1803 1431 famulo
1824 1409 1883 1443 pro
1903 1400 2066 1432 canonico

229 1461 371 1504 quolibet
394 1459 588 1493 iniirmitatis
609 1464 756 1505 tempore
776 1460 929 1493 studeant
950 1460 1125 1505 prouidere
1147 1487 1153 1493 .
1178 1460 1314 1493 Prelatis
1335 1464 1440 1493 autem
1461 1462 1598 1492 sanitate
1618 1458 1873 1504 perfruentilnis.
1903 1458 2065 1504 duplicem

230 1520 443 1566 prebendam„
474 1523 504 1553 in
534 1520 737 1554 nictualilius.
768 1523 902 1553 racione
931 1521 1097 1566 amplioris
1126 1520 1225 1564 ofin-ij
1248 1525 1279 1553 et
1298 1523 1419 1554 oneris.
1449 1519 1580 1553 cottidie
1609 1519 1845 1552 administrent.
1876 1518 1957 1552 Item
1979 1518 2065 1552 Pre—

231 1582 283 1613 lati
314 1585 343 1613 et
373 1580 530 1613 Canoniei
551 1580 696 1613 Almntia
728 1581 778 1613 nel
807 1580 929 1614 birreta
961 1586 990 1614 et
1013 1581 1243 1626 Superpelitia„
1274 1592 1291 1614 a
1319 1581 1430 1624 uigilia
1461 1579 1574 1613 Pasce.
1606 1591 1708 1624 usque
1737 1579 1774 1612 ad
1805 1580 1949 1623 uigiliam
1978 1578 2064 1612 beati

230 1640 413 1674 Michaelis.
443 1645 476 1674 et
504 1641 660 1686 deinceps
690 1642 823 1675 Cassas.
853 1652 958 1686 usque
987 1642 1025 1674 ad
1056 1642 1176 1674 dictam
1207 1652 1306 1686 pasce
1334 1641 1488 1685 uigiliam.
1519 1639 1667 1673 deserant
1696 1639 1892 1673 cathedralis
1921 1639 2065 1673 ecclesie

230 1712 288 1747 pro
324 1701 468 1743 honore,
502 1700 572 1734 Nisi
606 1701 698 1734 Prior
731 1713 773 1734 ex
802 1713 922 1736 causa.
959 1713 1031 1735 cum
1062 1705 1205 1747 ipsorum
1235 1702 1342 1746 aliquo
1371 1701 1565 1746 dispensarit
1591 1727 1597 1733 .
1628 1699 1766 1745 Insuper
1796 1700 2005 1734 decernimus
2033 1704 2066 1734 et

229 1761 434 1799 mandamus.
464 1761 548 1807 quod
579 1761 641 1795 duo
671 1762 821 1795 adminus
852 1762 999 1807 Capituli:
1029 1763 1200 1806 generalia
1229 1773 1287 1796 seu
1317 1762 1525 1807 principalia,
1555 1771 1614 1805 per
1642 1763 1890 1805 prenominatos
1918 1761 2065 1795 Prelatos

228 1827 260 1856 et
295 1822 485 1855 Canonieos
520 1822 673 1855 videlicet
712 1833 809 1855 vnum
841 1826 871 1855 in
907 1826 1051 1856 erastino
1080 1823 1345 1868 Assumptionis⁷
1379 1821 1526 1866 Reliqum
1564 1824 1596 1853 in
1631 1824 1776 1854 crastino
1811 1821 2064 1863 Purificationis,

228 1882 325 1916 beate
354 1882 458 1915 Marie
488 1881 651 1926 Virginis,
682 1882 847 1927 quodlibet
881 1894 940 1928 per
967 1887 1034 1917 tres
1070 1883 1140 1917 dies
1168 1883 1220 1916 uel
1249 1887 1403 1928 quatuor,
1432 1881 1640 1914 celebrentur
1670 1909 1675 1914 .
1707 1881 1742 1914 ln
1772 1881 1887 1927 quibus
1916 1886 2065 1915 tantum-

230 1942 340 1985 modo7
371 1945 494 1975 maiora
516 1945 656 1986 negocia
679 1942 894 1987 disponantur
915 1971 922 1976 .
944 1942 1014 1976 Nec
1043 1944 1141 1977 liceat
1169 1943 1347 1989 Episcopo7
1377 1941 1499 1986 absque
1519 1952 1684 1975 consensu
1714 1942 1857 1988 capituli„
1887 1946 1919 1975 et
1940 1952 1958 1975 e
1978 1952 2065 1975 con-

229 2014 349 2044 uerso,
386 2006 482 2036 etiam
521 2005 552 2035 in
590 2003 723 2036 casibus
758 2015 774 2036 a
813 2007 883 2036 iure
911 2006 1096 2049 permissis.
1136 2004 1282 2037 alienare
1310 2003 1415 2047 aliqua
1445 2001 1530 2035 bona
1561 2001 1734 2035 immobilia
1765 2005 1826 2035 nisi
1855 2002 2003 2047 capitulis
2033 2005 2064 2035 in

226 2063 350 2097 eisdem
381 2090 387 2096 .
419 2062 624 2108 Quicumque
653 2068 760 2097 autem
791 2069 904 2097 contra
935 2067 1112 2109 premissas
1135 2069 1263 2097 nostras
1293 2066 1551 2100 constitutiones„
1582 2067 1634 2096 aut
1663 2074 1774 2096 earum
1805 2063 1945 2107 aliquam
1973 2064 2066 2106 quit-

228 2126 313 2169 piam
343 2126 374 2156 in
403 2126 603 2157 eontrarium
633 2128 884 2170 attemptaueritq
915 2129 1026 2170 preter
1055 2136 1159 2170 penas
1189 2127 1339 2169 superius
1362 2124 1519 2159 adiectas„
1549 2122 1810 2163 Indignationem
1831 2125 2064 2168 omnipotentis

227 2183 291 2220 deii
321 2188 352 2216 et
380 2184 467 2217 sedis
497 2184 688 2229 apostolice*
719 2196 755 2218 se
784 2189 903 2218 sentiat
931 2188 1145 2218 contraxisse
1175 2213 1181 2218 .
1205 2185 1267 2218 Per
1295 2187 1455 2230 premissa
1484 2194 1613 2228 (pioque
1643 2188 1754 2217 nostra
1777 2187 1906 2221 statuta„
1936 2185 2064 2216 consti-

227 2243 403 2277 tutionibus
438 2255 496 2278 seu
533 2244 826 2278 consuetiuliniluis
862 2244 1097 2281 laudabilibus.
1136 2244 1304 2290 hucusque
1339 2248 1369 2277 in
1398 2243 1480 2276 dicta
1511 2243 1652 2276 ecelesia
1683 2247 1793 2279 tenus„
1822 2255 1882 2277 seu
1910 2245 2063 2283 seruans,

229 2309 283 2337 aut
302 2307 514 2349 imposterum
535 2304 779 2338 racionabiliter
800 2306 959 2339 fat-iendis
981 2306 1153 2338 dummodo
1176 2308 1295 2339 nostris
1316 2306 1484 2350 premissis
1505 2314 1568 2336 non
1591 2303 1723 2337 obuient
1744 2307 1885 2346 statutis,
1915 2304 2064 2337 uolumus

229 2364 414 2409 aliqualiter
448 2364 613 2409 derogare
647 2391 653 2398 .
691 2364 725 2398 ln
764 2377 899 2410 quorum
936 2368 1079 2399 omnium
1110 2369 1347 2405 testiinonuun,
1378 2368 1408 2397 et
1435 2363 1632 2396 euidentiam
1663 2364 1861 2409 pleniorem,
1891 2367 2064 2409 presentes

229 2423 349 2457 litteras
386 2424 502 2467 scribi,
541 2428 710 2470 nostrique
739 2429 871 2459 maioris
902 2426 1008 2470 Sigilli
1038 2429 1232 2467 munimine,
1263 2427 1416 2459 iussimus
1445 2422 1595 2456 roborari
1626 2451 1631 2457 .
1662 2424 1776 2467 Facta,
1807 2425 1892 2467 data,
1921 2429 1954 2457 et
1981 2434 2064 2469 pro-

228 2485 373 2516 nuntiata
403 2489 452 2518 est
480 2488 510 2518 in
540 2488 682 2531 scriptis‚
714 2497 851 2530 presens
873 2486 1030 2519 bonorum
1052 2486 1168 2519 diuisio
1198 2491 1227 2519 et
1257 2487 1450 2529 assignatiO„
1480 2494 1551 2516 cum
1573 2484 1859 2518 constitutionibus
1879 2483 2063 2525 antedictis,

229 2545 261 2576 in
294 2542 469 2578 Lutliouiisl
498 2573 505 2579 .
535 2548 567 2579 in
602 2546 697 2579 domo
728 2546 934 2592 Episcopati,
972 2549 1003 2580 in
1041 2550 1208 2592 presentia
1248 2545 1377 2590 capituli
1414 2543 1688 2578 Lutliomislensis
1720 2572 1726 2579 .
1761 2544 1857 2578 XVII
1887 2571 1894 2578 .
1924 2543 2061 2578 Kalend.

229 2602 425 2637 Nouembris
455 2631 461 2638 .
493 2606 589 2640 Anno
619 2606 739 2640 domini
769 2634 775 2640 .
806 2606 977 2641 Millesimo
1008 2634 1015 2640 .
1046 2607 1294 2640 Trecentesimo
1325 2632 1331 2639 .
1362 2603 1623 2648 Quadi-agesimo
1652 2608 1819 2650 septimo.
1851 2603 2063 2638 Presentibus
