2184 2828
1047 134 1132 189 2267

166 254 251 287 bono
280 253 377 287 modo
405 255 538 299 promisi
559 255 667 296 itaque
695 251 801 285 eidem
822 251 944 285 Abbati
964 256 995 284 et
1014 250 1185 292 fratribus,
1215 250 1299 297 quod
1329 250 1463 285 eosdem
1483 251 1582 285 libros
1602 254 1633 285 in
1655 250 1746 285 Vita.
1776 249 1830 283 vet
1850 251 1882 282 in
1904 253 2007 283 morte

165 325 237 347 mea
266 324 310 347 ex
337 317 466 358 integro
495 312 712 346 rehabebunt.
767 312 887 345 Actum
923 315 973 345 est
1006 315 1132 353 tamen,
1168 311 1252 356 quod
1288 314 1316 345 si
1354 311 1487 346 eosdem
1517 312 1618 346 libros
1648 322 1706 357 pro
1736 321 1788 343 nie
1823 309 2008 342 decrevero

165 378 323 416 retinere3
353 378 430 407 tunc
458 383 523 417 ego
543 372 583 406 de
612 372 714 406 tribus
742 373 803 406 illis
824 373 942 405 marcis
970 374 1003 405 in
1023 382 1127 405 censu
1149 376 1307 417 perpetuo
1336 382 1394 417 pro
1410 371 1565 418 Pytancia
1594 369 1836 416 comparandis,
1866 368 2008 403 Censum

164 439 356 480 perpetuum
391 437 487 467 unius
516 432 630 466 Marce
671 444 730 479 pro
769 433 927 477 Pytaucia
965 436 1144 465 memorata
1182 431 1223 465 de
1257 443 1330 466 inca
1364 435 1502 478 pecunia
1536 435 1596 478 ipsi
1630 431 1833 465 Monasterio
1861 429 2008 464 Debeam

167 506 379 541 comparare„
409 505 450 527 ne
471 493 620 527 Donacio
649 505 722 527 mea
749 493 887 539 provide
914 492 1001 526 facta
1029 495 1061 525 in
1091 494 1183 525 trium
1206 503 1388 526 marcarum
1417 503 1553 526 numero
1583 496 1756 525 minuatur.
1786 490 2010 524 Promiserunt

167 560 271 589 eciam
301 555 397 589 michi
426 554 512 588 idem
533 553 649 589 Abbas
679 559 712 588 et
738 554 928 587 Conventus
956 553 1149 587 Monasterii
1178 563 1277 598 supra
1306 552 1399 595 dicti,
1429 553 1513 598 quod
1542 553 1681 597 singulis
1710 550 1882 584 Mensibus
1911 560 2009 583 unum

166 617 328 650 fertonem
356 615 396 649 de
425 626 529 648 censu
550 614 698 660 predicto
728 617 758 647 in
780 616 940 660 principio
960 612 1183 647 Kalendarum
1212 616 1336 646 mensis
1357 612 1531 657 cujuslibet
1550 624 1609 658 pro
1630 623 1687 645 sua
1708 611 1891 645 resectione
1919 612 2010 644 reci-

167 681 272 723 pient,
303 681 334 710 et
363 679 446 710 sicut
474 678 535 721 ipsi
556 675 746 708 reficientur
767 672 990 720 Corporaliter
1009 673 1080 706 Deo
1101 673 1215 713 dante.r
1246 677 1286 706 ita
1309 673 1673 707 reconunendaciouem
1701 674 1895 713 animarum,
1925 680 2010 707 mee,

168 739 302 771 l'ratrum
333 741 364 770 et
392 747 560 778 sororum3
592 740 623 768 et
645 735 899 779 progenitorum
929 746 1076 768 meorum
1104 733 1220 767 eodem
1250 738 1399 780 tempore
1427 732 1549 767 facient
1568 737 1640 767 sinc
1671 733 1923 778 sollempnitate,
1954 730 2012 764 sed

167 811 238 832 rum
261 798 445 831 devocione
465 800 497 830 in
518 795 646 840 Vigiliis
668 795 874 841 Vespertinis
895 800 927 828 et
946 798 976 828 in
998 795 1121 840 aliquot
1143 793 1267 837 Missis,
1298 794 1423 828 Olliciis
1444 794 1698 828 Defunctorum.
1730 793 1770 826 de
1791 803 1887 826 mane
1907 795 2012 825 eciam

166 860 356 905 ¹<impliciter
384 857 609 893 celebrandisq
639 856 698 890 sed
728 856 831 889 semel
860 859 891 889 in
921 866 1008 889 auno
1038 855 1188 889 revoluto
1209 854 1271 888 Die
1299 853 1405 888 obitus
1433 858 1495 889 inei
1516 856 1791 888 Anniversariam
1821 854 2012 886 memoriam

168 924 329 966 peragent
357 930 482 959 meam,
518 917 652 951 fratrum
689 921 720 950 et
757 927 907 950 sororum
943 921 974 950 et
1003 916 1254 960 Progenitorum
1290 926 1456 955 meorum,
1492 927 1565 949 cum
1594 927 1632 948 ea
1663 914 1921 959 Solcmpnitate,
1951 924 2012 959 qua

168 993 225 1026 pro
259 982 378 1013 ceteris
413 981 480 1012 suis
517 976 785 1011 benefactoribus
819 979 995 1010 memorias
1033 979 1280 1010 anniversarias
1315 987 1416 1020 agere
1451 979 1710 1009 consueverunt.
1766 974 1802 1007 In
1845 975 1938 1018 quus
1967 976 2013 1007 rei

167 1043 386 1073 testimonium
417 1043 447 1072 et
477 1038 683 1071 evidenciam
714 1038 894 1083 plenariam
925 1037 1060 1082 prel'atis
1080 1036 1235 1070 fratribus
1257 1036 1377 1070 Abbati
1406 1041 1437 1069 et
1456 1037 1640 1069 Conventui
1672 1038 1860 1080 presentem
1889 1034 2013 1068 literam

169 1100 377 1134 Honorabilis
408 1099 475 1132 Viri
506 1098 655 1137 Magistri
685 1098 864 1131 llermanni
899 1097 1035 1133 Medici.
1066 1096 1224 1131 Canonici
1262 1097 1412 1131 Ecclesie
1449 1096 1678 1130 Olonuicensis
1713 1099 1745 1128 et
1780 1094 2013 1128 Areliidiaconi

171 1162 447 1195 lli-eezlaviensis.
479 1164 509 1192 et
540 1172 612 1193 ineo
644 1159 724 1192 Dedi
755 1158 870 1203 sigillis
890 1158 1090 1192 roboratam.
1120 1157 1240 1192 Actum
1270 1160 1301 1191 in
1324 1157 1454 1191 Bruuna
1484 1160 1514 1191 iu
1544 1157 1596 1190 die
1626 1157 1659 1190 S.
1684 1155 1853 1190 Benedicti
1873 1154 2014 1189 Abbatis

171 1226 269 1257 ,inno
301 1222 431 1255 Domini
460 1220 623 1254 Milesimo
654 1219 794 1253 CCCXL
824 1219 942 1253 Primo.

477 1287 561 1317 (Nacli
586 1287 644 1312 dem
669 1286 834 1311 Moiiastimn
860 1285 886 1311 Β.
914 1286 1107 1311 (istercieuser
1131 1286 1162 1311 im
1191 1285 1303 1310 Arctove
1328 1285 1374 1310 der
1399 1284 1476 1310 Abu—i
1502 1284 1640 1317 linigera.)

1042 1405 1150 1440 311.

172 1486 358 1529 Jlmlsssras
387 1485 478 1518 lsai-l
502 1488 669 1529 yestttllel
698 1484 758 1517 dei·
793 1483 895 1517 Stmlt
932 1483 1079 1527 Ztmym.
1116 1483 1235 1527 belensis*
1270 1483 1330 1516 der
1364 1481 1625 1526 Ans-bessorum)
1663 1482 1723 1515 der
1765 1483 2017 1526 einqesle'lrzten

174 1548 411 1580 Studener.
451 1546 504 1579 {lic
534 1545 712 1579 ,timidone
747 1545 807 1578 det·
834 1544 952 1577 Maulle
989 1556 1030 1577 {m
1061 1543 1151 1577 allen
1183 1544 1287 1577 Orien
1315 1554 1378 1576 ‘ron
1409 1541 1629 1586 Lmulenbmy
1659 1542 1709 1575 bis
1737 1542 1900 1576 Jamm'lz.
1957 1540 2015 1575 Dt.

612 1606 737 1650 I’rayc.
764 1607 830 1649 ser.
861 1604 921 1639 lt'.
953 1608 1033 1638 ante
1063 1604 1197 1638 Pasclee
1227 1604 1281 1646 (ll.
1312 1603 1435 1648 April)
1469 1602 1578 1636 1:331.

328 1683 417 1735 Ros
454 1701 595 1735 Karolns
624 1701 804 1734 Domini..
841 1700 944 1745 Regis
973 1700 1109 1734 Boemie
1137 1699 1394 1744 Primogenitus‚
1424 1697 1571 1732 Mai-chio
1600 1697 1768 1741 Mei-anie„
1798 1697 1852 1732 Ad
1880 1700 2019 1731 uniuer—

179 1775 286 1796 sorum
316 1766 463 1796 notitiam
493 1766 609 1796 tenore
638 1763 850 1808 presencium
881 1761 1032 1795 volumus
1060 1763 1247 1806 peruenire.
1303 1759 1396 1800 Quod
1418 1763 1599 1805 pensantes
1629 1762 1784 1804 penurias
1812 1763 1846 1794 et
1872 1769 2020 1804 oppres-

176 1836 288 1857 siones
309 1834 443 1867 graue-z
465 1822 581 1868 quibus
602 1822 715 1856 lideles
736 1825 836 1856 nostri
858 1825 950 1855 ciues
970 1824 1112 1856 ciuitatis
1128 1821 1361 1867 anmensts,
1382 1824 1444 1853 tam
1467 1824 1599 1865 propter
1617 1830 1828 1864 gwerrarum
1849 1818 2019 1854 disturbia.

175 1896 270 1929 quain
300 1887 405 1917 eciam
435 1887 609 1929 passiones
639 1883 719 1917 alias
748 1883 968 1928 multipliciter
996 1885 1146 1928 perpessi
1173 1885 1264 1923 sunt‚
1294 1880 1446 1926 quodque
1474 1879 1587 1913 Murus
1616 1879 1767 1914 ambiens
1788 1880 1960 1914 Ciuitatem
1989 1882 2019 1912 in

176 1945 344 1990 quibusuis
380 1947 448 1978 suis
487 1943 632 1990 partibus
669 1943 833 1988 collapsus
862 1947 930 1985 est,
961 1943 1047 1988 quod
1076 1954 1136 1977 suo
1165 1947 1312 1987 tempore
1342 1943 1372 1974 in
1402 1940 1609 1985 dispendium
1640 1944 1745 1975 tocius
1775 1940 1881 1975 Terre
1910 1944 2021 1974 nosti-e

177 2009 270 2045 vei-agi
302 2010 413 2051 posset
441 2010 473 2038 ct
503 2008 677 2045 iacturam,
709 2004 860 2038 volentes
896 2003 1016 2038 obinde
1044 2006 1105 2049 ipsi
1135 2002 1263 2036 Ciuitati
1300 2005 1412 2035 nostre
1441 2004 1611 2046 oportunis
1641 2001 1796 2045 remedijs
1824 2003 2021 2046 generosius

177 2067 354 2100 subuenire
375 2065 586 2104 indulgemus
606 2069 637 2098 et
658 2065 828 2102 volumus„
858 2064 942 2109 quod
974 2068 1033 2110 ipsi
1061 2067 1152 2098 ciues
1172 2074 1231 2109 pro
1259 2061 1496 2096 emendacione
1533 2062 1666 2107 predicti
1692 2061 1806 2096 Murus
1835 2060 2021 2108 incipiendo

178 2138 206 2160 in
231 2126 458 2160 lmntenlnirrb
480 2130 511 2158 et
532 2125 651 2158 abinde
672 2128 701 2158 iu
723 2125 875 2159 omnibus
904 2126 986 2159 locis
1007 2125 1252 2159 Tbeloneoruin
1272 2127 1303 2157 et
1324 2122 1467 2156 liniendo
1496 2125 1526 2155 in
1554 2125 1684 2156 ciuitate
1711 2127 1824 2157 nostra
1849 2121 2022 2168 Jampnicz

179 2188 218 2219 di·
239 2186 389 2220 omnibus
411 2186 566 2219 Curribus
587 2188 734 2219 oneratis
755 2185 907 2219 hincinde
927 2185 1191 2227 transeuntibus,
1213 2184 1252 2218 de
1272 2182 1414 2228 quolibet
1433 2193 1519 2226 equo
1541 2194 1639 2216 vnum
1662 2183 1852 2218 llallensem
1872 2185 2022 2229 recipere

182 2249 331 2280 valeant.
369 2250 488 2280 vii-tute
524 2251 553 2280 et
583 2249 776 2280 anctoritate
812 2249 1020 2291 presencium
1049 2245 1201 2292 quamdiu
1230 2248 1344 2278 nostre
1373 2243 1533 2289 placuerit
1562 2243 1741 2281 voluntati,
1771 2246 1825 2288 qui
1854 2247 1962 2278 autem
1990 2245 2020 2276 in

180 2308 319 2340 dacione
355 2308 489 2353 predicti
526 2307 686 2340 Tbelonci
723 2310 902 2340 renitentes
939 2311 993 2340 aut
1027 2306 1170 2340 rebelles
1206 2305 1325 2339 l'uerint
1351 2303 1634 2349 qualitercumque
1670 2315 1788 2349 penam
1824 2304 2021 2350 perdicionis

181 2378 337 2411 equorum
375 2367 621 2409 subintrabunt,
657 2378 721 2401 non
756 2367 962 2401 obstantibus
992 2367 1154 2413 prioribus
1187 2365 1365 2399 Tlieloueis
1394 2368 1425 2397 et
1454 2367 1640 2403 consuetis,
1671 2364 1786 2399 dandis
1815 2367 1846 2399 in
1867 2362 2020 2411 predictis

183 2428 280 2460 locis.
311 2429 425 2472 quibus·
455 2440 527 2462 cuni
558 2427 766 2474 presentibus
795 2431 824 2462 in
854 2429 942 2462 nullo
972 2428 1122 2461 uolumus
1143 2427 1308 2470 derogeri.
1337 2424 1377 2458 Et
1396 2424 1516 2458 debent
1542 2427 1602 2470 ipsi
1623 2425 1721 2459 Ciues
1742 2427 1844 2460 nostri
1871 2421 2020 2470 predicti,

182 2500 310 2520 ‹nnnein
350 2493 520 2532 pecuniam
557 2488 652 2522 modo
690 2488 875 2522 huiusmodi
909 2489 1100 2531 collectam,
1135 2498 1208 2520 cum
1245 2485 1398 2520 fidelitate
1433 2489 1463 2518 et
1501 2488 1582 2519 scitu
1613 2485 1746 2534 publico
1771 2483 1961 2531 impendere
1989 2485 2020 2516 in

183 2549 452 2581 emendavi«»nem
475 2549 625 2583 'l'urriuin
646 2553 677 2582 et
697 2548 810 2582 Murus
831 2550 979 2583 Ciuitatis
1000 2548 1180 2594 sepedicto.
1209 2545 1405 2581 Maudantes
1425 2548 1522 2587 igitur
1552 2549 1736 2580 vniuersis.
1755 2573 1762 2579 .
1792 2544 2021 2587 Tbeloniarijs,

198 2610 393 2648 {urei-auiis.
425 2609 558 2642 ciuibus
579 2614 610 2643 et
631 2609 834 2643 officialibus
862 2611 985 2644 nostris
1014 2620 1073 2654 per
1101 2607 1281 2642 Morauiam
1309 2605 1584 2652 quibuscumque,
1615 2606 1785 2647 Quatenus
1812 2608 1902 2651 ipsos
1923 2603 2021 2638 ciues
