2184 2828
1045 122 1118 157 783

154 241 345 276 utilitatibus
374 245 405 275 et
433 243 648 286 pertinenciis
679 240 828 275 Civitatis
866 246 898 274 et
928 241 1079 275 villarum
1124 239 1359 286 predictarum„
1389 241 1504 276 damus
1534 247 1566 276 et
1594 243 1798 278 conserimus
1827 245 1868 278 de
1896 249 2011 290 gracia

155 302 294 349 speciali
322 313 382 348 per
411 312 485 335 eum
514 304 546 335 in
576 307 688 336 nostra
717 307 749 335 et
777 301 937 336 heredum
957 306 1149 335 nostrorum
1177 300 1334 335 fidelitate
1363 308 1562 347 manentem,
1584 316 1622 338 ac
1651 304 1748 338 uobis
1778 310 1809 339 et
1833 305 2012 341 heredibus

155 365 276 397 nostris
306 373 365 396 sua
395 362 503 396 tidelia
533 366 676 396 servicia
710 365 867 397 continue
907 362 1143 405 exhibentem,
1172 361 1326 396 habenda
1365 367 1397 396 et
1425 366 1531 398 eciam
1560 365 1745 407 retinenda,
1775 365 1838 400 hoc
1867 367 2010 409 adiecto„

156 423 243 469 quod
272 426 299 456 si
329 423 427 469 aliqui
463 422 548 456 infra
585 426 732 469 spacium
770 423 996 469 predictorum
1039 424 1214 457 miliarium
1249 434 1314 468 que
1342 425 1374 456 in
1404 435 1548 458 ascensu
1582 430 1615 460 et
1642 428 1676 460 in
1705 426 1872 461 descensu
1902 428 2012 462 Wislc

155 487 247 518 etin
282 483 382 517 latum
416 494 476 529 per
510 488 630 517 terram
668 484 729 517 sibi
765 486 995 518 concessimus
1036 483 1238 518 hereditates
1273 484 1326 517 vel
1364 484 1426 518 alia
1463 484 1549 519 bona
1587 486 1771 524 habentes„
1802 499 1860 522 eas
1889 489 1942 522 vel
1972 500 2011 522 ea

154 545 304 578 vendere
333 545 511 586 voluerint7
542 548 646 590 primo
685 545 793 578 eidem
822 544 921 579 Petro
950 545 1084 579 venalia
1124 543 1314 588 exhibeant,
1344 549 1378 579 et
1406 548 1434 579 si
1463 545 1570 580 dictus
1600 547 1718 582 Petrus
1748 548 1834 582 idem
1863 552 2011 594 precium

154 605 241 651 quod
270 605 324 639 alii
352 616 411 651 pro
441 604 680 639 hereditatibus
710 606 765 639 vet
793 605 888 640 bonis
918 605 1106 640 huiusmodi
1135 605 1263 648 darent,
1285 605 1365 639 dare
1393 606 1547 650 voluerit,
1577 618 1615 641 ea
1646 608 1794 643 vendere
1822 609 2012 644 volentibus

153 666 324 700 vendendi
353 667 425 700 aliis
454 677 550 712 quam
581 665 643 700 sibi
672 677 804 700 omnem
833 666 948 700 harum
979 669 1067 701 serie
1096 666 1275 701 auferimus
1303 671 1513 712 potestatem⁷
1544 668 1634 702 Idem
1664 674 1774 703 tamon
1804 670 1920 705 Petrus
1949 682 2009 716 pro

153 726 250 761 bonis
279 738 342 773 que
379 726 500 760 ibidem
529 730 662 770 emerit,
701 727 742 760 ad
779 726 896 761 eadem
933 727 1029 761 nobis
1059 731 1212 761 teneatur
1246 730 1409 771 servicia,
1439 727 1479 761 ad
1509 740 1572 774 que
1601 729 1644 762 illi
1673 734 1727 776 qui
1756 742 1796 765 ea
1826 735 1916 777 prius
1946 731 2012 765 lia—

152 788 295 822 buerant
322 787 532 822 tenebantur.
562 787 781 822 Absolvimus
810 791 947 833 insuper
976 787 1127 823 homines
1157 787 1308 823 Civitatis
1337 792 1369 822 et
1396 788 1548 823 villarum
1577 790 1800 835 predictarum
1831 791 1871 826 ab
1901 803 2011 826 exac-

154 848 305 883 cionibus
341 859 405 893 que
447 851 479 882 in
508 849 639 893 vulgari
670 848 828 882 Polonieo
864 853 1030 883 vocantur
1066 848 1265 892 Ponolowe,
1294 848 1444 893 Mostne‚
1474 849 1649 884 Psriewod
1679 863 1695 885 a
1724 863 1831 886 vacca
1861 853 1960 892 hove„
1990 866 2008 887 a

152 912 312 955 pincerna
342 913 373 943 et
400 912 614 955 reparatione
643 914 675 943 et
704 909 855 943 custodia
877 908 1073 944 Castrorum
1103 915 1135 944 et
1165 910 1237 944 aliis
1266 909 1418 944 omnibus
1448 911 1687 945 exaccionibus
1716 913 1889 958 polonicis5
1922 926 2011 960 quo-

154 981 285 1016 cunque
312 973 446 1003 nomine
474 975 717 1016 nuncupentur.
744 975 777 1003 et
805 970 892 1015 quod
921 981 1036 1004 coram
1065 970 1153 1004 nullo
1178 971 1290 1015 J‘udice
1319 973 1413 1005 citari
1442 972 1497 1005 vel
1526 972 1735 1018 respondere
1764 974 1918 1016 debeant,
1946 978 2010 1009 nisi

154 1041 227 1064 cum
258 1031 448 1076 specialiter
476 1042 535 1076 per
563 1036 694 1065 nostras
725 1031 848 1064 litteras
878 1033 966 1065 citati
996 1031 1130 1075 suerint,
1160 1032 1215 1066 vel
1243 1043 1304 1078 per
1333 1043 1407 1066 eum
1435 1035 1487 1066 cui
1517 1034 1707 1079 specialiter
1735 1045 1835 1081 super
1855 1035 1917 1069 hoc
1946 1036 2011 1069 de-

154 1091 301 1125 derimus
334 1096 543 1137 potestatem.
600 1091 637 1125 In
670 1095 764 1125 cuius
800 1095 847 1125 rei
883 1095 1110 1126 testimouium
1147 1097 1325 1138 presentes
1355 1093 1480 1127 litteras
1520 1094 1589 1128 fieri
1619 1099 1651 1128 et
1680 1096 1796 1140 sigillis
1825 1095 2011 1131 Maiestatis

153 1156 267 1186 nostre
304 1155 460 1186 iussimus
494 1155 700 1186 communiri.
757 1152 876 1186 Datum
915 1152 1053 1186 Bronne
1095 1164 1182 1187 anno
1218 1153 1341 1187 domini
1383 1153 1559 1189 Millesimo
1595 1155 1849 1190 Trecentesimo
1891 1160 2007 1203 primo.

152 1212 278 1254 Quarto
308 1213 468 1247 kalendas
497 1213 586 1257 Julii7
608 1214 734 1254 Quarta
764 1213 892 1247 decima
922 1213 1126 1257 Indiccione‚
1156 1225 1243 1248 anno
1264 1214 1458 1260 Regnorum
1486 1220 1674 1250 nostrormu
1696 1216 1855 1251 Bohemie
1876 1217 2010 1261 Quinto,

152 1273 290 1308 Polonie
319 1284 402 1308 vero
430 1277 546 1320 primo.

463 1353 560 1387 (Xffngt
586 1353 652 1379 (mi
678 1354 788 1388 dudem.
815 1352 920 1379 Pmffisu
945 1353 1018 1379 T.l⁴
1056 1363 1081 1388 p,
1118 1354 1155 1380 47
1188 1362 1212 1380 ir
1238 1354 1447 1381 xxxix.1mch
1473 1357 1547 1382 ehwr
1571 1358 1646 1390 firm:
1673 1357 2009 1390 AbsdnsstiuigrOffien

564 1406 834 1439 Privilcgicn-But-he
859 1407 907 1431 ‹lt-s
933 1407 996 1435 geli.
1024 1406 1087 1432 hon.
1114 1414 1217 1440 preuss,
1244 1407 1375 1434 Archives
1401 1417 1426 1442 pl
1451 1408 1582 1439 xxxix.)

1038 1526 1139 1562 159.

151 1604 343 1649 ›S'z'e9fi·e'ecl‚
381 1609 530 1650 yemmnl
567 1617 628 1639 ron
664 1604 820 1641 Barulle„
858 1604 1000 1638 seheulct
1044 1606 1105 1638 (len
1142 1605 1301 1650 Biirqertz
1329 1618 1395 1641 con
1430 1607 1612 1642 Hultselez'u
1654 1610 1750 1642 einen
1794 1609 1907 1643 lev‘nler
1948 1611 2008 1644 der

150 1665 254 1700 Stmlt
291 1677 344 1699 αηι
380 1666 502 1700 Flusse
545 1666 674 1710 Opawa
706 1666 894 1709 yelegsenen
932 1665 1059 1700 Aelcer.
1117 1666 1176 1700 De.
1222 1668 1312 1711 apud
1348 1667 1505 1705 Landeli.
1558 1669 1591 1704 Γ.
1637 1670 1782 1703 Ii'aleml.
1824 1671 2009 1704 Februarii

871 1725 951 1767 (28.
983 1726 1137 1769 damner]
1171 1727 1280 1762 1303.

305 1803 350 1856 'n
371 1826 507 1857 nomine
536 1822 657 1856 domini
687 1833 794 1857 amen.
828 1821 912 1863 Quia
934 1833 1007 1855 cum
1037 1822 1141 1856 fallax
1170 1827 1273 1857 status
1301 1826 1342 1858 sit
1370 1823 1466 1858 huius
1487 1825 1596 1859 mundi
1626 1831 1658 1860 et
1686 1828 1894 1870 inconstans,
1917 1827 2005 1872 quod

151 1885 183 1915 in
217 1882 378 1928 aliquibus
416 1887 527 1929 patet,
566 1886 618 1929 qui
652 1883 931 1929 predecessorum
970 1893 1104 1916 suorum
1139 1882 1297 1918 honestas
1334 1884 1529 1920 donationes
1563 1898 1630 1920 nou
1665 1891 1796 1930 curant,
1836 1898 1899 1921 nec
1932 1892 2004 1922 rata

150 1946 264 1977 tenere
283 1943 473 1978 desiderant
500 1944 559 1979 sed
579 1947 687 1989 magis
715 1944 854 1987 uiolare,
877 1943 965 1977 vnde
994 1943 1090 1977 ualde
1119 1948 1169 1978 est
1189 1947 1431 1989 necessarium,
1453 1950 1487 1981 vt
1514 1945 1669 1981 nobilium
1699 1947 1863 1991 condigna
1890 1948 2007 1982 tii-ma-

149 2009 277 2048 menta,
307 2017 371 2052 que
407 2005 637 2040 irreuocabilia
666 2004 788 2039 debent
816 2007 1014 2050 persistere:
1045 2015 1128 2038 sano
1158 2016 1197 2038 ac
1225 2005 1331 2039 stabili
1359 1994 1538 2041 numimine
1571 2019 1644 2041 cum
1674 2011 1761 2041 omni
1790 2008 2005 2053 prouidencia

149 2068 500 2110 circumarmarentur‚
546 2071 578 2100 et
613 2077 655 2100 ne
689 2069 905 2111 imposterum
950 2076 1010 2111 per
1045 2065 1186 2110 aliquem
1224 2066 1334 2100 uiliter
1368 2070 1496 2113 possint
1530 2069 1667 2111 uiolari7
1703 2067 1788 2102 lIiuc
1821 2073 1887 2112 cst,
1917 2070 2004 2115 quod

149 2136 210 2159 nos
239 2125 391 2161 siffridus
425 2126 531 2161 dictus
564 2127 604 2161 de
640 2125 763 2161 Baruth
800 2127 839 2160 ad
876 2136 996 2171 preces
1029 2126 1172 2161 fidelium
1208 2130 1327 2161 ciuium
1360 2132 1546 2163 nostrorum
1583 2129 1623 2163 de
1661 2129 1799 2163 Hulczin
1837 2129 2003 2165 beneuolo

148 2189 258 2220 animo
286 2187 448 2230 inclinati,
477 2190 553 2234 quia
589 2198 663 2221 cum
698 2190 820 2233 petitur
848 2187 933 2233 quod
964 2189 1087 2221 iustum
1116 2192 1168 2221 est
1196 2187 1292 2222 decet
1320 2188 1489 2233 exaudiri,
1519 2192 1599 2236 ipsis
1628 2201 1778 2235 campum
1809 2195 1886 2224 aute
1914 2194 2005 2225 ciui—

146 2252 247 2282 tatem
281 2251 369 2281 retro
398 2247 511 2283 hortos
552 2253 686 2283 nostros
714 2260 820 2295 vsque
850 2248 888 2282 ad
919 2248 1039 2281 flumen
1070 2248 1156 2294 quod
1186 2248 1324 2295 Oppaua
1365 2254 1503 2284 uocatur
1536 2255 1569 2284 et
1596 2261 1696 2284 secus
1725 2250 1847 2284 flumen
1875 2262 2005 2286 ascen-

147 2308 256 2343 dendo
284 2318 392 2353 vsque
421 2308 460 2342 ad
489 2313 648 2344 terminos
686 2310 808 2344 domini
839 2308 958 2342 Sbislai
996 2311 1049 2354 qui
1080 2308 1262 2353 uulgariter
1288 2313 1460 2354 graniczin
1490 2315 1724 2357 nuncupantur
1759 2315 1791 2345 et
1821 2323 1928 2358 vsque
1957 2312 1997 2345 ad

147 2380 248 2414 agros
276 2371 421 2414 ipsorum
450 2371 568 2404 ciuium
597 2381 657 2416 per
684 2370 866 2416 predictum
897 2372 1069 2403 circuitum
1102 2370 1340 2414 longitudinem
1368 2371 1637 2417 latitudinemque
1667 2382 1727 2417 pro
1755 2375 1890 2418 pascuis
1920 2375 2000 2406 ani-

146 2430 278 2464 malium
308 2432 455 2475 ipsorum
484 2431 697 2466 concedimus
726 2436 759 2465 et
787 2431 949 2464 donamus
979 2441 1052 2463 cum
1083 2433 1171 2464 omni
1200 2431 1360 2475 vtititate,
1389 2434 1475 2467 sicut
1503 2437 1599 2466 antea
1629 2431 1669 2465 ab
1699 2432 1815 2467 illustri
1846 2433 2000 2479 Principe

146 2490 279 2524 domino
307 2490 402 2534 Rege
431 2488 538 2523 seticis
567 2494 725 2526 memorie
755 2491 917 2535 Ottogaro
954 2489 1157 2535 hahuerunt,
1187 2494 1236 2525 sic
1264 2491 1409 2526 habeant
1436 2497 1469 2527 et
1497 2492 1691 2539 possideant
1717 2492 1835 2536 libere,
1866 2497 2001 2538 insuper

145 2553 232 2585 uiam
269 2549 524 2596 interpredictos
559 2550 672 2586 hortos
700 2552 740 2586 ad
769 2552 915 2598 predicta
951 2562 1077 2597 pascua
1106 2554 1137 2585 in
1166 2552 1369 2586 latitudinem
1399 2553 1513 2587 decem
1543 2555 1722 2595 uirgarum.
1752 2553 1824 2587 Hcc
1853 2559 1998 2595 seruata7

146 2616 216 2646 rata
246 2612 405 2657 firmaque
436 2611 585 2645 uolumus
614 2622 673 2657 per
701 2624 762 2647 nos
791 2618 823 2646 et
851 2624 968 2647 omnes
998 2623 1216 2647 successores
1246 2617 1379 2648 nostros
1407 2614 1692 2648 interminabiliter
1719 2614 1903 2649 obseruari.
1961 2615 1999 2649 ln

1793 2675 1851 2702 99*
