2184 2828
1050 121 1121 155 202

169 240 296 281 liborio,
319 239 551 285 Prsydeborio.
574 238 778 283 lleynecone
798 238 838 272 de
858 237 1010 274 Bludow„
1031 237 1193 283 Epycone
1212 236 1253 270 de
1272 236 1408 279 IIrathm
1431 237 1593 272 militibus.
1616 236 1712 270 Petro
1738 241 1770 270 et
1791 235 2004 270 Franczcone

169 303 314 343 notariis,
346 311 418 334 cum
449 300 520 333 aliis
550 299 656 332 multis
686 298 748 332 lide
776 299 897 344 dignis.

475 378 560 407 mach
578 377 636 403 dem
656 377 729 412 Orig.
756 379 787 403 im
803 378 917 403 Archive
941 377 1084 403 desselben
1101 376 1222 402 Klosters
1238 375 1282 401 Μ’.
1304 375 1362 401 118
1381 376 1431 402 und
1453 375 1520 403 119.
1539 375 1695 410 mitgelheilt
1715 374 1757 400 Dr.
1777 374 1806 400 G.
1827 375 1858 400 A.
1877 374 2007 405 Steuzei.)

1037 486 1143 522 279.

171 568 359 613 Markyraf
380 567 472 601 lsai-l
499 566 663 603 erklarel.
692 567 772 600 dass
801 578 839 600 ei·
877 577 939 600 ron
973 566 1043 599 clem
1075 565 1246 598 Olme‘ztz-er
1278 565 1442 609 Be'scleofe
1475 565 1612 599 Johaim
1650 564 1711 597 {len
1748 562 1804 596 bei
1836 562 2010 596 Bellfowic

170 630 356 673 yeleyenen
384 627 478 672 Bery
511 627 664 672 Tepeneo
690 627 833 672 gyelwelft
861 625 960 661 habe.
991 638 1040 659 mn
1078 625 1209 669 darauf
1236 625 1297 659 slas
1335 625 1475 659 Seliloss
1508 624 1750 669 Tiringyeubety
1779 635 1820 657 z-ec
1848 622 2008 656 erbonem.

489 687 547 721 Dl.
582 688 757 722 Olomuee'e'.
787 689 819 720 2¹12
848 688 902 720 die
931 686 982 720 bh.
1013 686 1112 719 Petri
1138 689 1172 719 et
1201 685 1303 719 Paule?
1332 685 1412 728 (29.
1441 686 1541 728 Jeznef)
1576 685 1684 718 1340.

324 764 413 818 Ros
441 783 584 818 Karolus
613 783 735 817 domini
769 785 860 827 regis
889 781 1048 815 Bohemie
1083 783 1332 826 primogenium,
1369 781 1514 815 marchio
1535 780 1697 822 Meu-avie,
1728 782 2011 824 recognoscimus-

171 849 200 877 ct
222 844 261 877 ad
283 847 514 878 vniuersorum
535 846 689 877 noticiam
710 842 862 877 volumus
883 847 999 877 tenore
1019 844 1229 887 presencium
1258 844 1443 887 pei-uenire,
1465 842 1550 886 quod
1577 852 1650 875 cum
1671 844 1814 874 montem
1835 839 2013 886 Tepeuecz

171 904 254 938 inii-a
297 905 416 938 limites
449 904 608 938 bonorum
643 903 880 949 episcopalium
915 914 1019 948 prope
1054 902 1255 936 Bieleowicz
1284 905 1379 936 situm
1417 913 1434 935 a
1470 901 1653 936 venerabili
1695 900 1825 935 domino
1862 899 2013 934 Johanne

170 976 329 1011 episcopo
370 964 582 999 Olomucensi
623 967 876 1008 consanguineo
911 968 1024 997 nostro
1061 965 1234 997 carissimo
1271 962 1394 1009 pridem
1429 965 1607 996 emerimus
1641 966 1674 995 et
1715 961 1929 1006 episcopalia,
1973 971 2013 994 ac

172 1027 317 1059 ecclesie
351 1030 383 1059 et
417 1028 654 1059 canonicorum
684 1024 951 1059 Olomucensium
981 1023 1066 1057 bona
1105 1023 1211 1057 eidem
1240 1025 1340 1056 monti
1375 1022 1559 1057 adiaeeant.
1590 1033 1630 1056 ne
1667 1032 1826 1068 processu
1856 1023 2013 1066 temporis

174 1097 231 1131 per
268 1085 505 1120 inhabitatores
541 1088 640 1119 castri
677 1084 959 1130 Twiiigenbercli,
994 1083 1078 1129 quod
1115 1086 1147 1117 in
1184 1086 1256 1129 ipso
1292 1088 1402 1117 monte
1436 1088 1630 1117 construere
1664 1082 1885 1125 decrivimus,
1921 1080 2014 1115 honis

172 1150 261 1192 ipsis7
292 1151 323 1179 et
351 1146 537 1180 hominibus
568 1145 737 1192 dispendia
767 1148 926 1185 oriantur,
956 1156 1056 1190 super
1084 1144 1146 1188 hijs
1174 1147 1327 1189 graciose
1348 1143 1500 1178 duximus
1520 1142 1771 1189 prouidendum,
1793 1142 2014 1184 declarantes,

173 1206 258 1251 quod
288 1211 430 1241 montem
460 1209 564 1253 ipsum
600 1207 704 1240 solum
738 1217 755 1240 a
792 1209 978 1240 summitate
1013 1207 1147 1239 verticis
1184 1216 1286 1251 vsque
1323 1204 1362 1238 ad
1390 1204 1496 1239 valles
1531 1207 1699 1250 proximas
1737 1207 1769 1237 et
1797 1202 2014 1244 immediatas,

172 1271 426 1313 circumquaque
454 1270 603 1310 emimus,
634 1267 691 1301 sed
721 1269 752 1301 iu
782 1267 884 1310 siluis,
912 1266 1048 1308 rubetis,
1075 1268 1190 1311 pratis,
1219 1267 1362 1311 pascuis,
1391 1267 1492 1309 agris*
1522 1263 1775 1307 venat-ionibus,
1804 1267 1836 1298 et
1863 1274 2016 1308 aucupa-

173 1327 333 1369 ‹tioiiibus‚
351 1328 511 1362 bonorum
527 1332 558 1362 et
574 1327 739 1361 homiuum
761 1327 993 1373 predictorum,
1014 1337 1053 1360 ac
1074 1326 1223 1360 villarum
1244 1325 1479 1361 adiacencium.
1502 1325 1599 1359 nichil
1620 1324 1714 1358 nobis
1736 1327 1814 1358 iuris
1834 1323 2015 1358 vendicare

173 1389 224 1421 vei
255 1388 295 1421 ad
331 1393 474 1422 castrum
503 1391 608 1434 ipsum
638 1388 802 1431 atrahere,
832 1399 895 1422 nec
923 1388 1012 1432 ligna
1041 1389 1073 1421 in
1103 1387 1193 1421 siluis
1223 1389 1301 1433 ipsis
1331 1386 1503 1420 succidere
1523 1397 1585 1419 nec
1606 1385 1721 1419 eadem
1742 1385 1782 1418 de
1802 1383 1890 1418 sacto
1919 1383 2015 1418 nobis

174 1449 246 1482 vilis
282 1449 484 1495 temporibus
513 1460 674 1495 usurpare
710 1453 764 1483 aut
799 1460 859 1495 per
891 1460 952 1483 nos
986 1448 1038 1482 uel
1075 1459 1135 1493 per
1168 1449 1364 1494 purgrauios
1399 1457 1458 1480 seu
1493 1445 1653 1480 osticiales
1689 1450 1832 1488 nostros,
1868 1444 2018 1478 homines

175 1514 263 1555 ipsos
292 1510 332 1543 ad
361 1510 490 1544 edilicia
510 1513 608 1544 castri
637 1513 748 1556 ἱρείης,
771 1515 824 1544 aut
850 1514 1006 1543 vecturas
1033 1509 1158 1554 aliquas
1184 1508 1330 1550 robotas,
1350 1509 1564 1543 exaccioims,
1586 1506 1731 1540 subsidia
1757 1504 2018 1539 molendinorum

174 1575 203 1603 et
239 1570 482 1604 obstaculorum
518 1574 755 1617 rcparacioucs
795 1570 995 1616 compellere
1031 1569 1224 1603 debebimus
1259 1579 1321 1602 nec
1354 1570 1493 1613 permitti
1523 1578 1581 1612 per
1618 1569 1808 1612 qvcmpiam
1843 1568 2018 1605 coarctari,

175 1635 225 1664 aut
262 1634 293 1664 iu
328 1634 436 1665 stratis
472 1636 504 1665 ct
533 1633 597 1676 vijs
626 1636 740 1665 contra
779 1634 929 1677 antiquas
963 1629 1220 1664 consuetudines
1255 1628 1423 1675 impedire.
1457 1632 1488 1661 et
1521 1630 1547 1662 si
1585 1627 1715 1672 aliquod
1754 1627 1941 1661 theloneum
1977 1626 2017 1659 de

176 1703 262 1725 nouo
291 1692 343 1725 uel
373 1692 478 1726 forum
514 1695 546 1726 in
585 1695 706 1726 vicinio
741 1694 917 1736 contigerit
950 1693 1138 1728 instaurariq
1174 1690 1214 1724 ad
1248 1689 1324 1723 illud
1352 1688 1538 1723 theloneum
1574 1687 1786 1734 prestandum
1822 1686 1875 1721 uel
1911 1686 2017 1720 sorum

176 1752 374 1786 visitandum
396 1753 472 1787 dicti
493 1752 644 1787 homines
664 1752 815 1799 compelli
837 1763 902 1786 non
923 1751 1099 1794 deminum
1121 1755 1152 1784 et
1172 1753 1198 1785 si
1218 1750 1315 1795 aliqui
1334 1761 1377 1783 ex
1395 1751 1473 1795 ipsis
1491 1748 1594 1782 lorum
1612 1748 1795 1782 huiusmodi
1813 1749 2018 1782 visitauerint

177 1813 260 1846 uuila
291 1817 425 1847 racione
454 1813 505 1848 uei
535 1816 715 1848 occasione
743 1816 914 1859 occupari7
944 1824 1003 1846 seu
1032 1814 1188 1857 agrauari
1216 1810 1380 1845 debebunt
1408 1821 1470 1844 nec
1499 1812 1604 1843 eciam
1634 1811 1784 1843 arestari.
1821 1808 2020 1852 Pul-grauius

176 1877 293 1910 eciaim
323 1876 375 1919 qui
405 1885 462 1920 pro
492 1879 639 1920 tempore
668 1874 776 1916 fuerit,
806 1885 879 1908 cum
908 1876 975 1907 suis
1005 1873 1090 1907 uuila
1120 1871 1305 1906 hominibus
1334 1873 1412 1916 ipsis
1442 1870 1561 1904 inserat
1599 1872 1796 1914 grauamiua
1827 1873 1902 1915 apul
1932 1871 2021 1914 ipsos

176 1934 401 1979 pernoctando
436 1935 487 1969 uel
522 1946 691 1981 expensas
727 1934 767 1968 ab
803 1938 851 1968 eis
888 1935 1014 1980 aliquas
1051 1938 1105 1968 aut
1137 1932 1288 1979 pabulum
1324 1930 1501 1976 exigendo.
1539 1930 1688 1964 homiues
1725 1932 1830 1963 eciam
1859 1931 1962 1963 nostri
1990 1932 2020 1962 et

177 1998 344 2039 terri-„gene
373 1995 411 2029 ad
442 1996 694 2041 expedicionem
725 1999 936 2029 transcuntes
965 1997 997 2028 in
1038 1994 1174 2040 prefatis
1210 1993 1305 2027 bouis
1340 1996 1539 2038 pernoctare
1575 1991 1626 2024 uel
1661 2002 1786 2024 moram
1816 1989 1928 2024 facere
1957 1999 2021 2023 non

177 2055 354 2098 dcbcbuut,
383 2066 445 2092 nec
475 2059 563 2101 ipsos
592 2059 622 2089 iii
653 2059 789 2090 transitu
819 2055 1024 2101 aliquatenus
1053 2055 1244 2088 molestare.
1299 2052 1368 2088 Nos
1405 2063 1535 2097 quoquc
1564 2051 1690 2095 absque
1719 2050 1854 2096 speciali
1883 2050 2021 2084 licencia

177 2121 209 2149 ct
244 2116 328 2150 bona
367 2116 536 2151 voluntate
571 2116 691 2150 domiui
727 2119 875 2162 episcopi
912 2115 963 2150 uel
998 2126 1231 2150 successorum
1266 2123 1398 2148 suorum
1436 2112 1521 2146 nulla
1556 2111 1640 2145 bona
1670 2114 1700 2146 in
1730 2111 1845 2145 eodem
1875 2110 2022 2145 districtu

178 2188 194 2209 a
225 2179 293 2210 suis
322 2176 506 2211 feodalibus
536 2187 690 2222 vmqvam
719 2176 912 2210 debebimus
940 2186 1146 2222 comparare.
1176 2175 1329 2209 l'reterea
1358 2175 1384 2207 si
1413 2175 1444 2206 iu
1475 2172 1621 2218 predicto
1647 2176 1760 2205 castro
1789 2170 1905 2205 suturis
1934 2175 2022 2205 tem-

180 2237 310 2281 poribus
339 2238 481 2271 villicum
504 2248 782 2283 poprawczoncm
812 2237 863 2271 uel
892 2237 988 2270 alium
1009 2239 1161 2283 quemvis
1181 2234 1354 2269 officialem
1376 2235 1495 2267 institui
1523 2244 1582 2267 scu
1608 2232 1769 2278 residere,
1796 2231 1850 2266 vel
1877 2236 2020 2266 castrum

179 2299 281 2341 ipsum
313 2303 426 2332 leuci-c
464 2303 518 2332 aut
549 2298 707 2342 jiidicium
736 2298 820 2332 zude
849 2297 925 2332 inibi
954 2298 1109 2331 collocari
1138 2297 1347 2339 contingerit,
1377 2293 1439 2328 hoc
1473 2295 1607 2327 omuino
1646 2292 1771 2338 absque
1799 2292 1959 2327 honorum
1989 2295 2021 2324 et

181 2357 344 2391 hommum
367 2359 584 2404 predictorum
606 2359 660 2392 fiat
680 2358 849 2405 dispendio
869 2363 901 2392 et
921 2360 1064 2399 iactura3
1086 2357 1271 2403 piu-grauiJS
1291 2356 1389 2389 casiri
1412 2356 1511 2399 ipsius
1538 2364 1596 2387 seu
1625 2354 1734 2387 villico
1761 2364 1800 2387 ac
1826 2351 2020 2387 officialibus

181 2417 362 2452 huiusmodi
402 2422 433 2453 iu
470 2422 549 2465 ipsis
586 2419 703 2453 nullam
738 2419 1004 2452 iurisdiceiouem
1040 2422 1246 2464 potestatem,
1282 2417 1330 2449 ius
1370 2414 1421 2448 vel
1464 2414 1641 2448 dominium
1677 2416 1809 2460 penitus
1851 2411 2018 2447 habituris.

182 2477 306 2512 l'rimus
336 2490 465 2525 quoquc
500 2483 706 2526 pai-grauius.
743 2490 837 2524 qui-m
876 2482 906 2513 in
942 2479 1027 2513 dicto
1062 2483 1171 2512 castro
1206 2478 1351 2523 primitus
1387 2477 1635 2510 instituerimus*
1671 2474 1814 2508 dominio
1850 2475 2021 2519 episcopo,

181 2544 210 2572 et
237 2539 380 2584 capitulo
402 2551 461 2572 suo
483 2541 692 2573 olomucensi
715 2540 830 2573 iurabit
852 2543 1010 2585 premissa
1030 2541 1138 2572 omnia
1160 2542 1191 2571 ct
1211 2536 1339 2581 singula
1366 2540 1491 2569 tenere.
1517 2540 1547 2569 ct
1577 2534 1806 2569 inuiolabiliter
1829 2533 2021 2571 obseruare,

182 2611 220 2633 ac
251 2600 291 2633 de
319 2604 430 2633 castro
460 2602 543 2644 ipso.
580 2601 652 2634 dum
683 2600 908 2634 destitucndus
937 2599 1044 2641 suerit,
1074 2608 1278 2644 nequaquam
1308 2596 1443 2635 cedere,
1473 2598 1532 2630 nisi
1561 2599 1649 2641 prius
1671 2598 1709 2633 is,
1730 2597 1782 2641 qui
1803 2603 2021 2628 successurus
