2184 2828
1077 129 1150 165 932

185 249 335 295 speciali.
367 248 402 282 Si
431 251 504 293 quis
533 258 645 281 eorum
676 252 791 280 contra
821 247 938 281 fecerit
967 250 998 280 in
1028 247 1143 280 decem
1174 246 1303 279 talentis
1332 246 1541 279 denariorum
1571 257 1629 291 pro
1659 249 1734 280 vice
1770 246 1913 292 qualibet
1946 259 2036 281 con—

187 310 393 354 dempnetun
424 308 459 341 Si
489 319 572 342 vero
602 308 718 352 aliquis
749 311 1004 341 monetariorum
1035 307 1088 340 vel
1118 306 1316 340 fabricarum
1346 309 1494 350 magistri
1524 307 1579 339 vel
1608 306 1724 340 nobilis
1761 308 1813 340 vel
1849 310 2036 353 quicunque

187 372 270 403 alius
300 372 537 413 cuiuscumque
567 368 771 401 condicionis
801 371 875 402 sive
904 371 992 413 prius
1023 372 1198 401 accusatus
1228 366 1268 400 de
1298 366 1380 400 salso
1411 367 1463 400 vel
1502 370 1706 412 proscriptus
1740 368 1793 400 vel
1832 370 2034 413 inposterum

188 434 363 463 accusatus
393 430 501 471 suerit7
532 429 685 462 volumus
715 428 800 473 quod
830 428 870 462 de
899 432 972 474 ipso
993 428 1048 461 fiat
1069 430 1235 471 magistris
1257 432 1388 461 monete
1408 429 1549 467 iusticia„
1571 425 1617 460 Ita
1639 427 1723 472 quod
1745 438 1822 460 reus
1843 431 2036 473 pecuniarie

185 494 338 535 puniatur
372 490 558 523 inhibentes
593 500 770 534 expresse,
806 500 848 522 ne
886 492 957 533 quis
987 489 1126 533 aliquem
1158 487 1312 521 infamem
1346 491 1398 533 qui
1429 490 1513 520 sciat
1542 487 1707 521 fabricare
1736 488 1891 521 denarios
1920 493 2035 522 servet

189 551 242 584 wt
273 556 402 584 tueatur
431 554 461 584 in
492 551 589 583 ‹lomo
618 549 775 583 sua.Sed
806 550 956 583 volumus
986 548 1071 593 quod
1103 548 1142 581 ad
1172 551 1428 592 requisicionem
1459 550 1689 591 magistrorum
1720 552 1853 581 monete
1882 550 1977 582 iurati
2002 553 2035 582 et

185 612 283 645 index
313 614 457 645 civitatis
486 611 648 655 repellant
677 621 751 643 eum
781 609 820 643 de
849 612 984 642 civitate
1019 611 1101 642 sicut
1137 611 1335 654 suspicionis
1371 613 1480 641 notum
1511 613 1541 641 et
1575 611 1808 654 quinquaginta
1839 608 2032 643 talentorum

185 675 235 706 cui
264 684 322 705 cos
353 675 378 704 si
408 676 522 704 contra
558 670 697 704 fecerint
733 670 898 703 obnoxios
933 681 1010 703 esse
1044 669 1197 702 volumus
1235 672 1433 714 cupiverunt
1467 671 1595 702 evitare
1631 671 1733 702 eciam
1770 671 1845 714 quia
1882 669 2034 703 volumus

186 733 271 777 quod
304 733 427 765 l'alsarii
458 732 498 765 de
527 736 613 765 terra
644 735 758 764 nostra
788 733 918 776 penitus
948 733 1176 775 exstirpentur
1205 741 1267 763 nec
1297 733 1337 763 sit
1366 730 1457 763 locus
1486 732 1534 762 eis
1564 730 1616 762 vel
1646 733 1778 763 occasio
1808 729 2034 764 commorandi

184 797 214 827 in
245 797 313 839 ipsa
345 793 468 826 Damus
497 797 612 825 tenore
641 794 850 840 presencium
886 791 1024 836 prel'atis
1060 794 1192 823 monete
1235 792 1400 834 magistris
1438 789 1568 835 plenam
1605 794 1637 823 et
1671 790 1805 824 liberam
1842 789 2034 824 facultatem

183 854 322 887 intrandi
365 865 437 886 cum
480 852 606 886 duobus
647 853 699 886 vel
740 854 851 885 iuratis
890 852 1042 884 Civitatis
1076 850 1130 883 vel
1162 850 1233 883 aliis
1267 851 1407 896 ydoneis
1443 853 1524 883 viris
1560 850 1687 883 domum
1725 851 1763 883 de
1802 862 1864 896 qua
1894 850 2035 885 habetur

182 917 327 959 suspicio
357 913 442 959 quod
472 917 502 946 in
533 924 571 946 ea
602 912 719 946 falsum
751 916 922 955 argentum
954 911 1110 944 fundatur
1138 911 1191 944 vel
1221 910 1434 944 comburatur
1470 911 1523 944 vel
1558 910 1632 944 falsi
1667 910 1791 945 denarii
1829 910 2035 945 fabricentur

181 979 213 1008 et
242 975 450 1020 perquirendi
480 974 633 1007 falsarios
663 978 693 1006 et
723 972 928 1006 falsariorum
966 975 1196 1009 instrumenta
1231 976 1262 1005 et
1300 971 1488 1017 captivandi
1524 982 1582 1005 eos
1617 974 1648 1004 in
1682 975 1771 1018 ipsa*
1811 977 1844 1005 ut
1881 972 1922 1005 de
1948 975 2030 1018 ipsis

183 1037 234 1068 liat
265 1039 391 1068 iusticia
422 1040 453 1068 ct
481 1046 566 1080 pena
602 1036 793 1080 pecuniaria
822 1032 1171 1078 condempnenturSi
1201 1036 1272 1078 quis
1301 1043 1383 1066 vero
1413 1044 1456 1066 ex
1484 1035 1598 1066 iuratis
1636 1032 1690 1066 vet
1723 1033 1793 1066 aliis
1833 1032 2034 1078 quibuslibet

181 1097 346 1142 predictos
385 1099 562 1139 magistros
599 1099 731 1128 monete
766 1097 914 1127 comitari
952 1094 990 1127 ad
1027 1093 1176 1139 predicta
1206 1093 1439 1137 exequendum
1473 1096 1682 1126 recusaverit
1715 1097 1890 1139 requisitus
1917 1093 1976 1127 vet
2002 1095 2030 1128 si

181 1158 297 1202 aliquis
327 1161 440 1189 contra
470 1160 587 1200 ageret
617 1154 671 1199 (2⁹)
702 1159 733 1188 ut
764 1155 895 1188 domum
925 1166 990 1188 non
1021 1157 1117 1187 intret
1147 1165 1206 1187 seu
1236 1153 1421 1187 defenderit
1450 1158 1526 1187 tunc
1547 1154 1698 1187 votumus
1718 1154 1803 1199 quod
1824 1158 2029 1188 camerarius

181 1218 220 1250 tle
251 1221 320 1262 ipso
351 1222 504 1262 tanquam
535 1216 575 1249 (le
606 1216 738 1249 l'alsario
768 1218 991 1260 pecuniariam
1031 1226 1150 1260 penam
1181 1215 1356 1248 sumat.ad
1386 1214 1447 1248 hoc
1477 1217 1504 1247 si
1533 1214 1617 1260 apud
1648 1214 1787 1260 aliquem
1818 1215 1872 1248 vel
1901 1215 2031 1248 macel-

181 1280 294 1311 larium
334 1278 386 1310 vel
424 1287 607 1322 cauponem
641 1277 694 1310 vel
728 1287 957 1321 quemcunque
996 1276 1092 1309 alium
1122 1279 1168 1309 rei
1199 1275 1372 1309 cuiuslibet
1402 1275 1602 1309 vendicione
1637 1274 1708 1308 falsi
1747 1276 1866 1309 suerint
1902 1278 2028 1309 inventi

178 1340 303 1372 (lunarii
333 1343 365 1372 ct
394 1349 430 1372 se
459 1337 545 1383 quod
574 1348 632 1383 pro
662 1340 884 1370 mercimoniis
913 1340 981 1370 suis
1012 1347 1070 1369 eos
1099 1340 1265 1382 receperit
1298 1347 1363 1369 non
1400 1340 1522 1381 poterit
1556 1335 1800 1369 racionabiliter
1836 1347 2022 1370 excusare.

179 1402 380 1446 precipimus
409 1403 441 1432 ut
470 1398 558 1431 illum
588 1400 641 1443 qui
671 1397 732 1431 sibi
762 1397 849 1431 dedit
880 1408 939 1431 eos
974 1400 1142 1442 magistris
1176 1401 1308 1431 monete
1344 1398 1397 1430 vel
1433 1400 1579 1430 nominet
1616 1397 1669 1430 vel
1706 1396 2030 1443 ostendat.alioquin

178 1465 210 1494 in
247 1463 365 1505 viginti
400 1459 545 1493 denariis
578 1469 638 1505 pro
668 1462 742 1492 vice
771 1458 914 1503 qualibet
951 1458 1103 1492 volumus
1133 1469 1207 1491 eum
1237 1457 1664 1503 condempnari.Volumus
1692 1460 1796 1490 eciam
1817 1457 1902 1502 quod
1922 1458 2031 1491 nullus

178 1525 265 1555 emat
293 1521 347 1554 vel
376 1520 499 1553 vendat
527 1530 581 1553 res
610 1519 748 1553 mobiles
776 1520 830 1553 vel
860 1530 896 1553 se
926 1523 1100 1552 moventes
1130 1523 1230 1552 metat
1258 1523 1313 1552 aut
1341 1521 1457 1552 vineas
1487 1518 1574 1551 colat
1602 1521 1664 1551 nisi
1693 1529 1765 1551 cum
1787 1518 1931 1552 denariis
1961 1518 2026 1551 de-

181 1587 313 1616 moneta
344 1579 608 1614 &Viennensibus
637 1585 669 1614 et
699 1579 871 1613 cuiuslibet
901 1580 1038 1613 alterius
1067 1582 1215 1624 regionis
1236 1579 1380 1613 denariis
1400 1581 1531 1624 penitus
1553 1578 1797 1612 interdictis.Si
1817 1581 1889 1623 quis
1919 1583 2027 1612 autem

180 1645 381 1677 contrarium
411 1642 531 1675 fecerit
559 1644 590 1674 in
619 1640 735 1673 decem
766 1641 896 1674 talentis
926 1652 984 1686 pro
1013 1640 1157 1685 qualibet
1186 1643 1261 1673 vice
1290 1639 1623 1685 primatui-,volumus
1659 1642 1794 1684 insuper
1827 1639 1911 1684 quod
1951 1639 2029 1673 nulli

178 1705 278 1738 liceat
307 1703 431 1737 habere
460 1707 617 1736 stateram
646 1702 699 1734 vel
729 1702 857 1747 pondus
887 1701 925 1734 ad
957 1706 1128 1745 argentum
1158 1701 1212 1734 vel
1242 1711 1355 1734 aurum
1381 1700 1630 1745 ponderandum
1652 1702 1713 1733 nisi
1733 1699 1773 1732 de
1796 1702 2028 1743 magistrorum

180 1769 313 1798 monete
342 1764 482 1797 licencia
511 1767 544 1796 et
571 1762 803 1796 favorestcut
832 1762 1014 1807 predictam
1044 1761 1159 1795 decem
1191 1762 1385 1794 talentorum
1415 1771 1532 1806 penam
1562 1763 1746 1806 cupiverint
1781 1760 2026 1794 evum-erre-

178 1831 269 1860 terea
303 1824 490 1858 inhibemus
529 1834 691 1869 expresse
724 1833 765 1856 ne
801 1823 919 1869 aliquis
953 1826 1027 1856 sive
1056 1822 1137 1856 baro
1166 1825 1238 1855 sive
1267 1822 1350 1855 alter
1379 1825 1564 1867 quicunque
1594 1823 1770 1865 magistros
1807 1825 1938 1854 monete
1972 1821 2028 1854 vel

178 1897 258 1921 suos
293 1890 527 1931 procuratores
561 1888 617 1917 aut
649 1887 788 1917 nuncios
823 1887 854 1917 in
884 1883 975 1925 foris,
1006 1884 1092 1917 villis
1127 1881 1322 1916 Civitatibus
1357 1882 1511 1916 molestet
1540 1882 1593 1915 vel
1624 1881 1791 1915 offendere
1820 1881 1939 1914 audeat
1966 1893 2026 1915 seu

177 1951 349 1994 presumat.
376 1948 460 1979 sicut
488 1947 726 1991 quinquaginta
756 1944 953 1978 talentorum
983 1955 1101 1990 penam
1131 1947 1294 1989 cupiverit
1323 1946 1451 1977 evitare
1484 1943 1543 1976 sed
1573 1946 1600 1976 si
1636 1942 1756 1975 forsam
1791 1953 1849 1987 per
1883 1942 2024 1987 aliquem

176 2008 304 2042 denarii
340 2006 415 2041 falsi
450 2006 536 2052 apud
571 2008 805 2050 magistrorum
842 2010 975 2039 monete
1008 2009 1259 2050 procuratorem
1292 2004 1346 2038 vel
1382 2006 1535 2037 nuncium
1569 2003 1691 2036 suerint
1725 2002 1922 2047 deprehensi
1951 2007 2028 2036 tunc

177 2069 330 2103 volumus
351 2067 436 2113 quod
457 2070 528 2113 ipse
548 2066 702 2100 denarios
724 2065 796 2099 illos
816 2069 1011 2100 examinare
1031 2076 1097 2098 nou
1119 2065 1219 2099 faciat
1239 2064 1297 2098 sed
1318 2063 1595 2110 comprehensum
1615 2068 1647 2096 et
1674 2062 1830 2096 denarios
1858 2065 2028 2107 magistris

178 2134 309 2163 monete
338 2133 369 2162 et
399 2128 590 2161 Camerario
626 2131 794 2172 presentet
831 2132 862 2160 ut
896 2131 929 2160 et
962 2126 1087 2159 denarii
1123 2137 1234 2159 coram
1270 2128 1319 2159 eis
1340 2128 1572 2159 examinentur
1594 2128 1626 2157 et
1650 2123 1690 2156 de
1710 2123 1954 2169 comprehenso
1974 2123 2029 2157 fiat

178 2192 306 2223 iusticia
323 2193 355 2222 ut
372 2191 564 2234 pecuniarie
579 2190 740 2233 puniatur.
754 2186 833 2220 Item
850 2187 936 2232 quod
952 2187 1059 2220 nullus
1077 2187 1218 2220 iudicum
1235 2191 1289 2220 aut
1305 2185 1465 2219 baronum
1481 2189 1535 2218 aut
1549 2183 1704 2218 nobilium
1722 2183 1782 2217 sibi
1798 2187 1877 2218 iuris
1893 2188 2029 2229 usurpet

177 2250 295 2295 aliquid
312 2252 343 2282 in
356 2254 487 2282 moneta
505 2259 612 2294 neque
628 2251 659 2281 in
676 2250 852 2291 magistros
866 2252 997 2280 monete
1008 2252 1242 2293 procuratores
1254 2247 1307 2280 vel
1320 2246 1470 2280 homines
1487 2250 1517 2279 et
1532 2247 1718 2278 servientes
1730 2247 1875 2290 ipsorum
1888 2245 2028 2290 aliquam

179 2310 321 2343 babeant
339 2310 389 2343 vel
408 2313 594 2343 exerceant
609 2312 802 2354 potestatem
819 2309 876 2341 sed
894 2311 921 2341 si
938 2308 1014 2353 quid
1030 2308 1147 2351 aliquis
1164 2312 1279 2341 contra
1296 2310 1474 2351 magistros
1490 2309 1620 2339 monete
1635 2305 1690 2338 vel
1705 2307 1849 2351 ipsorum
1862 2316 2028 2351 procura-

178 2376 268 2404 tores
290 2374 344 2403 aut
367 2370 517 2403 homines
538 2379 727 2415 proponere
748 2373 800 2408 aut
822 2379 924 2413 agere
946 2367 1096 2402 habuerit
1118 2368 1146 2401 id
1182 2378 1293 2401 coram
1319 2367 1510 2401 Camerario
1533 2364 1684 2399 Moravie
1710 2369 1864 2411 prosequi
1895 2365 2026 2399 studeat

179 2433 307 2465 iusticia
324 2430 498 2463 mediante.
520 2430 720 2474 precipimus
737 2431 839 2462 eciam
857 2429 943 2475 quod
958 2428 1044 2462 iudei
1061 2439 1120 2474 per
1136 2431 1317 2462 moraviam
1334 2427 1472 2472 singulis
1488 2428 1680 2471 septimanis
1696 2429 1858 2471 recipiant
1873 2425 2029 2459 denarios

179 2493 219 2524 (le
236 2495 365 2525 moneta
385 2493 467 2524 sicut
484 2491 541 2524 fuit
558 2490 717 2524 hactenus
739 2495 932 2523 consuetum
956 2489 991 2523 Si
1018 2500 1100 2522 vero
1115 2500 1236 2533 guerra
1254 2489 1327 2522 talis
1343 2488 1428 2534 quod
1445 2487 1531 2520 absit
1545 2489 1576 2519 in
1606 2489 1754 2520 moravia
1783 2490 1901 2520 exorta
1929 2485 2030 2519 fuerit

179 2556 211 2585 nt
236 2555 306 2585 eius
327 2554 506 2585 occasione
527 2555 658 2584 monete
679 2550 799 2583 utilitas
816 2553 978 2584 minuatur
999 2554 1074 2583 tunc
1100 2550 1139 2583 ad
1166 2549 1340 2595 proborum
1357 2552 1501 2582 virorum
1519 2546 1686 2581 arbitrium
1707 2547 1748 2580 de
1775 2546 1911 2593 prefatis
1939 2546 2029 2580 mille

178 2612 308 2646 talentis
344 2623 404 2658 pro
439 2611 570 2657 dampni
605 2614 788 2657 quantitate
826 2612 910 2656 quod
947 2614 1095 2655 magistri
1132 2615 1265 2644 monete
1303 2611 1496 2654 suscepisse
1533 2607 1758 2654 probabuntur
1794 2610 1842 2642 eis
1875 2607 2030 2641 volumus
