2184 2828
646 258 699 292 De
727 258 854 291 eodem.
888 257 1036 300 Quedam
1064 256 1234 289 derisoria
1263 255 1391 289 littera.

252 328 320 362 Nos
357 328 390 361 V.
421 327 473 362 dei
511 331 625 373 gracia
663 331 776 361 notum
818 326 960 360 facimus
998 329 1062 359 etc.
1101 324 1186 371 quod
1224 334 1286 358 nos
1325 329 1462 370 propter
1493 327 1626 358 nimiam
1661 326 1947 370 inoportunitatem

98 402 161 437 qua
191 394 255 424 tam
284 399 347 424 nos
375 399 449 434 qam
485 388 664 423 familiares
698 392 831 422 nostros
868 391 901 421 ct
934 386 1090 429 barones,
1124 386 1290 430 maqister
1323 385 1511 427 Jolmuues,
1550 383 1714 429 quondam
1749 383 1854 427 Saxo,
1889 383 1947 417 sed

90 455 215 486 mutata
251 455 432 495 temporum
466 449 665 483 condicione
711 447 897 492 Westfalas
937 446 1134 481 cottidianus
1173 445 1260 491 (sic)
1300 448 1455 479 susurriis
1510 443 1671 490 fatigabat
1698 449 1833 490 propter
1862 444 1948 478 mille

96 522 227 546 marcas
255 512 387 556 argenti
416 521 497 556 quas
530 508 626 544 nobis
656 513 687 543 et
715 509 916 543 consiliariis
952 509 1075 541 nostris
1110 506 1246 540 honoris
1282 505 1468 540 ambicione
1501 506 1642 552 peruigil
1678 507 1831 550 erogauit
1860 516 1947 539 con-

95 584 194 608 cessa
228 570 289 606 sibi
323 569 431 615 quoad
468 572 590 604 uixerit
623 571 751 604 notaria
789 569 926 603 ollarum
961 573 995 602 et
1030 567 1182 610 ciforum,
1211 566 1374 612 lignorum
1403 569 1435 600 iu
1465 568 1630 612 conquina
1658 569 1771 600 nostra
1800 568 1833 599 in
1861 576 1949 610 qua-

96 643 237 678 cumque
270 635 363 678 parte
401 630 511 665 mundi
545 630 706 665 fuerimus
739 632 921 671 coustituth
961 640 1037 663 cum
1073 631 1162 663 omui
1202 630 1274 661 iure
1309 626 1350 661 ad
1385 630 1476 673 ipsas
1513 627 1595 661 ollas
1628 631 1803 674 postquam
1839 631 1947 660 tamen

97 693 374 728 commederimus
402 695 589 738 pertinente
618 702 680 725 nec
710 702 776 725 non
805 702 864 737 pro
893 689 1060 724 laboribus
1089 691 1156 723 suis
1184 688 1312 722 decima
1337 687 1400 722 olla
1421 692 1451 722 et
1472 687 1556 722 cifus
1579 687 1729 721 decimus
1751 685 1813 721 sibi
1833 686 1950 720 dentur

98 759 130 788 et
159 754 197 788 ad
226 753 289 788 hoc
317 763 447 786 omnem
484 752 644 786 offensam
680 763 779 797 quam
813 750 977 785 aduersus
1011 761 1072 784 nos
1107 752 1269 783 commisit
1305 760 1364 795 per
1398 749 1502 794 spolia
1539 747 1792 782 innumerabilia
1827 757 1890 793 que
1919 749 1950 780 in

95 825 203 860 regno
230 818 344 848 nostro
372 815 573 859 perpetrauit
601 823 674 846 cum
705 811 868 858 superbus
897 811 1003 845 mulus
1033 813 1155 856 rapinis
1183 808 1415 844 reuertebatur
1443 811 1474 842 in
1503 808 1617 853 Joppa
1646 811 1730 842 sicut
1758 807 1834 842 olim
1864 818 1951 841 con-—

102 879 258 910 sueuerat
287 873 328 908 de
363 873 496 907 Verona
526 872 586 907 sibi
616 873 770 907 duximus
800 871 1026 906 remittendam
1057 874 1239 905 statuentes
1273 881 1348 904 eum
1383 869 1543 915 deinceps
1573 869 1777 914 singulorum
1807 870 1953 902 omnium

98 941 130 970 et
160 936 286 970 illorum
315 936 371 980 qui
399 933 555 968 bacharia
592 933 632 967 de
669 933 758 978 ligno
793 937 993 979 praeparant
1022 936 1055 965 ut
1083 930 1123 965 ab
1158 933 1238 976 ipsis
1274 929 1458 964 habeantur
1493 933 1526 963 in
1561 934 1718 975 perpetua
1754 930 1952 963 reuerencia

98 1002 130 1031 et
159 996 285 1030 honore
320 998 352 1029 in
386 994 553 1028 Bohemia
591 996 673 1028 sicut
704 994 818 1039 Papus
856 992 914 1027 fuit
950 993 1027 1027 olim
1061 991 1190 1026 habitus
1226 994 1257 1025 in
1293 990 1399 1025 insula
1428 990 1646 1035 Helespontz'.
1684 989 1819 1024 Exultet
1854 991 1954 1034 igitur

99 1057 182 1092 felix
227 1055 381 1091 Wesalia
415 1066 452 1088 se
481 1054 577 1088 talem
607 1054 716 1089 edisse
744 1053 909 1088 bominem
948 1056 1001 1097 qui
1038 1053 1124 1087 uelut
1160 1062 1315 1097 agrorum
1351 1053 1585 1086 concerentius
1625 1053 1672 1085 sic
1709 1049 1799 1084 Deus
1838 1049 1951 1083 haberi

100 1120 216 1152 meruit
245 1116 409 1161 figlorum.

789 1217 952 1251 Subdieio
983 1218 1116 1251 heredis
1146 1219 1262 1250 tutori.

258 1298 292 1332 ln
321 1300 455 1332 nomine
484 1297 605 1331 domini
636 1308 742 1330 amen.

257 1358 337 1393 Cum
381 1361 476 1392 etatis
519 1362 636 1391 tenere
681 1357 889 1402 fragilitatem
935 1356 975 1389 dc
1014 1360 1130 1389 nature
1167 1354 1408 1389 consuetudine
1448 1354 1590 1399 quedam
1629 1357 1748 1387 mentis
1788 1351 1956 1386 obnubilet

103 1420 236 1455 ‹ebitudo
266 1423 308 1454 ita
337 1424 369 1453 ut
399 1419 439 1452 ad
469 1422 618 1463 regimen
653 1422 684 1451 et
713 1417 996 1463 gubernacionem
1033 1421 1193 1450 terrarum
1227 1414 1434 1450 insufficiens
1465 1418 1504 1449 sit
1535 1417 1701 1459 ingenium
1733 1413 1859 1459 puerile
1887 1411 1956 1446 Nos

112 1481 239 1524 ..Dux
266 1485 329 1515 etc.
360 1490 522 1514 annorum
552 1481 815 1512 immaturitatem
846 1477 1130 1512 consideracionis
1159 1477 1255 1510 oculo
1285 1476 1481 1521 diligencius
1506 1474 1716 1509 intendentes
1743 1474 1783 1507 de
1805 1474 1956 1507 vbertate

103 1552 234 1588 quoque
261 1541 387 1575 fauoris
416 1540 576 1574 bonorum
606 1539 765 1573 baronum
796 1543 984 1573 nostrorum
1013 1541 1044 1571 ct
1073 1537 1205 1571 consilii
1236 1537 1374 1570 fideliter
1403 1536 1567 1570 informati
1594 1538 1645 1568 ius
1671 1534 1840 1568 cuiusdam
1861 1536 1957 1579 prin-

105 1606 187 1649 cipis
215 1606 318 1637 nostri
347 1602 481 1635 domini.
513 1600 550 1633 O.
581 1600 682 1634 incliti
717 1602 807 1644 regis
839 1599 1000 1633 Bohemie
1036 1609 1109 1631 cum
1145 1601 1232 1631 omui
1268 1597 1397 1630 dicione
1435 1602 1596 1630 terrarum
1628 1600 1657 1628 el
1689 1607 1760 1629 cum
1793 1596 1958 1628 uniuersis

105 1668 136 1698 et
174 1663 313 1708 singulis
351 1673 410 1708 per
446 1661 629 1695 districtum
669 1663 770 1694 nostri
810 1659 941 1693 dominii
979 1661 1166 1693 constitutis
1202 1658 1303 1691 tutele
1339 1662 1369 1690 et
1408 1657 1648 1694 gubernacioni
1688 1656 1856 1689 uoluntate
1894 1665 1957 1687 non

106 1728 223 1759 coacta
259 1723 318 1758 sed
356 1722 457 1757 libera
494 1724 628 1756 omnino
661 1725 691 1754 et
728 1720 905 1754 salubriter
933 1719 1085 1753 duximus
1118 1718 1363 1753 submittendos
1399 1718 1440 1751 de
1477 1721 1570 1751 cuius
1607 1722 1636 1750 el
1677 1716 1889 1761 benignitatIs
1929 1718 1960 1748 et

105 1787 308 1820 sinceritatis
344 1783 548 1830 plenitudine
582 1794 645 1828 que
683 1785 818 1815 racione
857 1782 1149 1826 consanquinitatis
1191 1779 1230 1813 ad
1264 1781 1484 1824 integritatem
1521 1782 1641 1812 amoris
1680 1788 1741 1811 nos
1781 1775 1957 1810 confibulat

106 1846 206 1880 talem
234 1844 370 1880 haustus
408 1844 558 1878 fiduciam
593 1847 625 1877 et
657 1842 840 1889 perfectam
876 1852 940 1876 non
977 1840 1164 1875 dubitantes
1194 1840 1251 1874 sed
1292 1840 1332 1874 de
1371 1851 1428 1874 sua
1468 1839 1720 1883 magnificencia
1763 1847 1965 1884 presumen-

105 1910 156 1940 tes
195 1905 281 1952 quod
329 1905 370 1939 de
410 1904 505 1939 nobis
555 1906 742 1948 nostrisque
785 1902 936 1937 omnibus
978 1912 1098 1947 gerere
1132 1900 1249 1935 debeat
1289 1905 1401 1947 utpote
1442 1905 1534 1947 pater
1579 1900 1670 1941 alter,
1722 1909 1782 1932 nos
1812 1897 1957 1942 denique

109 1965 333 2000 mandatorum
372 1976 507 2000 suorum
546 1964 697 1998 uolentes
736 1965 860 1997 semitis
899 1962 1063 1996 adherere
1100 1964 1288 1996 testimonio
1326 1964 1537 2008 presencium
1578 1960 1771 2006 profitemur
1809 1963 1841 1992 et
1878 1968 1964 2004 pro-

109 2028 273 2060 mittemus
301 2025 389 2061 hona
417 2025 481 2059 fide
509 2025 595 2071 quod
624 2035 715 2058 nexu
746 2023 996 2057 matrimonialis
1030 2027 1223 2057 contractus
1259 2032 1319 2056 nos
1353 2033 1520 2068 nunquam
1557 2019 1732 2065 ligabimus
1764 2018 1818 2053 uel
1853 2019 1963 2064 aliqua

112 2086 176 2120 alia
205 2088 355 2121 amicicia
384 2097 444 2122 seu
474 2087 568 2120 aliter
596 2084 693 2119 modo
723 2094 931 2130 quocumque·
965 2086 1036 2117 sine
1070 2095 1128 2117 sua
1164 2085 1376 2117 consciencia
1413 2088 1445 2116 et
1480 2092 1660 2115 consensu.
1690 2080 1796 2114 nullas
1826 2078 1966 2114 heredi-

110 2150 207 2187 tates,
236 2146 389 2193 nullaque
419 2146 515 2180 seoda
546 2157 585 2179 ac
615 2156 768 2189 magnam
798 2147 973 2190 pecuniam
1003 2144 1099 2178 aliter
1127 2144 1179 2177 uel
1203 2144 1411 2190 aliquatenus
1437 2154 1477 2176 eo
1503 2145 1607 2176 inscio
1628 2140 1780 2175 uolumus
1803 2140 1957 2184 elargiri.

111 2207 321 2241 nulla.et.n.
353 2218 476 2252 magna
513 2207 566 2241 uel
601 2206 703 2239 ardua
739 2207 880 2249 negocia
917 2207 988 2238 siue
1022 2207 1054 2238 in
1094 2205 1221 2239 iudiciis
1257 2205 1308 2238 uel
1343 2204 1433 2238 fiscis
1471 2203 1541 2236 aliis
1583 2200 1858 2247 pertractabimus
1894 2203 1967 2234 siue

112 2271 196 2314 ipso.
228 2266 281 2300 Ad
310 2271 430 2302 terram
459 2272 568 2302 autem
598 2271 743 2301 nostram
774 2277 847 2299 cum
884 2265 970 2311 apud
1006 2268 1110 2311 ipsum
1148 2264 1307 2299 fuerimus
1336 2275 1473 2309 gressus
1503 2267 1636 2296 nostros
1666 2262 1854 2296 nullatenus
1883 2261 1966 2294 diri-

111 2338 232 2374 gemus
259 2337 324 2360 nec
351 2339 476 2362 moram
511 2328 651 2375 aliquam
689 2330 719 2360 in
755 2326 807 2360 illa
843 2325 1011 2360 trahemus
1046 2329 1118 2361 sine
1152 2328 1255 2371 ipsius
1291 2325 1432 2359 licencia
1462 2323 1609 2369 speciali.
1650 2322 1807 2368 Sumptus
1836 2331 1968 2366 quoque

113 2387 305 2422 moderatos
333 2398 406 2421 cum
435 2391 467 2422 in
496 2392 567 2435 ipsa
597 2399 658 2423 nos
687 2398 763 2421 esse
793 2389 973 2431 contigerit-
1000 2386 1161 2420 faciemus
1198 2390 1229 2418 et
1265 2385 1304 2418 ad
1341 2396 1401 2419 sue
1437 2386 1596 2418 iussionis
1633 2387 1741 2416 uotum
1771 2393 1830 2416 seu
1859 2391 1968 2415 uoca-

113 2451 244 2483 cionem
274 2447 313 2481 ad
343 2450 450 2494 ipsum
478 2449 677 2496 ubicumque
712 2447 809 2482 suerit
845 2447 963 2481 ibimus
997 2452 1029 2481 et
1065 2457 1124 2493 pro
1160 2457 1221 2480 suo
1255 2449 1332 2479 nutu
1371 2448 1486 2478 iterum
1517 2443 1557 2476 ad
1586 2446 1719 2489 propria
1749 2446 1967 2476 reuertemur.

115 2507 169 2542 Ad
197 2507 261 2541 hoc
289 2513 398 2542 autem
428 2509 516 2542 nullo
545 2509 816 2544 contradictionis
846 2510 980 2553 ingenio
1016 2518 1076 2542 seu
1109 2509 1262 2541 acumine
1297 2508 1425 2540 astucie
1454 2516 1471 2538 a
1501 2503 1600 2538 tutela
1629 2508 1661 2537 et
1688 2515 1767 2537 cura
1798 2504 1970 2536 memorati

116 2568 239 2603 domini
269 2571 358 2613 regis
387 2568 574 2604 curabimus
603 2570 655 2604 uel
684 2568 911 2604 ordinabimus
941 2567 1073 2602 liberari
1103 2568 1210 2601 donec
1241 2577 1299 2612 per
1329 2566 1521 2600 industriam
1551 2563 1712 2598 baronum
1742 2569 1806 2597 tam
1836 2573 1969 2597 suorum
