2184 2828
991 105 1063 140 503

108 223 453 260 liliorum..Abbatis
489 227 521 257 et
553 221 746 257 Conventus
782 222 977 257 Monasterii
1012 223 1119 257 lucen.
1159 222 1284 257 ordinis
1323 222 1604 258 Premonstraten.
1635 223 1830 259 Olomucen.
1861 225 1946 260 dioc.

107 287 332 327 collationem,
371 286 615 330 provisionem,
652 286 951 329 presentationem,
980 295 1039 318 seu
1067 286 1218 329 quamvis
1247 283 1342 318 aliam
1373 283 1621 329 dispositionem
1650 288 1822 331 pertinens
1850 297 1948 320 com-

107 350 247 381 muniter
279 344 334 379 vel
369 344 520 386 divisim,
555 346 582 378 si
611 344 697 388 quod
726 349 826 378 vacat
855 344 894 378 ad
923 355 1063 390 presens
1093 343 1146 377 vel
1175 354 1250 377 cum
1278 347 1476 378 vacaverit.
1495 372 1502 379 .
1521 372 1528 379 .
1546 345 1786 379 conferendum
1815 346 1888 380 tibi.
1907 373 1914 380 .
1933 373 1940 380 .

105 416 347 441 reservamus..
366 404 504 439 ‚Datum
533 404 703 438 Avinione
731 404 763 438 X
791 395 959 438 Kalendas
989 404 1183 438 Decembris
1210 404 1313 438 Anno
1343 404 1477 446 Quinto.

412 483 497 515 (Nach
522 483 581 508 dem
607 482 681 516 Orig.
707 483 826 517 Regeste
850 483 953 509 Pabst's
978 484 1101 509 Clemens
1125 483 1170 509 Vl.
1195 482 1220 509 J.
1247 482 1279 509 V.
1305 482 1332 508 B.
1357 483 1375 509 Ι.
1401 483 1447 509 ΤΙι.
1474 484 1505 509 11.
1533 484 1574 511 ΒΓ.
1601 484 1661 511 217
1688 485 1714 511 S.
1736 484 1793 511 117
1819 486 1851 511 im
1869 485 1947 511 Vati-

516 534 660 560 canisclien
687 535 803 561 Arclnive
828 543 857 561 zu
884 535 957 561 Rom.
1003 535 1100 562 Vidini.
1126 535 1265 561 Abschrist
1289 535 1322 560 im
1347 536 1429 561 malir.
1455 536 1541 562 stand.
1568 536 1804 569 Lantlesarcliive.)

970 654 1077 690 680.

107 733 215 768 Pabst
247 733 403 767 Clemens
438 732 494 767 ΓΙ.
524 734 690 766 reservire
722 733 789 776 auf
810 732 967 766 Filrbe'lle
995 733 1039 766 K.
1069 732 1160 766 Karl
1186 732 1248 767 IV.
1278 734 1354 767 eine
1386 744 1452 767 eon
1480 733 1552 767 dem
1583 734 1755 779 Zuaymer
1782 735 1950 769 Nemeen-

103 795 234 828 ltloster
261 794 299 828 S.
330 794 443 827 Klara
470 805 513 826 sa
540 793 760 826 cerleilzeucle
789 792 938 836 Psrt'lmle
963 794 1022 837 fur
1049 794 1110 827 den
1132 793 1293 827 Klerilter
1320 794 1381 828 der
1411 794 1584 828 Olmiitzer
1603 795 1764 838 Diocese,
1785 796 1949 835 Mallee'as,

106 855 202 889 Solm
223 855 283 888 des
303 853 470 888 Heinrich
489 865 555 887 ron
577 853 720 898 Znaym.
750 853 810 887 Dt.
834 854 1014 897 Arz'nz‘one,
1036 854 1081 888 X.
1103 854 1248 888 Kalend.
1270 854 1471 888 Decembris
1496 855 1578 897 (22.
1600 855 1812 899 November)
1839 856 1948 890 1346.

259 930 436 983 Clemens
471 948 656 995 Episcopus
685 948 816 982 Servus
845 948 1029 983 Servorum
1066 949 1127 983 Dei
1155 949 1284 983 Dilecto
1312 949 1378 984 filio
1407 949 1531 984 Mathie
1560 950 1695 985 Henrici
1724 950 1765 985 de
1794 951 1944 998 Znoyma

104 1011 228 1044 clerico
259 1009 454 1044 Olomucen.
484 1009 630 1043 diocesis
660 1009 806 1043 Salutem
836 1014 866 1043 et
896 1010 1123 1055 Apostolicam
1153 1009 1455 1045 Benedictionem..
1473 1038 1480 1044 .

259 1070 419 1104 Volentes
456 1069 512 1104 tibi
529 1097 537 1104 .
555 1097 562 1104 .
581 1097 588 1104 .
608 1070 875 1104 consideratione
903 1070 1074 1104 Gai-issimi
1110 1073 1141 1104 in
1171 1070 1303 1105 Christo
1331 1071 1387 1105 filii
1415 1075 1517 1105 nostri
1547 1071 1660 1105 Karoli
1689 1072 1794 1117 Regis
1823 1072 1952 1107 Roma-

104 1142 219 1166 norum
247 1131 386 1166 Illustris
415 1142 473 1177 pro
502 1135 533 1165 te
562 1130 659 1165 nobis
688 1142 789 1176 super
816 1130 879 1164 hoc
900 1131 1063 1165 humiliter
1082 1131 1296 1177 supplicantis
1324 1134 1466 1176 gratiam
1486 1131 1599 1166 facere
1619 1133 1811 1178 specialem,
1841 1132 1951 1167 hene-

104 1193 210 1226 ficium
240 1192 501 1226 ecclesiasticum
531 1202 605 1226 cum
633 1203 713 1226 cura
741 1192 797 1226 vel
827 1195 898 1225 sine
927 1203 1020 1234 cura,
1050 1196 1243 1226 consuetum
1270 1192 1400 1226 clericis
1421 1192 1628 1227 secularibus
1649 1196 1828 1238 assignari,
1858 1197 1951 1228 cuius

104 1253 230 1287 l‘rnctus
249 1252 394 1287 redditus
415 1257 447 1287 et
467 1257 647 1298 proventus
669 1255 695 1286 si
716 1264 788 1285 cum
819 1263 897 1286 cura
918 1255 1179 1299 vigintiquinque
1199 1255 1228 1287 si
1246 1264 1330 1287 vero
1351 1256 1423 1287 sine
1443 1265 1521 1288 cura
1543 1253 1641 1288 fuerit
1669 1253 1786 1288 decem
1816 1259 1849 1288 et
1877 1259 1951 1289 octo

104 1313 314 1347 Mareliarum
343 1316 471 1358 argenti
501 1313 681 1348 secundum
703 1316 903 1347 taxationem
925 1313 1054 1347 decime
1074 1313 1220 1347 valorem
1241 1324 1385 1348 annuum
1405 1325 1471 1348 non
1492 1314 1668 1357 excedant,
1699 1315 1737 1349 ad
1759 1315 1952 1349 dilectarum

105 1377 135 1408 in
167 1374 297 1408 Christo
330 1373 705 1408 filiarum..Al)batisse
739 1378 771 1407 et
806 1372 999 1407 Conventus
1035 1373 1227 1408 Monasterii
1262 1374 1422 1408 Sororum
1461 1380 1577 1409 sancte
1606 1375 1710 1409 Marie
1739 1378 1771 1410 in
1800 1375 1951 1422 Znoyma

104 1434 230 1469 ordinis
259 1439 373 1468 sancte
394 1434 490 1468 Clare
512 1433 708 1469 Olomucen.
731 1434 875 1468 diocesis
897 1434 1106 1468 collationem
1126 1438 1365 1480 provisionem,
1394 1438 1691 1482 presentationem,
1721 1447 1780 1470 sen
1801 1439 1952 1481 quamvis

105 1495 201 1529 aliam
236 1495 485 1541 dispositionem
523 1497 742 1529 communiter
777 1494 831 1529 vel
866 1494 996 1528 divisim
1025 1498 1206 1540 pertinens,
1236 1498 1264 1530 si
1301 1495 1387 1542 quod
1421 1501 1521 1531 vacat
1557 1496 1597 1530 ad
1626 1508 1766 1543 presens
1795 1497 1849 1531 vel
1878 1508 1951 1531 cuni

106 1559 281 1590 vacaverit
304 1583 310 1590 .
343 1583 349 1590 .
374 1583 381 1590 .
405 1555 644 1590 conferendum
675 1555 731 1590 tibi
837 1566 1063 1589 reservamus.
1083 1582 1089 1589 .
1108 1582 1115 1588 .
1139 1555 1259 1590 Datum
1287 1556 1460 1591 Avinione
1495 1556 1527 1591 X
1555 1556 1724 1592 Kalendas
1754 1557 1952 1592 Decembris

105 1618 207 1651 Anno
237 1615 368 1658 Quinto.

414 1695 498 1727 (Nacli
523 1695 583 1721 dem
608 1695 682 1729 Orig.
708 1695 824 1728 chosie
849 1694 952 1721 Pabsss
977 1694 1101 1720 Clemens
1126 1695 1170 1720 VI.
1194 1694 1219 1721 J.
1244 1695 1277 1721 V.
1303 1695 1330 1721 B.
1357 1695 1388 1721 11.
1413 1696 1459 1722 Tli.
1486 1696 1504 1722 Ι.
1530 1696 1572 1722 Br.
1598 1696 1658 1722 232
1684 1697 1710 1722 S.
1733 1696 1790 1722 102
1816 1697 1848 1722 im
1873 1697 1951 1723 Vati-

518 1748 662 1773 canisclien
687 1748 803 1773 Arrlnve
828 1755 858 1772 zu
884 1747 958 1773 l’10m.
1007 1747 1102 1773 Yidim.
1129 1746 1268 1773 Abschrist
1291 1748 1324 1773 im
1349 1748 1430 1774 malir.
1457 1748 1543 1774 stand.
1567 1748 1806 1780 Landesarcliive.)
1932 1729 1937 1734 ¹

975 1866 1083 1901 (381.

110 1943 214 1978 Pahst
243 1944 395 1979 Clemens
430 1945 484 1979 VJ.
515 1946 682 1979 reservirt
710 1946 777 1988 anf
798 1944 983 1978 Ansucleen
1015 1944 1056 1977 K.
1087 1944 1178 1978 Karl
1201 1945 1220 1978 Ι
1227 1944 1262 1979 V.
1291 1946 1367 1979 eine
1394 1957 1469 1980 rom
1497 1946 1718 1980 Trebz'lsclter
1741 1946 1882 1979 Klostcr
1910 1958 1951 1979 zu

109 2005 319 2039 rerleilzemle
354 2006 505 2050 Psre'c'mle
535 2007 593 2050 far
624 2006 686 2039 den
716 2005 877 2039 lslere'lcer
904 2006 965 2038 der
998 2005 1133 2049 Praqer
1161 2005 1321 2047 Diocese,
1350 2007 1483 2041 Franz.
1522 2007 1616 2041 Solm
1646 2008 1704 2041 des
1738 2006 1951 2040 Theodore'ch

252 2077 317 2099 con
347 2059 487 2100 Caslau.
544 2066 602 2100 Dt.
633 2067 817 2108 Avinione,
847 2066 894 2099 X.
926 2065 1071 2099 li'aleml.
1102 2065 1302 2100 Decembris
1332 2067 1414 2109 (22.
1444 2067 1657 2109 November)
1690 2067 1800 2100 1346.

263 2140 439 2195 Clemens
474 2161 661 2207 Episcopus
698 2161 827 2195 Servus
864 2161 1046 2194 Servorum
1082 2160 1145 2194 Dei
1179 2160 1309 2195 Dilecto
1348 2161 1414 2196 filio
1450 2162 1633 2197 Franciseo
1675 2166 1751 2195 nato
1786 2161 1950 2207 quondam

111 2218 311 2254 Theoderici
343 2220 382 2254 de
411 2221 585 2256 Czaslavia
616 2222 746 2256 Clerieo
775 2222 917 2261 Pragen.
949 2220 1093 2254 diocesis
1123 2221 1270 2255 Salutem
1299 2226 1332 2256 et
1359 2223 1586 2269 Apostolicani
1616 2222 1916 2256 Benedictionem..
1935 2248 1942 2256 .

264 2279 422 2315 Veientes
451 2282 506 2316 tibi
535 2310 542 2316 .
574 2310 581 2316 .
613 2310 620 2317 .
651 2282 919 2316 consideratione
949 2282 1119 2315 carissimi
1149 2284 1179 2315 in
1211 2282 1340 2316 Christo
1369 2283 1423 2317 filii
1453 2286 1556 2317 nostri
1585 2283 1698 2316 Karoli
1726 2282 1950 2317 Romanorum

110 2341 214 2385 Regis
243 2339 382 2374 Illustris
411 2352 468 2386 pro
497 2347 528 2377 te
556 2342 651 2377 nobis
680 2354 782 2389 super
811 2343 872 2376 hoc
902 2342 1062 2375 humiliter
1089 2342 1302 2387 supplicantis
1331 2346 1472 2387 gratiam
1494 2344 1606 2377 facere
1635 2343 1812 2388 specialem
1842 2343 1951 2377 bene-

109 2402 219 2435 ficium
248 2400 511 2435 ecclesiasticum
540 2414 613 2437 cum
644 2415 722 2438 cura
753 2404 807 2437 vel
836 2406 908 2437 sine
937 2414 1014 2435 cura
1043 2407 1238 2435 consuetum
1260 2403 1389 2438 clericis
1414 2403 1619 2438 secularibus
1648 2406 1825 2447 assignari,
1856 2407 1950 2438 euius

110 2461 234 2495 fructus
262 2461 386 2494 reditus
414 2466 446 2494 et
475 2468 654 2507 proventus
683 2467 711 2498 si
740 2475 812 2497 cum
843 2475 921 2497 cura
951 2463 1049 2496 suerit
1069 2462 1184 2496 decem
1214 2467 1245 2497 et
1273 2468 1350 2497 octo
1371 2463 1580 2498 Mai-charum
1609 2467 1739 2508 argenti
1767 2464 1949 2498 secundum

113 2525 313 2555 taxationem
343 2521 470 2555 decime
499 2523 646 2556 valorem
667 2535 810 2558 annuum
833 2535 897 2557 non
921 2523 1099 2557 excedant.
1129 2523 1168 2556 ad
1189 2523 1399 2557 collationem
1421 2527 1646 2571 provisionem
1667 2528 1949 2569 presentationem

111 2587 164 2615 aut
194 2585 345 2628 quamvis
375 2582 470 2615 aliam
501 2583 749 2628 dispositionem
779 2585 970 2618 dilectorum
1001 2584 1157 2617 liliorum.
1177 2584 1337 2618 ,Ablmtis
1366 2590 1398 2619 et
1428 2585 1620 2619 Conventus
1647 2584 1839 2619 Monasterii
1861 2585 1950 2619 Tre-
