2184 2828
1115 96 1185 129 984

757 215 835 248 Rem
863 214 1027 247 Bolaenn'e
1054 213 1247 246 marchioni
1273 225 1362 247 noua
1391 216 1552 247 insinuat.

373 284 516 318 innotuit
555 288 669 318 nostro
703 284 836 317 culmini
871 287 1067 317 nunciorum
1115 286 1302 315 nostrorum
1339 287 1430 316 certa
1467 283 1591 316 relacio
1621 284 1706 328 quod
1736 286 1816 319 Rem
1846 285 2078 319 Romanorum

216 348 312 379 cuius
342 348 519 391 presencia
550 344 751 391 prestolatur
780 347 811 377 in
849 343 998 390 partibus
1031 343 1191 387 Turinqe'e
1226 343 1416 377 immediate
1445 348 1519 389 post
1548 347 1674 378 instans
1712 344 1831 379 festum
1867 345 1982 379 Sancti
2011 344 2079 379 Jo-

217 405 336 440 hannis
365 406 404 439 ad
436 410 542 439 metas
572 407 667 450 regni
697 407 803 438 nostri
833 415 912 439 suos
942 414 1123 450 processus
1152 392 1271 447 diriget
1300 406 1331 437 in
1358 408 1548 449 potentatus
1578 415 1639 438 suo
1668 405 1788 439 robore
1816 408 1868 439 cui
1889 409 1979 451 regis
1999 416 2079 452 pre-

220 471 350 512 ceptum
381 469 472 500 uirus
503 476 662 500 enomere
691 468 814 510 satagit
844 468 875 499 in
906 465 1128 499 subuersione
1156 466 1250 508 regni
1286 467 1389 497 nostri
1420 475 1498 498 suos
1527 475 1711 510 processus
1739 466 1859 510 diriget
1887 468 1918 499 in
1951 470 2076 512 poten-

217 531 303 561 tatus
346 530 395 561 sui
430 526 552 561 robore
587 526 673 572 quod
710 529 780 560 iure
815 526 1016 560 hereditarie
1055 527 1283 558 successionis
1312 524 1351 557 ad
1382 536 1442 558 nos
1471 524 1659 559 deuolutum
1690 526 1874 573 tranquille‚
1905 526 1968 561 deo
1995 536 2080 573 pro-

216 589 303 632 picio
331 587 570 632 gubernamus.
601 586 864 620 Considerantes
895 596 975 619 uero
1005 585 1091 629 quod
1122 588 1277 618 transitus
1306 585 1453 618 eiusdem
1483 587 1575 630 reqz's
1604 597 1664 632 per
1683 591 1803 620 terram
1821 588 1946 631 fratris
1971 589 2083 621 uestri

216 650 279 681 erit
306 647 543 681 ineuitabiliter
571 649 796 681 sinceritatem
827 650 972 680 uestram
1003 649 1200 690 requirimus
1230 650 1261 679 et
1290 650 1414 679 attente
1435 657 1594 690 rogamus
1615 651 1647 680 ut
1667 650 1806 682 nuncios
1826 651 1938 682 certos
1957 647 2081 682 uolun-

214 712 282 741 tate
316 712 428 741 uestra
466 710 648 742 instructos
691 707 733 740 ad
766 706 905 752 predicti
951 708 1075 749 fratris
1113 708 1223 739 uestri
1249 706 1423 740 destinetis
1453 710 1662 752 presenciam
1691 711 1744 753 qui
1773 720 1817 742 ex
1846 712 1939 754 parte
1967 713 2080 743 uestra

214 771 320 813 ipsum
360 772 517 802 moneant
554 773 587 802 et
621 767 776 802 inducant
813 772 846 801 ut
888 770 1058 800 exercitur
1095 772 1212 801 contra
1247 778 1384 811 regnum
1420 772 1569 801 nostrum
1606 768 1768 803 hostiliter
1802 779 2006 815 processuro
2048 771 2079 803 in

215 831 311 862 metis
343 833 432 862 terre
460 839 520 862 sue
549 831 740 874 interponat
768 827 974 861 obstaculum
1006 838 1066 873 per
1095 827 1180 873 quod
1211 827 1434 861 difficultatem
1466 831 1612 862 inueniat
1641 829 1847 863 transeundi.

1086 941 1113 974 A
1124 941 1214 973 liter.

371 1014 385 1053 (⁷
492 1012 507 1054 )
544 1009 586 1044 Vt
621 1011 726 1055 Reyis
761 1010 995 1044 Romanorum
1032 1021 1214 1056 processus
1253 1015 1398 1056 optatum
1435 1010 1531 1044 linem
1562 1022 1627 1044 non
1657 1014 1764 1057 possit
1792 1015 1960 1057 attingere
1987 1011 2080 1046 fratri

215 1076 330 1105 uestro
359 1071 518 1105 efficaces
549 1072 657 1105 uelitis
696 1071 842 1115 dirigere
871 1071 998 1104 litteras
1027 1073 1134 1116 ipsum
1164 1071 1203 1104 ad
1234 1071 1296 1105 lioc
1327 1071 1367 1105 ob
1398 1074 1500 1105 nostri
1529 1075 1654 1106 amoris
1682 1075 1830 1106 intuitum
1861 1075 1922 1118 piis
1951 1073 2084 1106 exhor-

214 1131 336 1165 tatibus
366 1131 563 1165 inducentes
594 1136 626 1165 ut
654 1134 685 1165 in
716 1130 864 1177 partibus
893 1134 962 1165 suis
991 1131 1236 1165 obstructiones
1266 1135 1392 1165 uiarum
1423 1132 1546 1175 iubeat‚
1576 1135 1651 1178 quia
1680 1137 1715 1167 ut
1734 1132 1872 1167 firmiter
1891 1136 2082 1179 accepimus

212 1193 294 1226 Res
324 1193 557 1226 Romanorum
585 1192 624 1226 ad
655 1195 872 1238 precipicium
902 1196 1053 1226 nostrum
1083 1203 1161 1225 suos
1191 1193 1330 1226 intendit
1359 1196 1501 1226 transire
1531 1196 1692 1227 terminos
1721 1197 1913 1240 priusquam
1943 1194 2082 1228 duorum

214 1256 379 1287 mensium
409 1255 559 1299 spacium
592 1253 753 1287 elabatur.

1038 1366 1267 1409 Responsz'na.

371 1435 424 1469 Ad
454 1435 750 1469 confirmacionem
781 1438 886 1469 nostri
916 1434 1118 1481 beneplaciti
1150 1448 1209 1470 uos
1239 1436 1360 1469 offerre
1389 1436 1544 1469 uolentes
1574 1446 1633 1481 per
1653 1435 1794 1469 fidelium
1825 1447 1962 1482 operum
1993 1447 2085 1470 exe-

212 1499 386 1530 cucionem
416 1499 608 1529 continuam
638 1495 731 1529 fratri
761 1500 876 1529 nostro
906 1500 1039 1530 nostras
1069 1507 1189 1542 preces
1220 1507 1278 1542 pro
1308 1496 1463 1530 mandato
1483 1499 1661 1542 recipienti
1680 1496 1936 1541 diligentissime
1955 1507 2084 1530 recon-

212 1559 363 1590 misimus
393 1561 427 1590 ut
453 1560 538 1590 sicut
566 1560 671 1591 nostri
700 1560 870 1603 utriusque
900 1556 1072 1602 profectus
1102 1562 1132 1590 et
1162 1557 1297 1591 lionoris
1319 1560 1617 1603 perseueranciam
1638 1557 1753 1602 diligit,
1783 1560 1956 1591 transitum
1976 1557 2085 1602 Regis

212 1617 444 1651 Romanorum
473 1617 658 1651 efficaciter
686 1618 841 1663 impediat
872 1622 904 1651 et
934 1618 1071 1651 uiriliter
1100 1618 1285 1663 dextraque
1314 1621 1495 1651 resistente
1524 1622 1638 1652 contra
1669 1629 1742 1651 eum
1768 1628 1915 1662 suosque
1935 1617 2083 1652 fautores

213 1682 245 1711 et
273 1679 491 1712 auxiliatores
521 1682 627 1723 erigat
658 1678 806 1712 affinitati
837 1678 1014 1724 preferens
1048 1678 1234 1712 dilectionis
1264 1678 1493 1712 indissolubile
1522 1679 1689 1712 uinculum
1718 1678 1919 1712 fraternalis.

1082 1791 1211 1825 Aliter.

367 1860 448 1894 Cum
493 1864 580 1894 inter
618 1871 720 1905 reges
764 1866 796 1893 et
832 1860 941 1894 mundi
981 1861 1077 1894 huius
1123 1864 1290 1907 principes
1325 1861 1571 1895 dissensionum
1605 1860 1737 1895 flamina
1785 1871 1879 1894 suum
1927 1863 2079 1905 uigorem

214 1921 347 1968 ampliat
384 1920 613 1955 ilementorum
649 1924 795 1955 uarietas
833 1922 962 1967 patulas
997 1921 1165 1955 hominum
1201 1933 1301 1955 aures
1336 1921 1530 1966 ingrediens
1565 1925 1656 1967 ipsos
1690 1924 1722 1955 in
1767 1924 1961 1955 coniectura
1998 1921 2077 1954 facit

214 1982 382 2028 multiplici
412 1986 444 2015 et
472 1993 598 2024 errare,
629 1993 674 2016 ex
703 1981 765 2015 hiis
794 1981 906 2016 uerbis
935 1985 1080 2016 imitatur
1109 1982 1203 2024 Quod
1236 1994 1348 2027 reqem
1377 1982 1608 2016 Romanorum
1637 1982 1773 2016 firmiter
1801 1984 1924 2015 scimus
1944 1985 1977 2015 in
1996 1992 2082 2028 par-

214 2042 299 2077 tibus
328 2042 414 2076 Reni
443 2042 553 2076 arduis
582 2047 766 2088 occupatus
796 2046 959 2088 negociis„
990 2054 1053 2077 nec
1082 2047 1187 2089 ipsuni
1215 2054 1316 2089 posse
1346 2043 1386 2076 ad
1416 2046 1553 2077 iniurias
1575 2048 1709 2077 uestras
1729 2045 1914 2076 inuasionis
1943 2053 2084 2076 mucro-

214 2114 289 2136 nem
325 2102 510 2136 extendere
545 2114 620 2137 cum
660 2102 700 2137 ad
737 2106 808 2136 eius
844 2106 1041 2137 instanciam
1073 2106 1236 2149 princeps
1272 2105 1435 2138 Almcmz'e
1463 2108 1536 2138 sine
1566 2105 1660 2149 largn
1690 2103 1929 2137 distribucione
1958 2103 2083 2137 sollarii

214 2163 255 2197 ad
285 2166 578 2209 impugnacioneni
608 2165 708 2208 requi
733 2166 844 2197 vesti-15
870 2164 1059 2198 nullatenus
1088 2163 1176 2198 flecti
1206 2168 1324 2210 possit.
1354 2165 1443 2199 vnde
1472 2175 1535 2210 que
1565 2164 1606 2198 de
1635 2166 1703 2198 suis
1732 2163 1948 2210 processibus
1968 2167 2083 2198 uestre

212 2228 287 2258 sunt
316 2227 470 2257 nunciata
500 2224 689 2258 celsitudini
719 2224 842 2258 nullam
876 2227 1009 2270 penitus
1039 2228 1070 2259 in
1100 2236 1137 2259 se
1166 2229 1338 2259 continent
1368 2229 1556 2259 veritatem.

716 2328 796 2362 Rem
827 2329 1052 2363 Boleemorum
1082 2330 1281 2363 Marclez'om‘
1307 2340 1397 2363 leona
1426 2331 1587 2363 insinuat.

371 2396 550 2431 Cuiusdam
580 2400 738 2443 principis
768 2400 777 2440 (
888 2400 902 2443 Π)
938 2400 1047 2432 littere
1082 2410 1164 2445 quas
1194 2402 1372 2445 recipimus
1408 2404 1556 2433 vestram
1589 2409 1654 2432 non
1684 2403 1824 2444 possunt
1852 2399 1959 2432 latere
1988 2401 2083 2432 noti-

217 2460 302 2490 ciam
333 2457 476 2502 qualiter
504 2458 585 2492 Rern
613 2459 844 2492 Romanorum
876 2459 1116 2505 sollempnibus
1150 2463 1260 2494 missis
1289 2463 1432 2493 nunctiis
1461 2459 1607 2493 barones
1636 2458 1758 2493 Slauie
1787 2459 1827 2493 ad
1857 2470 1952 2493 suum
1981 2458 2083 2493 allicit

216 2518 374 2552 auxilium
411 2528 524 2551 eorum
567 2518 736 2553 laboribus
772 2523 1115 2566 recompensaciones
1154 2523 1350 2567 promittens
1380 2519 1552 2565 largifluas
1588 2524 1619 2552 et
1647 2522 1863 2554 inuestituras
1890 2523 2081 2553 nostrorum

216 2580 459 2625 principatuum
489 2578 607 2623 quibus
637 2590 696 2614 eos
726 2582 876 2625 insigniri
907 2580 1050 2626 spondet
1078 2580 1214 2615 firmiter
1242 2584 1268 2615 si
1298 2592 1402 2625 regna
1424 2583 1550 2616 nostra.
1580 2579 1666 2626 quod
1688 2579 1784 2623 absit,
1813 2591 1873 2614 sue
1894 2579 2075 2625 subjiceret
