2184 2828
978 108 1160 164 2⁵⁵5*
1179 161 1190 162 o

126 232 243 274 quovis
273 227 367 261 modo
397 225 564 272 Capellam
595 228 698 270 ipsam
728 225 921 258 dimittente.
953 225 1050 259 liceat
1077 224 1200 258 eisdem
1230 223 1465 259 Mansionariis
1494 230 1525 259 et
1555 236 1668 259 eorum
1699 226 1963 261 successoribus.

124 300 183 334 per
210 299 256 322 se.
287 287 341 320 vel
371 297 484 320 eorum
514 285 763 328 Procuratores,
794 288 989 319 auctoritate
1018 288 1148 331 propria
1178 284 1305 330 prefate
1335 284 1468 331 Capelle
1496 289 1743 332 possessionem
1773 287 1965 332 apprehen-

121 348 201 382 dere
219 347 438 392 corporalem,
460 348 601 391 ejilsque
620 345 777 388 redditus,
799 350 831 379 et
847 350 1029 392 proventus
1046 345 1146 379 libere
1162 348 1326 390 recipere,
1349 349 1381 379 et
1400 349 1556 389 retinere,
1579 358 1618 380 ac
1639 357 1697 380 eos
1717 346 1799 380 alios
1820 350 1850 380 in
1872 358 1963 381 usus.

123 412 154 442 et
182 410 406 441 necessitates
435 417 548 440 eorum
578 409 730 452 proprias
758 409 929 452 perpetuis
959 405 1161 452 temporibus
1190 407 1301 448 liceat,
1332 411 1533 440 convertere
1568 407 1721 450 valeant,
1750 406 1966 442 Diocesensis

123 469 196 502 loci.
227 472 282 501 aut
311 467 446 501 alterius
475 468 703 512 cujuscunque
731 466 872 500 licencia
903 477 961 500 seu
991 477 1132 500 assensu
1167 469 1302 499 minime
1336 469 1520 512 requisitis,
1558 471 1693 513 proviso
1721 472 1850 509 tamen„
1881 468 1966 512 quod

123 527 258 574 Capella
287 527 437 574 predicta
466 527 598 561 Divinis
628 531 659 560 et
680 526 797 560 debitis
819 526 987 572 obsequiis
1016 531 1150 573 propter
1176 526 1251 569 1100,
1282 537 1321 560 ac
1350 527 1448 561 solito
1478 530 1701 561 ministrorum
1731 538 1870 562 numero
1899 539 1964 562 non

122 587 303 622 fraudetur.
334 587 488 634 quodque
517 587 557 620 de
585 589 688 633 ipsius
710 587 843 632 Capelle
872 587 1064 630 redditibus,
1094 591 1253 621 consueta
1275 587 1422 631 ejusdem
1445 586 1578 633 Capelle
1598 599 1698 622 onera
1720 599 1780 634 per
1798 588 1966 634 predictos

121 647 365 682 mansionarios
400 647 604 692 integraliter
638 652 885 694 supportentur.
942 647 1016 682 Non
1051 647 1273 690 obstantibus,
1313 650 1339 681 si
1376 648 1474 694 aliqui
1503 659 1602 694 super
1631 648 1877 694 provisionibus
1906 648 1967 682 sibi

121 708 295 751 faciendis,
326 708 366 742 de
394 707 579 752 hujusmodi
610 707 765 754 Capellis‚
795 708 849 742 vel
879 708 950 741 aliis
985 707 1155 742 beneficiis
1183 708 1428 742 Ecclesiasticis
1462 711 1494 742 in
1530 708 1592 742 illis
1628 709 1774 754 partibus
1802 710 1966 755 speciales

121 769 176 802 vel
203 769 381 814 generales
409 769 605 815 Apostolice
634 768 745 811 Sedis,
777 768 830 802 vel
857 768 1041 813 legatorum
1070 770 1142 813 ejus
1170 769 1282 802 literas
1312 771 1521 814 impetravit‚
1561 771 1666 802 eciam
1695 772 1722 803 si
1751 781 1811 815 per
1839 780 1897 804 eas
1926 770 1966 803 ad

122 828 370 872 inhibicionem‚
400 831 687 871 reservacionem‚
717 833 749 862 et
768 828 949 873 decretum,
978 829 1033 863 vel
1063 829 1144 863 alias
1175 829 1420 875 quomodolibet
1448 832 1489 863 sit
1518 840 1724 875 processum,
1755 841 1836 876 quas
1857 830 1967 864 literas

122 894 154 924 et
182 901 362 936 processus
391 889 519 923 habitos
548 900 609 935 per
637 889 773 923 easdem
803 889 843 923 ad
872 889 1054 935 predictam
1083 888 1251 936 Capellam
1280 889 1432 924 volumus
1467 900 1534 923 non
1569 890 1721 933 extendi„
1758 890 1815 924 sed
1845 891 1965 924 nullmn

124 962 185 996 per
214 950 276 984 hoc
305 953 354 984 eis
383 949 491 995 quoad
520 953 772 984 assecucioneni
803 949 1029 996 Capellarum,
1060 954 1092 984 et
1118 949 1357 984 beneficiorum
1386 950 1523 984 aliorum
1553 950 1767 996 prejudicium
1796 954 1964 995 generari.

122 1016 155 1045 et
190 1010 387 1056 quibuslibet
422 1010 626 1056 privilegiis,
662 1010 901 1055 indulgemus,
945 1015 977 1044 et
1019 1011 1120 1044 literis
1154 1010 1357 1057 Apostolicis
1398 1010 1611 1055 generalibus
1653 1011 1708 1045 vel
1750 1011 1964 1057 specialibus.

121 1082 403 1117 quorumcumque
432 1075 584 1105 tenorum
614 1073 771 1113 existant7
803 1082 862 1116 per
890 1082 952 1117 que
972 1070 1193 1123 presentibus
1211 1082 1278 1105 non
1298 1082 1476 1117 expressa²
1507 1072 1562 1105 vel
1582 1072 1725 1105 totaliter
1744 1082 1810 1105 non
1830 1075 1965 1113 insertaf

121 1132 258 1166 effectus
293 1143 406 1166 earum
442 1131 591 1177 impediri
627 1131 871 1178 quomodolibet
899 1132 953 1165 vel
983 1131 1122 1175 differri,
1158 1137 1191 1166 et
1219 1132 1259 1165 de
1287 1131 1423 1177 quibus7
1460 1143 1664 1178 quorumque
1693 1135 1768 1166 totis
1798 1132 1966 1166 tenoribus

121 1192 229 1226 habita
259 1196 299 1226 sit
326 1196 358 1226 in
386 1195 508 1226 nostris
536 1192 638 1226 literis
667 1195 797 1225 mencio
827 1193 992 1238 specialis.
1025 1191 1094 1226 Nos
1123 1195 1208 1226 enin]
1231 1195 1358 1226 irritum
1379 1192 1589 1226 decernimus
1619 1197 1649 1226 et
1678 1195 1789 1235 inane,
1820 1196 1847 1227 si
1868 1204 1966 1227 secus

121 1265 222 1299 super
250 1253 313 1299 liys
342 1265 359 1287 a
388 1263 554 1298 quoquam
584 1255 702 1298 quavis
732 1256 927 1286 auctoritate
957 1256 1101 1287 scienter
1128 1254 1183 1287 vel
1212 1256 1406 1298 ignoranter
1435 1256 1611 1298 contigerit
1640 1256 1836 1299 attemptari.
1879 1253 1966 1287 Nulli

120 1324 203 1359 ergo
238 1316 372 1347 omnino
408 1313 575 1347 hominum
612 1313 697 1347 hanc
732 1316 886 1359 paginam
920 1318 1034 1347 nostre
1069 1316 1315 1357 concessionis,
1353 1316 1657 1360 incorporacionis.
1689 1316 1905 1357 annexionis,
1935 1319 1967 1348 et

120 1377 252 1408 unionis
285 1373 487 1419 infringere2
519 1374 574 1408 vel
602 1377 632 1408 ei
662 1385 745 1408 ausu
775 1377 953 1407 temerario
982 1377 1150 1408 contraire
1178 1375 1286 1408 liceat.
1345 1374 1380 1408 Si
1415 1377 1487 1419 quis
1523 1379 1631 1408 autem
1670 1374 1733 1408 hoc
1770 1379 1966 1420 attemptare

121 1437 370 1481 presumpserit,
400 1434 669 1479 indignacionem
700 1433 942 1480 Omnipotentis
972 1434 1045 1478 Dei,
1076 1439 1107 1468 et
1134 1422 1312 1469 Beatorum
1342 1434 1430 1468 Petri
1459 1439 1489 1469 et
1519 1435 1609 1468 Pauli
1630 1434 1866 1480 Apostolorum
1895 1436 1966 1479 ejus

121 1506 158 1529 se
186 1499 318 1529 noverit
347 1498 569 1529 incursurum.
626 1495 744 1528 Datum
775 1496 935 1528 Aviiiioni
964 1495 1037 1529 vll.
1068 1495 1143 1529 Idus
1172 1495 1261 1539 itlaji‚
1291 1495 1506 1529 Pontificatus
1535 1498 1637 1529 nostri
1667 1506 1753 1529 anno
1782 1500 1911 1540 quarto.

429 1557 621 1591 (Abgedruckt
647 1557 687 1582 bei
715 1557 823 1582 Dobner
847 1557 1008 1582 lilonument.
1035 1557 1062 1582 B.
1083 1557 1127 1582 lll.
1153 1558 1179 1583 S.
1207 1557 1266 1583 334
1292 1565 1317 1584 n.
1343 1557 1400 1583 Vll.
1427 1557 1520 1591 Vei-gl.
1546 1557 1572 1583 B.
1591 1557 1635 1582 [Y.
1661 1558 1687 1582 S.
1707 1556 1766 1583 319
1793 1566 1817 1583 n.
1836 1556 1965 1587 cxcx'tji

991 1659 1097 1694 659.

122 1737 231 1772 Pabst
262 1737 415 1772 Clemens
443 1737 497 1772 ΓΙ.
527 1739 693 1771 reserrz'rt
720 1739 776 1781 fiir
804 1738 865 1771 den
896 1738 1051 1771 Priesler
1079 1738 1140 1770 cler
1168 1738 1302 1781 Prayer
1330 1737 1491 1781 Dzbcese,
1522 1737 1645 1772 Alhert
1673 1737 1793 1780 Hos-'ia
1825 1739 1878 1771 ein
1907 1738 1967 1770 der

130 1798 332 1843 Verlee'lmny
369 1799 428 1832 cles
459 1798 632 1832 Olmit'lz-er
659 1798 842 1842 Risi-boses
877 1799 942 1831 um]
973 1798 1127 1842 Capitels
1161 1798 1380 1842 zuslaadiqes
1414 1798 1633 1843 Beneficium.
1689 1799 1748 1832 Dt.
1780 1798 1963 1831 Ace'm'oue.

722 1859 794 1894 ill.
826 1859 904 1892 [dus
934 1859 1022 1892 Jlm'i
1055 1858 1109 1899 (9.
1139 1858 1232 1901 Mai)
1264 1858 1375 1892 1346.

277 1917 455 1971 Clemens
486 1936 671 1983 Episcopus
702 1937 830 1971 Servus
861 1936 1042 1970 Servorum
1072 1936 1134 1969 Dei
1162 1935 1292 1970 Dilecto
1321 1936 1386 1970 lilio
1414 1936 1554 1971 Alberto
1575 1936 1710 1971 Horzitz
1731 1936 1860 1970 Clerico
1882 1936 1967 1969 Pra-

125 1999 238 2037 gensis
266 1997 350 2032 dioc.
383 1997 530 2032 Salutem
560 2003 591 2032 et
621 1998 849 2044 Apostolicani
879 1997 1181 2031 Benedictionem..
1199 2023 1206 2030 .

278 2057 441 2092 Volentes
477 2058 767 2103 tibi...gratiam
803 2058 915 2091 facere
952 2058 1132 2103 specialem
1167 2056 1363 2091 beneficium
1399 2057 1661 2091 ecclesiasticum
1700 2068 1771 2091 cuin
1806 2068 1883 2090 cura
1913 2057 1967 2090 vel

127 2120 199 2150 sine
228 2128 319 2160 cura,
349 2121 442 2153 cuius
472 2118 596 2152 fructus
626 2119 774 2153 redditus
803 2123 833 2151 et
863 2122 1056 2164 proventus,
1088 2120 1115 2151 si
1145 2128 1217 2150 cum
1247 2128 1325 2151 cura
1346 2121 1611 2164 vigintiquinque
1639 2121 1665 2152 si
1692 2128 1774 2151 vero
1795 2120 1867 2151 sine
1887 2129 1966 2151 eura

128 2177 225 2211 fuerit
252 2177 366 2212 decem
396 2183 427 2212 et
454 2184 530 2212 octo
559 2178 769 2213 Marcharnm
800 2180 939 2223 Argenti
968 2177 1148 2212 secundum
1178 2180 1379 2212 taxationem
1410 2178 1537 2212 decime
1563 2179 1709 2212 valorem
1732 2189 1873 2211 annuum
1901 2189 1965 2212 non

127 2236 293 2271 excedant
314 2243 469 2284 spectans
496 2243 715 2274 communiter
739 2240 791 2273 vel
816 2239 944 2273 divisim
972 2238 1011 2272 ad
1039 2238 1247 2272 collationem
1275 2238 1326 2271 vel
1354 2242 1578 2284 provisionem
1600 2242 1653 2272 aut
1680 2242 1965 2284 presentationem

127 2308 186 2332 seu
208 2300 358 2343 quamvis
379 2299 473 2332 aliam
493 2300 744 2346 dispositionem
766 2299 967 2333 venerabilis
990 2298 1099 2332 fratris
1120 2300 1240 2332 nostri.
1259 2297 1432 2345 .Episc0pi
1454 2304 1485 2333 et
1505 2299 1698 2333 dilectorum
1719 2298 1857 2332 filiorum
1881 2299 1966 2332 Pre-

128 2360 224 2404 positi
246 2357 372 2391 Decani
402 2363 433 2392 et
454 2358 592 2405 Capituli
615 2360 860 2402 Olomucensis,
892 2363 916 2394 si
947 2359 1031 2405 quod
1061 2362 1158 2393 etiam
1188 2362 1218 2393 in
1249 2360 1390 2395 ecclesia
1413 2360 1624 2395 Olomucensi
1647 2365 1745 2395 vacat
1764 2361 1802 2394 ad
1825 2374 1964 2408 presens

128 2418 181 2452 vel
211 2429 284 2452 cnm
313 2422 555 2453 vacaverit...
580 2421 819 2455 conserendum
850 2421 904 2454 tibi
928 2448 934 2453 .
954 2447 960 2453 .
979 2447 986 2453 .
1010 2431 1237 2454 reservamus.
1263 2447 1269 2453 .
1301 2447 1308 2454 .
1350 2420 1467 2456 Datum
1497 2423 1665 2456 Avinione
1694 2421 1755 2456 V11
1784 2421 1859 2456 Idus
1888 2422 1965 2456 Maii

129 2479 230 2512 Anno
260 2478 394 2519 Quarto.

437 2540 521 2570 (xm-h
546 2541 603 2567 dem
628 2542 701 2573 erig.
727 2543 842 2572 Regeste
868 2542 968 2568 Pabst's
984 2542 1106 2567 Clemens
1130 2541 1174 2568 vl.
1200 2541 1273 2567 Jalir.
1293 2542 1337 2567 lV.
1364 2542 1390 2568 B.
1416 2543 1435 2569 1.
1462 2542 1577 2569 81:203
1604 2544 1629 2569 S.
1645 2544 1684 2569 90
1708 2546 1740 2570 im
1760 2544 1965 2570 vaticanis-chen

538 2594 653 2620 Arcliive
677 2603 707 2620 zu
731 2595 804 2621 Rom.
853 2595 947 2620 Vidini.
974 2594 1111 2620 Absrlirist
1133 2596 1165 2620 ini
1191 2603 1223 2620 ni.
1250 2598 1281 2620 st.
1307 2594 1546 2621 Landesarrlnve.)
