2184 2828
998 118 1073 154 237

114 239 195 283 ipsis
223 241 255 272 et
283 247 394 271 eorum
422 235 518 270 bonis
546 247 585 270 ac
612 235 798 271 hominibus
826 236 910 271 infra
940 237 1145 272 Sexennium
1178 238 1332 282 recipere
1360 237 1413 270 uel
1441 239 1490 271 eis
1518 239 1690 283 imponere
1718 248 1893 283 possemus
1921 248 1959 272 se

114 308 174 344 pro
202 297 296 332 nobis
323 296 458 332 soluere
492 307 536 330 ex
571 301 685 330 nostro
722 297 875 332 mandato
910 298 1046 343 speciali
1078 300 1316 332 astrinxerunt.
1369 296 1440 332 Nos
1468 300 1577 343 itaque
1605 302 1700 343 grata
1729 298 1958 332 uicissitudine

114 361 258 404 ipsorum
286 356 518 391 beniuolencie
545 367 724 391 occurrere
751 357 964 404 disponentes
992 358 1032 393 ad
1060 357 1179 392 dictum
1207 357 1415 392 Sexennium
1444 369 1545 392 vnum
1573 369 1695 392 annum
1724 358 1884 393 adicimus
1913 370 1958 392 ex

112 420 226 463 gracia
255 421 334 463 ipsis
363 422 395 452 et
423 418 561 462 singulis
589 428 703 452 eorum
732 418 828 453 bonis
861 430 901 453 ac
935 418 1134 457 bominibus..
1153 429 1188 455 ‚a
1224 417 1312 452 festo
1341 417 1428 452 beati
1457 417 1569 452 Georii
1597 430 1685 453 nunc
1714 422 1871 464 preterito
1899 430 1959 465 per

114 478 330 524 Septennium
358 480 548 512 continuum
576 477 640 512 hoc
668 483 719 512 est
746 490 850 524 usque
879 478 919 512 ad
941 479 1026 513 idem
1052 479 1172 514 festum
1201 478 1288 513 beati
1309 478 1422 512 Georii
1449 481 1482 512 in
1502 479 1601 513 Anno
1622 479 1807 514 Natiuitatis
1836 479 1958 513 domini

112 537 451 573 MOGGCOXL0V1110.
481 538 615 573 rediens
644 538 757 573 damus
783 544 815 573 et
835 538 1054 575 Concedimus
1074 539 1203 586 plenam
1232 544 1264 573 et
1292 539 1513 574 omnimodam
1539 539 1735 574 libertatem.
1766 539 1961 574 Eximentes

112 603 145 633 et
173 598 386 633 absoluentes
414 610 473 634 eos
501 598 542 634 ab
570 599 721 634 omnibus
750 600 1007 644 exaccionibus,
1042 599 1316 647 Imposicionihus
1358 599 1592 635 Peticionibus.
1637 600 1960 643 Contribucionibus‚

111 658 258 703 Steuris‚
296 658 470 703 Collectis‚
509 659 690 703 subsidiis,
725 660 906 705 AiigariiS‚
935 661 1165 706 Perangariis‚
1196 665 1227 695 et
1263 662 1432 695 vniuersis
1461 672 1501 695 ac
1530 661 1670 705 singulis
1699 661 1961 706 grauaniinibus‚

113 731 177 766 que
204 731 293 755 nunc
320 725 396 756 sunt
423 721 477 755 uel
505 721 708 755 succedente
736 726 886 767 tempore
920 727 1058 768 possent
1085 721 1267 767 aliqualiter
1302 724 1450 755 euenire.
1481 720 1640 755 Voleutes
1669 733 1707 755 ac
1736 725 1962 768 promittentes

112 785 230 816 nostro
258 786 290 815 et
318 781 536 827 quorumlibet
562 786 750 816 nostrorum
778 785 912 816 nomine
940 786 1020 829 ipsis
1048 782 1167 817 dictam
1195 782 1379 816 libertatem
1407 781 1492 816 infra
1521 781 1598 816 dicti
1627 785 1783 828 temporis
1811 785 1961 828 spacium

113 841 253 876 fideliter
286 841 481 876 obseruare.
536 841 579 876 Et
611 853 672 876 nos
707 842 849 877 Karolus
885 843 1033 878 eiusdem
1066 843 1187 878 domini
1220 843 1326 887 Regis
1360 843 1604 888 Primogenitus
1631 842 1782 877 Marchio
1809 843 1962 878 Morauie

112 913 177 937 una
206 914 282 937 cum
310 902 396 937 dicto
424 901 556 937 domino
585 907 617 937 et
646 902 803 937 Genitore
831 909 945 938 nostro
974 904 1014 938 ad
1043 903 1320 939 observacionem
1349 903 1436 938 dicte
1465 903 1626 938 libertatis
1654 914 1716 938 nos
1746 906 1960 948 astringimus

113 965 340 1009 promittentes
368 975 441 998 eam
470 964 757 1010 inpermutabilem
792 976 929 999 seruare
963 965 1111 999 similiter
1146 969 1179 999 et
1205 968 1238 999 in
1272 964 1361 999 nullo
1389 967 1519 1010 penitus
1548 965 1692 1008 uiolare,
1721 964 1759 998 In
1787 968 1882 999 cuius
1910 967 1961 999 rei

114 1026 337 1058 testimonium
364 1029 540 1071 presentes
568 1025 682 1059 literas
701 1025 868 1060 conscribi
895 1030 925 1059 et
946 1030 1130 1060 nostrorum
1152 1025 1343 1071 Sigillorum
1362 1028 1567 1071 appensione
1595 1024 1734 1059 fecimus
1754 1029 1961 1059 communiri.

113 1083 233 1119 Datum
259 1084 381 1130 Prage,
408 1088 441 1120 in
470 1085 522 1120 die
550 1085 639 1120 beati
666 1085 732 1120 Viti
760 1086 861 1121 Anno
890 1086 1010 1121 domini
1037 1085 1190 1121 MOCCCO
1218 1086 1483 1131 Quadragesimo
1512 1086 1632 1120 Primo.

421 1165 507 1197 (Nach
531 1166 606 1191 einer
629 1165 768 1192 Abschrift
791 1166 824 1192 im
848 1166 874 1191 k.
901 1166 989 1192 bulini.
1006 1166 1125 1192 Museum
1147 1174 1194 1192 aus
1219 1165 1278 1192 deni
1303 1165 1477 1192 handschriss.
1494 1165 1618 1199 Pergam.
1645 1165 1711 1191 Cod.
1730 1165 1778 1191 des
1794 1165 1963 1192 X1v.Ja111--

524 1217 653 1244 hunderts
677 1218 704 1245 S.
730 1217 770 1244 24
793 1219 827 1244 irn
851 1218 966 1244 Archive
991 1217 1133 1245 desselben
1156 1218 1304 1250 Klosters.)

986 1373 1095 1409 331.

259 1431 402 1497 Konig
433 1450 565 1486 Johann
598 1463 666 1487 von
707 1452 856 1487 Bohmen
889 1451 1006 1486 befreit
1047 1451 1106 1486 das
1141 1451 1277 1486 Kloster
1312 1451 1425 1486 Ossek
1460 1451 1518 1486 auf
1550 1451 1635 1486 zehn
1672 1451 1774 1486 Jahre
1808 1462 1874 1485 von
1905 1451 1964 1485 der

115 1511 241 1557 konigl.
271 1512 393 1547 Steuer
420 1513 565 1558 (Berna)
594 1513 661 1547 und
688 1513 822 1548 befiehlt
850 1513 923 1547 dem
951 1512 1166 1558 Marligrafen
1200 1513 1278 1547 Karl
1315 1513 1380 1548 und
1409 1513 1496 1547 allen
1524 1513 1557 1547 k.
1586 1513 1765 1556 Beamten‚
1793 1523 1861 1547 von
1890 1512 1963 1546 dem

115 1577 307 1617 genannten
333 1573 469 1609 Kloster
496 1573 588 1609 diese
617 1574 738 1609 Steuer
765 1574 929 1609 wahrend
957 1574 1015 1608 der
1042 1573 1229 1619 gedachten
1248 1574 1322 1608 Zeit
1348 1573 1439 1609 nicht
1466 1585 1507 1608 zu
1535 1574 1732 1619 verlangen.
1763 1573 1816 1608 Dt.
1834 1573 1962 1618 Pragae„

117 1637 149 1667 in
177 1633 230 1667 die
257 1633 288 1668 b.
317 1633 385 1668 Viti
413 1639 549 1681 martyr.
579 1634 658 1680 (15.
687 1634 782 1680 Juni)
813 1634 922 1670 1341.

425 1714 509 1746 (Nacti
528 1715 602 1740 einer
619 1714 757 1740 Abs-christ
780 1715 812 1740 im
837 1714 862 1740 k.
889 1714 976 1740 bohni.
995 1714 1111 1739 Mnseum
1137 1721 1183 1739 aus
1208 1713 1266 1740 dem
1290 1714 1464 1740 handsrlirift.
1489 1714 1610 1748 Pergam.
1636 1713 1703 1739 Cod.
1729 1713 1777 1739 des
1793 1713 1862 1740 xlv.
1881 1712 1963 1739 Jahr-

526 1766 607 1792 hund.
633 1766 649 1792 f.
676 1766 727 1800 20,
751 1768 785 1793 im
809 1767 924 1793 Archivc
948 1766 1091 1792 desselben
1115 1765 1263 1798 Klosters.)

990 1920 1096 1956 332.

122 2008 293 2042 Βνὲἰεῖαω
319 2020 385 2043 con
405 2008 653 2054 Schellenberq
681 2010 851 2054 empsa'nyt
879 2020 942 2042 ron
971 2008 1043 2041 dem
1068 2007 1299 2052 Itys-elarader
1319 2008 1466 2043 Probste
1492 2007 1661 2042 Berthold
1688 2018 1753 2041 ron
1781 2006 1868 2051 Lipa
1896 2007 1960 2040 den

118 2071 249 2103 tz'erten
282 2069 381 2104 Tlaez'l
405 2082 471 2104 ton
504 2070 774 2114 Sclziillenlmfen
803 2070 871 2103 med
897 2070 950 2103 die
979 2068 1099 2112 Iltilfte
1133 2069 1191 2102 des
1219 2068 1402 2103 Seklosses
1429 2069 1620 2114 Friedbury
1648 2080 1689 2102 zu
1718 2067 1842 2101 Lehen.
1899 2068 1959 2101 De.

597 2131 808 2168 Clarumnow,
838 2131 891 2164 die
919 2129 949 2163 Ι).
979 2130 1144 2173 Procopii
1172 2128 1227 2171 (8.
1256 2129 1350 2172 Juli)
1383 2129 1492 2164 1341.

273 2215 363 2268 Nos
395 2234 546 2270 Dirslaus
583 2235 624 2270 de
659 2234 921 2270 Scliellenberch
957 2233 995 2267 ad
1031 2235 1262 2267 vniuersorum
1299 2237 1453 2268 noticiam
1482 2238 1598 2268 tenore
1626 2234 1836 2278 presencium
1865 2235 1962 2278 cupio

118 2295 296 2332 deuenit-e.
326 2294 420 2335 Quod
448 2307 466 2329 a
495 2296 678 2331 venerabili
706 2299 778 2331 viro
800 2296 939 2331 Domino
959 2293 1115 2328 Bertoldo
1135 2293 1176 2327 de
1195 2292 1288 2339 Lypa
1307 2297 1477 2340 preposito
1498 2293 1785 2339 Wyssehradcnsi
1814 2297 1963 2339 quartam

119 2360 245 2401 partem
266 2355 431 2390 Bonorum
452 2357 606 2391 videlicet
626 2357 774 2391 Ciuitatis
794 2354 1055 2390 Schutteuliol'cn
1075 2365 1148 2388 cum
1168 2356 1236 2388 suis
1263 2357 1478 2400 pertinencijs
1499 2360 1531 2388 et
1552 2354 1740 2387 vtilitatibus
1760 2353 1802 2388 Et
1821 2353 1962 2388 mediam

119 2421 244 2462 partem
274 2416 378 2449 Castri
408 2415 568 2451 Fridburk
596 2429 669 2452 cum
699 2420 790 2462 agris
819 2417 912 2451 cultis
941 2420 973 2449 et
1001 2414 1130 2448 incultis
1160 2414 1258 2448 Siluis
1293 2414 1491 2449 Nemoribus
1526 2414 1663 2448 Rubetts
1691 2414 1796 2448 Pratis
1825 2414 1962 2448 Pascuis

119 2477 318 2511 Molendinis
346 2479 438 2522 aquis
466 2481 498 2510 et
525 2488 683 2522 aquarum
713 2477 907 2512 decursibus
927 2474 1185 2516 venaciouibus,
1215 2475 1497 2521 aucupacionibus
1525 2479 1557 2509 et
1586 2477 1750 2509 Vniuersis
1770 2475 1961 2508 eorumdem

121 2537 330 2572 vtilitatibus.
359 2537 456 2582 pleno
483 2537 564 2571 Jure
593 2543 626 2573 et
653 2539 815 2581 dominio,
845 2548 908 2583 que
937 2537 1028 2570 Boua
1057 2547 1076 2569 a
1096 2535 1203 2569 Nobili
1231 2538 1305 2569 viro
1333 2536 1465 2569 domino
1495 2535 1638 2569 Sezama
1667 2535 1707 2569 de
1736 2535 1960 2569 Kaschowicz

121 2601 153 2631 in
191 2597 387 2643 Quingentis
423 2597 573 2642 Triginta
609 2603 641 2632 et
676 2604 751 2634 octo
779 2600 960 2643 sexagenis
992 2607 1186 2641 grossorum
1222 2595 1442 2640 Pragcnsium
1484 2600 1606 2630 tantum
1643 2596 1791 2642 capitalis
1819 2598 1960 2642 pecunie
