2184 2828
163 256 331 302 predictus
360 252 517 286 Nicolaus
548 249 696 296 possedit
724 247 907 281 huiusmodi
936 247 1077 291 pitancia
1107 246 1209 277 nostri
1239 241 1431 276 Conuentus
1470 243 1587 288 prefati
1617 244 1701 287 (sic)
1731 246 1890 289 suscipiet
1918 254 2000 288 per-

163 320 262 362 petue
291 312 502 360 possidenda,
532 311 568 344 ln
597 312 689 343 cuins
718 311 765 342 rei
790 309 1008 342 testiinonium
1037 304 1227 349 Sigillorum
1253 307 1440 337 nostrorum
1466 306 1671 348 appensione
1696 304 1844 337 roborari
1866 304 2004 338 fecimus

164 387 303 422 presens
342 377 509 419 scriptum,
548 371 657 404 datum
693 372 725 403 in
762 368 964 402 Monasterio
1000 369 1112 398 nostro
1148 363 1289 398 Lucensi
1323 363 1472 409 predicto
1505 364 1604 397 Anno
1640 364 1761 397 domini
1796 363 1856 397 ΜΟ.
1887 363 1997 398 CCCO.

164 435 291 470 XX110.
321 439 419 469 sexto
448 431 614 466 Kalendas
640 430 776 476 Aprilis.

322 495 376 529 Ad
406 493 611 527 euidenciain
641 494 739 535 igitur
767 488 989 535 predictorum
1019 486 1200 532 pleniorem
1230 485 1299 519 Nos
1330 484 1520 518 Gerbardus
1549 484 1663 519 Abbas
1693 488 1723 518 in
1754 485 1865 519 Monte
1895 485 2001 531 Syon,

167 557 379 592 Hermannus
408 554 525 588 Abbas
555 555 586 585 in
615 541 847 585 Zabrdowicz.
876 547 1022 582 Jacobus
1052 549 1244 593 prepositus
1279 548 1310 579 in
1341 545 1476 590 Cunycz
1506 544 1619 589 Sigilla
1654 550 1766 579 nostra
1794 545 2006 590 presentibus

165 618 374 652 decreuiinus
405 613 612 661 apponenda.

475 675 561 710 ffiach
585 674 671 700 einein
696 672 1040 699 Notariats-lustruniente
1066 676 1127 694 voni
1148 668 1171 694 J.
1200 667 1291 701 1422,
1312 668 1410 693 dessen
1436 668 1509 699 orig.
1531 668 1563 692 im
1584 668 1700 694 Archive
1724 667 1867 692 desselben
1884 666 2006 693 Klosters

577 726 622 753 Lit.
649 726 678 751 K.
705 734 728 750 n.
757 725 782 749 7.
809 725 841 749 im
867 723 948 748 mulir.
974 721 1060 749 stand.
1088 720 1301 746 Laudesarcime
1326 719 1383 745 sich
1408 719 1549 751 betindet.)

1042 858 1149 893 210.

310 926 451 988 konig
486 942 617 976 Joliann
657 951 722 974 von
760 939 908 973 Bolnnen
948 937 1066 971 befreit
1108 939 1263 980 zwanzig
1302 946 1359 968 zur
1395 934 1489 968 Stadt
1524 934 1633 969 Lobau
1671 934 1833 979 geborige
1870 932 2011 978 Morgen

171 1007 299 1041 Landes
328 1017 395 1039 von
428 1004 513 1038 allen
546 1001 724 1046 Abgaben.
756 1000 808 1034 Dt.
840 999 972 1043 Pragae
1000 997 1057 1031 lv.
1088 996 1228 1031 Kalend.
1259 996 1405 1040 Augusti
1435 995 1513 1040 (29.
1543 995 1623 1038 Juli)
1654 993 1762 1028 1322.

478 1065 592 1097 (Koliler
617 1063 682 1089 t'od.
709 1063 772 1096 dipl.
797 1062 885 1088 Lusat.
911 1069 1002 1095 super.
1028 1068 1052 1094 p.
1088 1058 1155 1085 188.
1189 1067 1213 1084 n.
1239 1057 1380 1084 cxxviii.
1413 1057 1480 1083 nach
1511 1057 1568 1083 dem
1599 1056 1673 1090 Orig.
1704 1057 1737 1082 im
1768 1055 1890 1082 Lobauer
1913 1055 2012 1081 Baths-

580 1116 713 1143 art-hire.)

1046 1205 1153 1240 211.

173 1293 286 1336 Koniy
320 1290 456 1324 Joleann
495 1299 559 1322 con
595 1287 744 1320 Bolemen
780 1284 899 1318 erleebt
934 1284 996 1318 (las
1031 1283 1127 1327 Dor-f
1155 1283 1314 1326 Fratle'nq
1350 1294 1390 1315 5η
1427 1283 1532 1315 einem
1571 1281 1717 1315 Markte.
1757 1281 1837 1315 Dlo.
1877 1282 2016 1326 Proque

652 1346 719 1380 III.
750 1346 870 1379 Nonus
898 1343 1100 1378 Novembris
1131 1343 1186 1386 (3.
1217 1342 1401 1385 Noremb.)
1436 1341 1543 1375 1323.

338 1408 615 1461 Johannes.dei
643 1426 769 1470 gracia.
799 1424 948 1466 Boemie‚
979 1427 1010 1456 et
1038 1422 1176 1456 Polonie
1205 1421 1292 1464 Rex,
1330 1431 1368 1454 ac
1398 1419 1698 1464 Lucemburgensis
1729 1419 1860 1454 Comes.
1898 1420 2019 1454 Omni-

175 1490 236 1525 bus
270 1493 512 1536 inperpetuum.
554 1486 645 1532 Opus
681 1488 866 1529 egregium.
901 1487 933 1517 in
969 1482 1065 1517 nobis
1102 1483 1288 1516 clemencia
1317 1485 1520 1526 suggerente
1557 1480 1753 1526 perficimus.r
1793 1492 1865 1514 cuin
1909 1480 2019 1526 Regni

174 1553 278 1585 nostri
313 1547 612 1589 commoditatibus.
649 1557 687 1579 ac
723 1544 927 1591 profectibus
962 1543 1183 1588 inuigilainus.
1220 1547 1253 1575 et
1287 1544 1467 1576 insistimus
1505 1541 1689 1586 diligenter.
1730 1540 1779 1574 Ea
1814 1545 1950 1587 propter
1984 1545 2021 1575 vt

175 1612 287 1645 villani
316 1612 433 1651 nostri5
462 1612 494 1642 in
524 1608 601 1642 villa
630 1610 741 1641 nostra
772 1609 906 1650 vreting
935 1606 1098 1639 continuis
1127 1602 1300 1649 proficiant
1329 1601 1734 1644 incrementis.v01umus‚
1761 1606 1792 1635 et
1812 1604 2018 1644 instituimus,

177 1671 264 1716 quod
292 1674 364 1716 ipsa
391 1669 470 1703 villa
499 1673 613 1702 nostra
642 1670 787 1712 vreting.
819 1666 982 1712 Oppidum
1017 1665 1166 1707 forense.
1203 1675 1265 1698 sev
1293 1664 1385 1697 locus
1414 1662 1556 1697 forensis
1586 1672 1660 1696 esse
1689 1662 1819 1696 debeat.
1859 1661 2021 1708 Quodque

177 1731 297 1766 ibidem
325 1734 357 1764 in
387 1735 486 1764 antea
515 1732 745 1775 inperpetuum
774 1728 857 1761 feria
889 1726 1014 1768 Quarta
1048 1724 1223 1759 cuiuslibet
1261 1726 1458 1769 septimane.
1491 1722 1608 1765 forum,
1645 1733 1717 1755 cum
1752 1721 1898 1765 Jurssms,
1928 1722 2022 1755 vtili-

178 1791 309 1835 tatibus,
339 1802 414 1837 que,
444 1793 477 1824 in
512 1790 593 1823 locis
628 1788 814 1823 forensibus
850 1791 882 1822 in
917 1792 1006 1821 terra
1040 1791 1154 1820 nostra
1188 1785 1338 1820 Morauie
1373 1783 1488 1818 haberi
1522 1787 1776 1825 consueuerunt‚
1811 1782 2020 1826 ohseruetur,

178 1858 211 1887 et
239 1864 298 1900 pro
327 1850 526 1895 vendendis,
555 1861 616 1884 sev
645 1849 795 1883 emendis
823 1847 1002 1889 Mercibus,
1033 1858 1072 1880 ac
1102 1846 1173 1890 alijs
1201 1845 1302 1879 rebus
1331 1844 1601 1891 quibuscumque,
1628 1841 1744 1888 quibus
1770 1843 1933 1885 homines,
1962 1853 2021 1888 pro

182 1916 251 1948 suis
287 1910 565 1953 necessitatibus,
601 1913 648 1945 vti
685 1910 808 1949 solent,
844 1908 884 1943 ab
913 1907 1081 1949 omnibus.
1118 1911 1150 1940 et
1182 1906 1321 1951 singulis
1357 1907 1481 1952 possit,
1517 1909 1547 1937 et
1580 1902 1697 1937 debeat
1730 1903 1947 1949 frequentari.
1985 1902 2023 1937 In

181 1977 276 2008 cuius
304 1975 355 2007 rei
382 1974 604 2007 testimonium
632 1975 806 2016 presentes
835 1970 961 2002 litteras
996 1968 1078 2003 fieri.
1117 1972 1149 2001 et
1184 1966 1312 2011 sigillo,
1351 1977 1426 2011 quo,
1461 1965 1499 1999 ad
1534 1974 1672 2010 presens
1703 1966 1834 2006 vtimur7
1869 1966 2022 1997 iussimus

182 2036 386 2069 communiri.
418 2032 538 2066 Datum
567 2031 687 2076 Prage.
718 2030 792 2065 1110.
824 2029 910 2064 Non.
941 2028 1151 2063 Nouembris.
1192 2027 1293 2061 Anno
1327 2027 1457 2060 domini.
1486 2025 1658 2060 Millesinio
1687 2023 1831 2058 COCOCO.
1861 2026 2023 2058 vicesimo

182 2094 343 2129 secundo.
373 2093 567 2138 Regnorum
596 2103 678 2126 vero
707 2096 905 2126 nostrorum.
936 2091 1036 2123 Anno
1066 2088 1272 2123 duodecimo.

491 2155 577 2187 (Nacti
601 2154 676 2179 einer
700 2152 836 2178 Absclirist
866 2153 898 2177 iin
929 2151 955 2177 k.
988 2151 1078 2177 bobni.
1104 2151 1221 2176 Museum
1254 2158 1287 2175 zu
1311 2150 1379 2183 Prag
1407 2157 1454 2175 aus
1485 2148 1544 2173 dein
1569 2146 1642 2180 Orig.
1671 2146 1718 2172 des
1743 2147 1768 2172 k.
1794 2146 1820 2173 k.
1846 2146 2023 2172 flosarchives

594 2214 625 2232 zu
649 2205 754 2235 Wiens)

1057 2305 1163 2339 21⁴2.

330 2360 472 2424 Konig
499 2378 631 2412 Johann
660 2388 725 2411 von
757 2376 904 2410 Bolnnen
932 2375 1093 2419 bestiitigt
1123 2374 1194 2407 dein
1225 2373 1360 2407 Kloster
1388 2370 1580 2405 Marienthal
1601 2372 1681 2415 jene
1708 2361 1792 2404 z‘ehn
1817 2369 1913 2404 Mark
1932 2369 2024 2405 Zins.

186 2436 320 2475 welche
355 2439 514 2473 Heinrich
551 2450 617 2473 von
653 2437 731 2483 Lipa
768 2449 827 2471 aus
861 2437 986 2470 Anlass
1022 2435 1081 2469 des
1114 2435 1286 2468 Eintrittes
1323 2435 1434 2466 seiner
1468 2430 1612 2464 Tochter
1647 2434 1677 2464 in
1714 2431 1772 2465 das
1807 2430 1943 2464 Kloster
1979 2430 2026 2462 als

188 2501 410 2544 Ausstattung
438 2503 470 2533 in
498 2498 697 2533 Olbersdorf
720 2502 898 2531 aussetzte.
925 2497 1001 2530 Dto.
1030 2496 1169 2540 Przigae7
1192 2493 1281 2528 XVI.
1302 2491 1438 2527 Kalend.
1462 2490 1665 2536 Septembris
1687 2491 1763 2535 (17.
1786 2490 1894 2535 Aug.)
1918 2489 2025 2524 1323.

496 2560 612 2591 (Keliler
637 2559 704 2585 Cod.
729 2559 792 2592 dipl.
818 2559 904 2585 Lusat.
930 2566 1019 2592 super.
1052 2566 1077 2591 p.
1110 2557 1178 2582 190.
1209 2564 1233 2581 n.
1267 2554 1367 2581 CXXX.
1397 2567 1437 2571 —-
1461 2553 1605 2587 Carpzows
1629 2552 1819 2586 Ehrentempel
1845 2552 1863 2578 l.
1891 2551 1961 2577 345.
1987 2566 2026 2570 -—

604 2611 707 2638 Knauth
732 2610 920 2645 Elirentempel
944 2618 974 2635 zu
997 2609 1162 2635 Marienthal.
1190 2608 1252 2641 16.)
