2184 2828
957 100 1028 134 685

72 222 224 266 Judicijs.
255 221 419 264 dominus.
449 218 580 253 Bernis.
612 223 675 252 tam
707 221 737 252 in
768 218 863 252 bonis
893 215 1082 252 Reuerendi
1112 217 1142 249 in
1173 214 1305 248 Christo
1335 218 1447 260 patris.
1483 215 1605 249 domini
1633 213 1796 248 Johannis
1826 213 1911 248 Olo-

74 285 241 317 mucensis
269 281 425 326 Episcopi
455 282 693 324 consanquinei
723 282 826 313 nostri
855 279 976 321 dilecti.
997 282 1029 311 et
1055 286 1289 310 successorum
1320 278 1433 320 ipsius.
1455 287 1550 321 quam
1575 275 1713 309 aliorum
1736 275 1913 309 Baronum.

76 355 114 378 ac
143 342 322 376 incolarum
344 340 506 374 Morauie.
529 343 689 384 quociens
719 339 855 373 easdem
885 337 1066 372 secundum
1095 335 1309 382 approbatam
1330 335 1438 380 Regni
1459 336 1596 369 Boemie
1624 336 1912 369 consuetudinem.

74 415 134 450 per
162 401 362 436 antedictum
392 401 556 434 dominum
588 405 619 433 et
648 400 781 434 fratrem
812 404 973 441 nostrum,
1002 397 1142 432 heredes
1172 401 1205 430 et
1233 407 1452 430 successores
1491 400 1592 442 ipsius
1629 396 1764 430 Boemie
1799 396 1914 441 Reges

73 464 223 497 dominos
253 467 384 495 nostros
414 472 458 495 ex
486 461 641 505 legitimis
671 463 781 494 causis
811 463 913 498 exim.
944 471 1002 493 seu
1030 461 1150 503 requiri
1180 460 1362 501 continget.
1389 461 1421 490 et
1450 457 1522 490 dum
1552 460 1600 491 eis
1628 457 1709 491 ι11116
1739 456 1912 490 debentur.

74 522 265 562 redditibus.
301 521 528 568 prouentibus.
569 521 744 563 Censitms,
781 520 1034 559 exacciouibus„
1064 521 1157 565 penis
1187 522 1219 552 et
1249 517 1415 559 emendiS.
1447 528 1536 551 mero
1565 523 1596 551 et
1626 521 1728 551 mixto
1757 517 1913 563 Imperio.

73 583 402 629 Juribuspatrouatus
432 582 655 616 Ecclesiarum
685 586 718 615 et
746 581 980 615 beneficiorum
1011 589 1302 626 quorumcumque.
1333 589 1463 611 necnon
1493 589 1564 611 cum
1595 578 1746 612 omnibus
1767 577 1913 611 ι1111111115.

74 643 267 678 honoribus.
297 642 523 688 dignitatibus.
554 642 829 686 otmenctonibus.
858 639 1152 676 consuetudinibus
1182 644 1213 673 et
1242 639 1381 683 singulis
1412 641 1627 684 pertinent-ijs
1666 642 1734 673 suis
1770 639 1912 685 quibus-

74 715 215 750 cumque
245 703 444 749 specialibus
472 702 660 736 nominibus
689 707 719 736 et
749 702 922 736 vocabulis
949 704 1076 748 possint
1094 711 1153 734 seu
1172 700 1306 734 valeant
1326 701 1533 744 expressuri.
1562 702 1591 732 in
1622 699 1775 745 pseudum
1804 699 1913 733 nobile

75 770 108 799 et
137 768 268 809 insigne
296 769 328 798 et
356 767 440 798 iusto
468 763 587 810 pheudi
618 763 733 809 tytulo.
764 762 803 796 ab
833 766 905 808 ipso
934 761 1110 796 heredibus
1139 765 1172 795 et
1199 760 1452 795 successoribus
1489 762 1557 793 suis
1594 760 1741 804 Regibus
1778 760 1913 794 Boemie

76 825 215 859 dominis
245 827 376 866 nostris,
407 829 439 858 et
467 835 484 857 a
514 835 637 857 corona
667 824 774 867 Regni
805 823 922 869 prefati
958 822 1154 865 habendum„
1184 821 1375 857 tenendum.
1406 821 1650 867 possidendum.
1681 833 1719 854 ac
1748 821 1916 855 1111111611-

76 887 151 920 (111111
180 891 340 932 perpetuo
379 885 478 919 dedit.
515 885 661 918 contulit.
697 889 728 917 et
763 884 908 927 donauit,
943 883 1118 917 Presertim
1159 894 1233 916 cum
1271 882 1410 916 eundem
1449 881 1712 915 Mai-chionatum
1754 881 1915 919 Morauie.

77 947 196 980 dudum
225 946 322 980 Clare
349 945 611 980 recordacionis.
642 945 790 979 Illustres
820 950 851 978 et
879 944 1086 978 excellentes
1114 946 1284 989 principes
1314 943 1429 987 Reges
1468 943 1616 985 Boemie,
1656 941 1777 976 domini
1813 945 1916 975 nostri

77 1020 94 1042 a
124 1007 206 1041 diuis
244 1007 472 1041 Romanorum
507 1005 766 1052 Imperatoribus
802 1010 834 1039 et
868 1005 1018 1049 Regibus
1056 1007 1214 1038 memorie
1249 1003 1444 1037 venerande
1479 1006 1509 1037 in
1546 1002 1700 1049 pseudum
1738 1005 1913 1036 tenuerint.

76 1068 284 1113 demumque,
319 1072 351 1101 et
386 1067 427 1101 de
462 1068 679 1112 consequenti
721 1066 869 1099 Illustres
905 1066 1045 1099 condam
1080 1065 1289 1098 Mareliiones
1326 1064 1478 1098 Moruuie
1512 1064 1772 1109 predecessores
1802 1066 1916 1097 nostri.

79 1129 220 1163 eundem
251 1131 470 1174 principatum
500 1139 517 1161 a
547 1127 717 1173 predictis.
740 1127 875 1160 Boemie
896 1126 1044 1171 Regibus
1073 1126 1211 1160 dominis
1240 1128 1307 1160 suis
1328 1126 1466 1159 vlterius
1496 1128 1527 1158 in
1557 1125 1710 1170 pl‘endum
1741 1127 1916 1158 tenuerint.

77 1195 110 1223 ut
141 1192 200 1231 sic,
230 1193 262 1223 et
290 1191 322 1222 in
352 1192 460 1230 antea.
491 1199 553 1221 nos
583 1187 725 1221 heredes
753 1192 783 1221 et
813 1187 1016 1232 proheredes
1044 1189 1146 1220 nostri
1174 1185 1387 1220 Mai-chiones
1416 1185 1565 1219 Morauie
1595 1187 1714 1218 dictum
1745 1184 1918 1218 Marchio-

77 1254 199 1290 natum,
229 1261 246 1283 a
276 1249 404 1295 prefato
434 1249 565 1283 domino
595 1253 627 1282 et
655 1248 755 1281 fratre
780 1252 904 1282 nostro.
927 1247 1103 1281 heredibus
1132 1252 1164 1281 et
1192 1246 1451 1281 Successoribus
1474 1249 1575 1292 ipsius
1599 1246 1734 1279 Boemie
1755 1244 1915 1290 Regibus.

77 1316 108 1345 et
139 1323 155 1345 a
186 1309 315 1345 Corona
344 1310 455 1354 Regni
484 1310 633 1345 Boemie.
656 1312 761 1342 eciam
792 1312 822 1342 in
850 1308 1003 1354 pfeudum
1026 1313 1140 1342 tenere
1160 1312 1320 1354 perpetuo
1341 1307 1531 1341 debeamus.
1555 1307 1647 1341 Sicut
1667 1309 1771 1340 eciam
1793 1317 1916 1351 supra-

77 1372 184 1405 dictus
222 1371 372 1404 dominus
407 1375 438 1404 et
474 1370 576 1404 frater
611 1375 734 1405 noster.
772 1372 825 1415 qui
861 1380 925 1402 non
964 1369 1096 1402 aliunde
1129 1368 1170 1402 ob
1207 1368 1269 1402 hoc
1306 1368 1458 1414 exempla
1495 1368 1628 1412 collegit
1664 1367 1738 1400 dmn
1769 1371 1859 1400 esset
1887 1369 1919 1399 in

79 1431 259 1465 minoribus
288 1434 495 1465 constitutus.
526 1430 666 1464 eundem
696 1429 970 1467 Mai-cliionatmn.
1002 1441 1074 1463 cum
1104 1429 1255 1463 omnibus
1285 1432 1353 1463 suis
1383 1428 1563 1463 honoribus
1593 1429 1755 1471 dominijs.
1778 1432 1809 1461 et
1837 1438 1919 1472 per—

78 1494 232 1537 tinencijs
270 1504 287 1526 a
322 1492 511 1526 recollende
547 1494 705 1525 memorie
744 1490 864 1524 lllustri
907 1493 1055 1535 principe
1091 1489 1223 1523 domino
1264 1489 1437 1527 Johanne.
1474 1489 1613 1523 condam
1651 1489 1787 1522 Boemie
1824 1487 1920 1532 Rege

78 1554 209 1587 domino
239 1557 269 1587 et
299 1557 392 1599 patre
421 1557 533 1586 nostro
563 1555 736 1585 carissimo
771 1551 952 1584 dinoscitur
981 1553 1140 1585 tenuisse.
1163 1550 1253 1584 Sicut
1280 1554 1385 1584 eciam
1415 1550 1492 1583 illud
1519 1550 1728 1594 Argumento
1757 1548 1918 1594 probabili

77 1625 121 1648 ex
152 1614 267 1647 litteris
298 1613 440 1647 celebris
469 1615 629 1646 memorie
665 1612 728 1645 dini
766 1611 924 1645 Friderici
960 1611 1186 1645 Romanorum
1224 1611 1328 1655 Regis
1366 1614 1397 1644 in
1435 1610 1552 1655 quibus
1591 1613 1797 1656 exprimitur.
1834 1609 1919 1653 qnod

79 1674 219 1708 lllustris
248 1674 424 1708 llenricus.
456 1678 595 1719 protunc
624 1672 773 1706 Marchio
802 1672 950 1706 Morauie
979 1676 1092 1705 noster
1120 1671 1343 1717 predecessor
1372 1676 1403 1705 et
1432 1674 1633 1704 vniuersitas
1669 1675 1858 1714 magnatum
1889 1673 1919 1702 et

77 1735 233 1769 nobilium
263 1735 411 1775 Boemie.
433 1735 474 1768 de
503 1745 646 1768 assensu
666 1734 805 1767 Illustris
835 1738 867 1766 et
897 1732 1093 1766 excellentis
1114 1732 1273 1777 Principis
1303 1731 1594 1765 [10111111101111111111
1624 1731 1762 1764 condam
1785 1730 1920 1763 Boemie

78 1795 183 1840 Regis
213 1795 379 1829 dominum
410 1794 671 1828 Wenczeslauni
710 1796 963 1839 primogenitum
994 1795 1096 1838 ipsius
1131 1792 1291 1826 Illustrem
1322 1795 1353 1826 in
1375 1793 1520 1836 ‘Regem
1559 1803 1651 1827 sunm
1691 1791 1853 1834 elegerint
1888 1794 1919 1823 et

79 1855 194 1889 eadem
230 1855 349 1889 electio
383 1867 443 1902 per
481 1855 702 1900 supradictum
739 1854 904 1887 domiuum
936 1853 1150 1895 Fridericnm.
1182 1853 1407 1886 Rmnanorum
1438 1853 1566 1897 Regem
1598 1853 1695 1886 suerit
1724 1851 1916 1897 approlmta.

80 1920 111 1948 et
139 1927 182 1949 ex
210 1916 326 1950 litteris
356 1915 557 1949 celebrande
587 1918 745 1949 memorie
774 1915 838 1948 dini
868 1914 1020 1948 Riczardi
1051 1914 1273 1947 Romanorum
1306 1913 1420 1958 Regis.
1451 1914 1599 1947 similiter
1627 1916 1657 1946 in
1687 1912 1804 1956 quibus
1834 1912 1918 1944 idem

81 1975 119 2008 ad
149 1979 254 2010 instar
285 1977 433 2010 Aliorum
464 1976 702 2022 Imperatorum
733 1980 763 2009 et
794 1975 1015 2008 Romanorum
1045 1974 1186 2015 Regum.
1216 1973 1376 2007 Illustrem
1413 1979 1445 2008 et
1479 1975 1700 2007 excellentem
1735 1975 1916 2018 principem

81 2035 244 2069 dominum
283 2037 476 2071 Ottakarnm
514 2037 694 2070 secundnm
735 2035 873 2069 condam
915 2034 1049 2068 Boemie
1087 2035 1213 2077 Regem
1244 2046 1302 2080 pro
1332 2046 1368 2068 se
1397 2035 1573 2068 heredibus
1603 2039 1635 2067 et
1664 2031 1918 2066 successoribus

80 2098 150 2130 suis
181 2095 315 2131 Boemie
344 2097 493 2143 Regibus
522 2097 663 2131 dominis
693 2098 816 2130 nostris
845 2096 885 2129 de
924 2095 1060 2140 predicti
1097 2095 1206 2139 Regni
1243 2094 1379 2128 Boemie
1418 2100 1449 2129 et
1486 2095 1732 2128 Mai-chionatus
1769 2092 1917 2126 Morauie

80 2156 316 2202 principatibus
344 2162 376 2192 et
403 2158 533 2204 pseudis
564 2158 603 2191 ab
639 2161 718 2203 ipsis
754 2155 1035 2203 descendentilnis
1072 2158 1254 2197 investtuit,
1293 2168 1374 2201 quas
1413 2156 1453 2189 de
1491 2160 1579 2189 certa
1619 2159 1729 2187 nostra
1769 2156 1916 2186 sciencia

80 2217 257 2261 diligenter
285 2218 478 2261 audiuimus,
509 2223 541 2252 ct
569 2219 609 2252 ad
638 2219 769 2264 plenum
800 2216 1033 2253 intelleximus.
1064 2216 1236 2249 euidenter
1273 2219 1430 2261 accipitur
1464 2221 1495 2249 et
1528 2216 1691 2250 cunimun-
1730 2213 1915 2255 manifeste.

81 2277 280 2311 Reuerendo
319 2281 348 2311 in
386 2278 516 2321 Christo
554 2284 646 2325 patre
688 2279 818 2311 domiuo
856 2276 1009 2310 ,iohanne
1047 2276 1260 2310 Oloniueensi
1299 2276 1464 2322 Episcopo
1503 2277 1753 2317 consanguineo
1791 2279 1913 2307 nostro.

80 2348 212 2371 necnon
250 2337 367 2371 lllustri
396 2342 544 2385 principe
573 2340 706 2373 domino
736 2338 874 2372 Meotao
905 2337 997 2370 Duce
1026 2338 1167 2382 Opuuie.
1197 2336 1372 2371 heredibus
1402 2344 1431 2370 et
1462 2334 1722 2369 Successorilnis
1758 2338 1913 2380 ipsorum,

80 2398 252 2431 dumtaxat
287 2401 449 2443 exceptis,
487 2400 632 2440 Quorum
672 2400 821 2433 Alterum
860 2398 1031 2431 videlieet.
1071 2397 1325 2431 Ulomncensem
1364 2397 1581 2443 Episcopum.
1620 2399 1651 2429 et
1688 2395 1916 2428 δικ-66550165

80 2458 228 2491 eiusdem
259 2460 381 2491 virtute
411 2458 588 2493 litterarum
627 2460 805 2494 recolende
843 2461 1001 2492 memorie
1037 2457 1185 2491 diuorum
1221 2456 1392 2501 Friderici,
1433 2458 1641 2502 Imperatoris
1676 2460 1706 2489 et
1745 2455 1914 2489 Friderici.

81 2519 187 2563 Regis
225 2518 463 2560 Romanorum.
502 2520 653 2564 Anguste
692 2522 856 2566 potencie.
893 2518 929 2552 ln
968 2517 1085 2564 quibus
1119 2518 1215 2561 ijdem
1256 2517 1374 2552 lllustri
1413 2519 1548 2563 principi
1587 2516 1717 2550 domino
1756 2515 1915 2549 Ottaliaro

80 2583 187 2625 primo
216 2578 356 2613 condam
387 2578 635 2624 Boemie'Regi
665 2585 697 2614 et
725 2583 792 2615 suis
822 2578 1084 2613 Successoribns
1113 2578 1250 2612 Boemie
1278 2578 1438 2623 Regibus.
1470 2578 1608 2611 dominis
1642 2579 1763 2611 nostris
1797 2580 1845 2609 ius
1883 2580 1914 2609 et
