2184 2828
1044 307 1143 342 172.

164 384 319 422 doleam,
351 384 500 428 Biscleof
520 396 584 417 ron
615 385 756 421 Olmeilz,
793 385 929 429 befieltll
970 386 1031 418 den
1067 385 1234 428 l'farrern
1264 398 1324 418 rme
1356 386 1484 419 li'nbzic
1513 388 1577 420 med
1605 389 1809 431 lsralnleow,
1847 390 1927 422 dass
1954 391 2005 423 sie

162 456 270 489 qeqen
298 445 351 478 die
381 445 577 478 [irbi-colem·
611 446 671 478 der
704 445 843 490 Iylaeaei·
871 446 908 480 S.
936 446 1277 490 doleamus-Capelle
1314 448 1347 478 aa
1381 446 1443 479 (len
1473 446 1609 490 lqlcmer
1642 449 1708 481 nm!
1738 449 1833 482 ihren
1862 451 2004 493 eiglenen

164 505 315 538 [sii-elaea
343 506 396 539 dic
426 505 767 540 Emoniinmn‘cate'on
796 506 996 540 verbanden.
1052 506 1109 539 Dt.
1140 508 1173 539 ἱκι
1202 506 1374 541 Pus-tium.
1413 506 1466 541 VI.
1499 508 1640 542 Kalend.
1670 509 1767 542 ,Ιιιηίί
1796 509 1876 551 (27.
1907 510 2000 553 Μαί)

1034 566 1145 600 1307.

319 640 513 694 «lohannes
542 660 593 694 dei
622 664 736 706 gracia
766 662 997 695 Olomncensis
1026 661 1367 707 Episcopus.(lilectis
1397 666 1427 696 in
1458 662 1588 697 Christo
1617 664 1677 697 sihi
1698 664 1754 697 w.
1774 691 1780 697 .
1798 663 1943 698 Knesicz
1973 669 2005 698 et

166 720 206 754 R.
226 748 232 753 .
250 723 280 754 in
309 720 489 755 Cralnhow
516 721 665 768 plebanis
695 722 833 755 salutem
864 725 894 755 in
923 721 1067 755 domiin).
1109 721 1189 755 Cnni
1219 725 1397 757 iniectores
1434 734 1586 757 manuum
1614 725 1834 759 violentarum
1863 727 1895 757 in
1925 723 2007 758 Cle-

166 784 265 821 ricos,
302 786 334 815 et
362 781 546 816 efractores
574 782 811 821 Ecclesiarnin„
841 794 879 816 ac
908 785 1084 816 invasores
1113 782 1272 816 bonorum
1293 782 1604 818 Ecclesiasticorum
1633 788 1723 818 iuxta
1745 784 1914 818 Canonem
1943 785 2008 819 late

166 844 331 878 sententie
350 845 421 888 ipso
450 842 538 876 facto
566 829 1015 877 sint*excommunicacionis
1044 843 1161 887 laqueo
1182 844 1341 877 inwoluti.
1373 843 1452 877 Cum
1478 847 1576 889 igitur
1603 845 1731 890 qnidam
1752 847 1814 879 viri
1843 847 2008 879 temerarii

166 906 282 938 timore
311 902 363 937 dei
391 906 573 949 postposito
603 903 642 936 ad
676 903 782 936 illicita
820 907 1071 949 prorumpentes
1100 914 1205 949 nuper
1234 906 1264 937 in
1295 903 1427 949 Capella
1463 907 1569 938 sancti
1597 904 1760 939 Johannis
1793 904 1941 950 Baptiste
1974 907 2005 939 in

165 967 298 1009 antiqua
328 963 453 1009 Iglauia
493 968 605 997 nostre
640 963 794 1009 dyocesis
828 963 961 998 cfractis
996 964 1114 1008 hostijs
1153 963 1271 997 ibidem
1306 967 1338 997 in
1376 964 1576 999 Sacerdotes
1614 967 1758 999 vicarios
1793 969 1824 998 et
1866 965 2007 999 clericos

165 1024 333 1058 Ministros
361 1024 508 1058 eiusdem
540 1023 675 1070 Capelle
704 1035 820 1058 manns
848 1024 1013 1058 violentas
1044 1027 1169 1058 inicere
1198 1028 1473 1070 presumpserint,
1502 1027 1603 1070 ipsam
1625 1025 1793 1071 Capellam
1822 1029 1855 1059 et
1882 1025 2009 1059 Eccle-

167 1088 304 1119 siastica
334 1084 419 1118 hona
449 1087 549 1129 ipsius
579 1087 609 1117 in
639 1084 854 1129 preiudicium
883 1084 1099 1131 parrochialis
1128 1084 1282 1118 Ecclesie
1317 1089 1420 1119 sancti
1450 1085 1566 1118 Jacohi
1596 1089 1627 1119 in
1656 1085 1783 1130 Iglauia
1812 1084 1873 1120 sihi
1901 1096 2003 1120 vsur-

165 1157 247 1191 pare
276 1156 357 1179 ausu
386 1145 552 1189 sacrilego
583 1145 786 1190 mollientes7
820 1144 858 1178 ad
896 1149 1041 1179 nostram
1081 1144 1309 1179 nichilominus
1345 1150 1375 1179 et
1410 1146 1562 1179 Ecclesie
1597 1150 1710 1180 nostre
1744 1156 1810 1179 non
1845 1146 2008 1180 modicam

165 1209 316 1240 iniuriam
352 1210 385 1239 et
419 1208 589 1239 iacturam.
644 1204 713 1239 Nos
751 1210 814 1239 tani
844 1210 988 1239 atrocem
1019 1208 1167 1239 iniuriam
1197 1211 1228 1239 ct
1256 1206 1413 1240 oll'ensain
1449 1211 1594 1240 nostram
1628 1211 1660 1240 et
1695 1206 1848 1240 Ecclesie
1882 1211 2008 1251 nostre,

165 1271 263 1311 atque
293 1266 380 1300 Cleri
408 1268 533 1309 nostri‚
563 1276 629 1299 non
658 1266 810 1300 volentes
843 1265 903 1300 sub
940 1266 1207 1300 dissimulacione
1236 1267 1342 1312 aliqua
1373 1266 1625 1301 conniuenthus
1654 1267 1757 1301 oculis
1790 1270 2007 1313 pertransire,

165 1331 300 1373 propter
328 1326 444 1361 salutis
473 1331 505 1360 et
532 1325 666 1360 honoris
694 1329 799 1361 nostri
827 1326 1033 1373 dispendium
1064 1326 1271 1369 euitandam,
1307 1327 1507 1361 discrecioni
1538 1331 1651 1362 vestre
1684 1329 1717 1361 in
1745 1330 1867 1361 virtute
1895 1331 2010 1362 sancte

165 1386 380 1429 obediencie,
411 1391 443 1421 et
476 1386 535 1421 sub
569 1390 930 1421 excommunicacionis
959 1399 1061 1433 pena„
1097 1398 1193 1432 quain
1229 1392 1354 1421 extunc
1382 1392 1480 1434 prout
1508 1398 1639 1422 exnunc
1669 1398 1728 1422 vos
1757 1387 1914 1422 incidisse
1940 1399 2011 1422 vo-

165 1448 290 1485 lumus,
319 1450 347 1481 si
381 1458 446 1481 non
479 1447 625 1481 feceritis
668 1447 806 1482 lideliter
840 1447 926 1494 quod
958 1449 1169 1487 mandamus„
1206 1449 1353 1482 districte
1386 1451 1584 1495 precipimus
1620 1460 1679 1494 per
1708 1453 1880 1495 presentes
1909 1448 2009 1494 officij

165 1511 269 1542 nostri
299 1507 408 1543 debito
451 1512 482 1541 et
510 1510 639 1542 iusticia
670 1510 846 1553 exigente,
885 1513 1046 1554 quatenus
1080 1509 1248 1555 predictos
1284 1512 1375 1544 viros
1404 1511 1611 1551 temerarios,
1641 1513 1705 1542 tani
1735 1508 1882 1543 Clericos
1912 1520 2011 1554 quam

167 1568 310 1614 Laycos.
341 1571 394 1614 qui
424 1573 488 1602 tani
518 1568 676 1614 nepharia
715 1574 1008 1615 presumpserunt,
1038 1573 1069 1604 in
1098 1570 1223 1615 Iglauia
1261 1581 1321 1616 per
1348 1581 1464 1604 omnes
1492 1569 1662 1604 Ecelesias
1700 1574 1731 1603 et
1758 1573 1790 1603 in
1818 1573 1942 1604 vestris
1970 1581 2012 1604 ao

167 1632 287 1663 vicinis
315 1629 412 1663 vohis
441 1628 616 1673 Ecclesijs,
646 1632 836 1663 nominatim
866 1630 1092 1676 sollempniter
1121 1635 1152 1664 ct
1179 1630 1309 1677 publice
1344 1631 1482 1677 pulsatis
1510 1633 1677 1676 campanis
1705 1635 1738 1664 et
1766 1630 1912 1664 candelis
1942 1641 2011 1664 ex-

166 1689 321 1733 tinctts’ss)
350 1689 587 1732 denunccietis‚
617 1694 649 1723 et
677 1689 890 1724 denuncciari
918 1690 1059 1734 faciatis⁷
1089 1691 1228 1736 singulis
1257 1690 1373 1725 diebus
1402 1691 1573 1725 dominicis
1602 1695 1634 1724 et
1654 1690 1796 1733 festivis,
1823 1691 1930 1724 eidem
1956 1693 2012 1737 qui

167 1753 239 1796 ipso
268 1750 355 1784 facto
384 1753 595 1784 incurrerunt
630 1761 704 1784 cuin
737 1754 804 1785 suis
838 1751 1052 1797 complicibus
1087 1754 1449 1786 excommunicacionis
1483 1753 1653 1785 sentencie
1682 1750 1876 1793 subiacere,
1906 1755 1941 1784 vt
1969 1749 2010 1784 ab

167 1814 335 1845 vniuersis
366 1810 484 1844 Christi
519 1810 668 1845 fidelihus
698 1814 807 1845 arcius
845 1815 1025 1855 enitentur,
1057 1812 1177 1846 tamdiu
1211 1811 1317 1846 donec
1351 1823 1451 1858 super
1483 1811 1636 1857 predictis
1670 1811 1766 1845 nobis
1796 1816 1828 1845 et
1856 1811 2011 1845 Ecclesie

168 1877 266 1916 atque
300 1871 380 1905 lesis
417 1870 623 1905 satisfaciant
653 1876 878 1916 congruenter
905 1876 937 1906 et
971 1874 1002 1906 in
1031 1872 1136 1906 forma
1172 1872 1336 1907 Ecclesiae
1364 1872 1534 1907 obtineant
1561 1882 1598 1906 se
1627 1870 1765 1905 absolui.
1821 1871 1940 1905 Datum
1977 1875 2011 1906 in

169 1932 333 1975 Pastinum
364 1931 423 1967 VI.
452 1931 618 1966 Kalendas
646 1931 747 1976 Junij.

477 2011 562 2043 (Nach
587 2010 646 2036 dem
672 2011 746 2045 Orig.
772 2012 818 2037 aut'
839 2011 961 2045 Pergam.
994 2010 1040 2037 mit
1070 2012 1155 2037 einem
1186 2011 1388 2038 zerbrochenen
1412 2011 1505 2045 Sigille
1532 2011 1566 2036 im
1590 2010 1706 2036 Archive
1730 2010 1778 2036 der
1802 2010 2010 2037 Praemonstrat.

581 2062 660 2088 Abtei
684 2071 723 2088 am
749 2063 891 2089 Strahowe
915 2071 946 2089 zu
970 2063 1046 2097 Prag.
1072 2064 1104 2090 A.
1132 2063 1158 2089 7.
1183 2063 1292 2095 XXIII.)

1047 2226 1148 2261 173.

307 2302 459 2355 Johann
490 2332 554 2355 von
584 2320 813 2366 Klingenberg
847 2321 957 2355 leistet
991 2321 1066 2355 dem
1095 2321 1227 2366 Konige
1256 2319 1412 2354 Heinrich
1448 2330 1513 2353 von
1543 2318 1691 2353 Bohmen
1709 2319 1785 2378 ‘und
1814 2319 1916 2353 Polen
1944 2318 2010 2352 und

172 2380 293 2414 desscn
310 2380 560 2415 Nachkommen
581 2381 645 2415 den
661 2380 721 2414 Eid
737 2380 796 2415 der
815 2381 936 2415 Treue.
953 2381 1029 2416 Dto.
1046 2381 1194 2427 Iglaviae‚
1217 2381 1258 2416 11.
1274 2381 1385 2416 Nonas
1405 2378 1605 2414 Novembris
1626 2379 1678 2426 (4.
1696 2379 1879 2424 Novemb.)
1897 2379 2008 2414 1307.

479 2460 550 2492 (Das
575 2461 646 2493 (Ii-ig.
672 2460 704 2485 im
730 2460 753 2485 k.
781 2460 805 2487 k.
832 2461 993 2487 Ilofarchive
1019 2469 1049 2486 zu
1074 2460 1164 2486 NVicn.
1190 2460 1255 2486 Eine
1282 2459 1417 2486 Absclirist
1442 2459 1474 2483 im
1500 2457 1524 2483 k.
1550 2458 1637 2484 bohni.
1663 2458 1805 2489 lIIuseum.)

228 2625 257 2654 ἃ)
282 2623 356 2649 Stetit
381 2622 508 2649 oberlialb
534 2624 581 2650 der
604 2624 673 2650 Zeile
699 2632 750 2650 von
776 2624 890 2651 anderes
915 2624 997 2650 tinini.
