2184 2828
995 121 1068 156 3¹27

108 245 191 283 nire,
223 240 316 282 Quod
336 238 538 273 honorabilis
560 241 611 272 vir
630 238 792 283 Magister
812 238 1023 272 Hermannus
1051 240 1238 284 prepositus
1268 239 1373 271 sancti
1395 237 1480 270 Petri
1509 240 1540 271 in
1560 236 1696 270 Brvnna
1718 241 1748 270 et
1770 236 1956 271 Cauouieus

112 313 152 335 ac
183 301 378 336 scolasticus
409 298 644 333 Olomuceusis
673 299 917 337 Elccesiarum„
948 299 1112 345 pliisicuS‚
1148 301 1182 331 et
1210 297 1379 331 familiarIS
1409 302 1524 331 noster
1552 297 1710 339 dilectus,
1740 297 1778 330 ad
1808 303 1955 331 nostram

108 361 274 395 accedens
294 363 515 406 presenciam,
537 359 632 393 nobis
650 363 828 405 proposuit.
851 359 999 400 Qualiter
1019 357 1221 404 temporibus
1241 360 1428 399 retroactis„
1450 360 1534 391 inter
1554 357 1829 403 predecessorem
1851 369 1955 391 suum.

107 426 184 455 tunc
212 423 416 466 prepositum
447 420 678 454 Brvnnensem
709 431 752 453 ex
781 431 860 461 vna,
891 425 973 453 et..
1009 419 1159 453 Judieem
1189 422 1221 452 et
1239 445 1246 451 .
1265 445 1272 451 .
1308 417 1440 451 Juratos
1470 429 1507 451 ae
1538 418 1636 452 Ciues
1666 418 1885 451 Brvnnenses
1914 429 1955 451 ex

107 482 209 515 altera
246 485 341 527 parte
375 492 474 526 super
510 480 715 514 libertatibus
749 485 781 514 et
813 480 1045 514 emunitatibus
1078 481 1289 525 prepositure
1326 481 1430 524 ipsius
1467 483 1498 512 et
1534 478 1700 512 hominum
1729 489 1768 511 ac
1797 477 1957 511 bonorum

107 544 177 575 eius
211 541 346 576 suborta
383 541 490 574 fuerat
525 544 660 574 materia
690 543 872 586 questionis
902 546 934 574 et
961 539 1157 585 aliquamdiu
1187 542 1328 584 agitata,
1358 541 1391 572 in
1421 550 1482 584 qua
1513 539 1644 572 taudem
1674 543 1808 584 propter
1837 538 1956 571 bonum

107 605 197 648 pacis
225 605 310 635 inter
344 606 456 648 partes
491 612 557 635 non
587 604 659 635 siue
688 601 900 635 diminicione
929 607 961 635 et
997 601 1220 644 derogacione
1256 599 1440 633 libertatum
1471 604 1503 632 et
1531 603 1744 633 emunitatum
1774 599 1957 632 huiusmodi

106 664 317 708 Composicio
356 662 539 696 amicabilis
569 664 761 704 interuenit,
799 673 900 707 super
934 673 997 708 qua
1033 660 1185 695 confecte
1223 659 1357 693 fuerunt
1394 660 1507 696 litere,
1544 670 1625 704 quas
1656 660 1740 693 idem
1770 662 1958 705 prepositus

107 734 217 757 coram
248 723 344 757 nobis
373 722 523 756 exhibuit
545 723 656 756 illesas
687 727 718 755 et
746 724 909 767 integras,
940 722 1012 756 talis
1040 733 1099 768 per
1126 724 1233 754 omnia
1255 723 1466 754 continencie
1496 724 1527 753 et
1556 723 1690 753 tenoris.
1722 720 1809 753 Nos.
1831 720 1957 753 ,Judex

108 789 182 817 et..
220 783 326 817 Jurati
356 795 395 817 ac
424 783 616 817 Comunitas
646 782 775 816 Cinium
795 782 1016 816 Brunensium
1046 787 1160 815 tenore
1189 785 1398 827 presencium
1428 785 1585 814 constare
1607 781 1757 814 volumus
1779 783 1956 819 vniuersis„

107 844 201 885 Quod
222 855 324 890 super
343 847 454 878 causis
476 848 507 877 et
526 845 770 888 controuersijs
792 848 853 877 etc.
885 854 1005 888 usque.
1036 843 1154 876 Datum
1183 842 1319 875 Brvnne
1340 842 1414 875 1111.
1438 841 1551 875 Nonas
1571 840 1687 874 Marcii
1710 842 1808 874 Anno
1838 842 1959 874 domiui

106 904 352 939 MOCCCUXVO.
399 904 516 947 (Siehe
546 904 640 937 Band
668 903 726 938 VI.
758 904 792 937 S.
824 904 869 937 (32
901 916 931 937 n.
962 904 1042 947 89.)
1096 902 1176 936 Cum
1216 906 1316 947 igitur
1344 902 1434 935 sicud
1466 905 1568 947 ipsius
1598 901 1748 946 Magistri
1778 901 1959 935 Ilermanni

107 969 265 1012 prepositi
285 965 474 999 continebat
502 966 648 1010 querelaq
681 976 741 1010 per
773 966 948 998 nonnullos
969 964 1028 998 sibi
1050 968 1080 997 et
1099 966 1308 1009 prepositure
1329 975 1367 996 ac
1390 963 1483 996 bonis
1512 967 1542 996 et
1565 962 1751 996 bominibus
1771 965 1840 995 suis
1862 965 1891 995 in
1913 966 1961 995 eis

106 1026 355 1060 condicionibus
389 1037 453 1070 que
490 1029 521 1059 in
558 1025 653 1059 dictis
688 1029 946 1071 composicionis
982 1028 1191 1058 continentur
1224 1025 1326 1058 literis
1365 1024 1545 1067 derogetur
1589 1028 1619 1056 et
1654 1027 1862 1068 attemptetur
1900 1034 1958 1068 per

106 1088 244 1133 amplius
272 1086 449 1131 derogari,
479 1097 545 1120 non
575 1086 807 1128 aduertentes,
837 1086 922 1131 quod
952 1089 983 1119 in
1013 1088 1153 1131 antiquis
1182 1096 1296 1118 eorum
1326 1084 1530 1118 libertatibus
1566 1095 1625 1129 per
1653 1084 1786 1116 easdem
1817 1095 1959 1129 compo-

105 1151 265 1181 sicionem
295 1152 326 1181 et
354 1147 466 1181 literas
496 1150 575 1180 satis
605 1149 653 1181 eis
682 1150 790 1180 extitit
819 1147 1026 1191 derogatum.
1058 1145 1235 1191 Cupientes
1266 1145 1492 1178 Ecclesiarmn
1522 1144 1808 1177 comnuulitatilms
1839 1147 1960 1177 nostris

106 1219 202 1254 opem
233 1208 313 1241 dare
343 1208 555 1253 temporibus.
587 1207 721 1240 easdem
751 1211 781 1241 in
812 1211 880 1240 suis
902 1212 931 1240 ut
953 1206 1089 1252 expedit
1117 1205 1320 1240 libertatibus
1341 1210 1370 1239 et
1391 1205 1524 1238 ¹luribus
1553 1208 1709 1249 graciose
1739 1207 1961 1249 proteecismis

108 1269 251 1314 presidio
281 1268 508 1302 fauorabiliter
536 1268 731 1302 confouere.
788 1267 947 1301 Volumus
984 1272 1014 1300 et
1050 1270 1256 1312 presencium
1295 1269 1492 1300 auctoritate
1521 1269 1704 1299 statuimus.
1735 1270 1768 1298 ut
1798 1270 1860 1298 tam
1892 1268 1962 1311 ipse

111 1332 296 1375 prepositus
317 1340 414 1375 qnam
436 1329 663 1363 Successores
685 1332 746 1365 suiq
778 1331 830 1373 qui
862 1340 920 1373 pro
950 1333 1099 1373 tempore
1128 1327 1259 1362 fuerint.
1290 1330 1379 1360 circa
1406 1338 1443 1360 se
1464 1331 1496 1360 et
1517 1326 1666 1359 homines
1695 1337 1785 1359 suos.
1816 1337 1854 1358 ae
1877 1325 1960 1359 bona

106 1391 304 1436 supradicta7
333 1390 484 1423 omuibus
520 1401 583 1435 que
613 1393 644 1423 in
675 1391 790 1423 litteris
819 1391 1076 1433 composicionis
1112 1391 1272 1433 premisse
1301 1391 1547 1433 exprinumtur.
1578 1387 1748 1431 gaudeant
1777 1386 1892 1420 libere.
1923 1397 1962 1419 ac

108 1455 267 1497 perpetuo
302 1451 439 1496 pacilice
478 1451 697 1496 perfruantur.
754 1450 942 1483 Inhibemus
976 1460 1118 1494 namque
1151 1448 1212 1482 sub
1247 1449 1490 1493 indignacionis
1528 1452 1638 1481 nostre
1674 1449 1961 1487 interminacione,

108 1512 227 1547 judici.
257 1511 379 1545 Juratis
407 1516 439 1545 et
459 1511 594 1544 Ciuibus
625 1513 746 1544 nostris
767 1510 900 1543 Brutine
922 1510 1130 1555 presentibus
1159 1515 1190 1543 et
1219 1510 1335 1543 suturis
1366 1510 1500 1542 lii-miter
1528 1514 1559 1542 ct
1590 1509 1746 1541 districte.
1777 1519 1818 1541 nc
1848 1512 1961 1541 eontra

110 1579 257 1606 tenorem
288 1572 454 1606 literarum
485 1572 668 1605 huiusmodi
704 1574 907 1617 prepositum
944 1575 973 1603 et
1003 1570 1186 1603 Ecclesiam
1216 1574 1320 1604 saneti
1350 1570 1434 1603 Petri
1465 1569 1685 1615 supradictam
1717 1572 1746 1602 in
1779 1567 1963 1602 bominibus

109 1638 140 1667 et
176 1633 270 1667 bouis
300 1636 386 1666 suiS.
424 1636 494 1666 siue
531 1635 637 1666 eciam
674 1632 824 1665 homines
862 1635 949 1677 ipsos
980 1635 1009 1664 et
1039 1630 1123 1664 bona
1153 1630 1347 1676 perturbare
1383 1631 1434 1664 uel
1466 1630 1642 1663 molestare
1672 1633 1878 1675 presumant.
1909 1633 1962 1661 aut

108 1696 215 1727 omnia
246 1696 276 1726 in
307 1693 403 1726 dietis
432 1697 586 1726 contenta
617 1693 731 1726 literis.
761 1692 812 1725 ucl
843 1703 954 1724 eorum
985 1691 1104 1736 aliquid
1134 1702 1192 1736 per
1220 1703 1267 1728 se.
1298 1692 1393 1725 alium
1424 1691 1475 1724 uel
1506 1691 1585 1724 alios·
1607 1689 1853 1736 quomodolibet
1884 1692 1963 1722 vio-

109 1755 186 1788 lare.
244 1754 278 1787 Si
315 1757 400 1787 enim
436 1758 549 1786 eontra
586 1758 733 1786 tenorem
770 1753 934 1786 literarum
973 1754 1228 1796 (miuposiciouis
1268 1755 1372 1798 ipsius
1410 1779 1416 1785 .
1449 1779 1455 1784 .
1485 1751 1615 1790 Judex„
1652 1751 1756 1783 Jurati
1794 1755 1824 1783 et
1861 1750 1961 1782 ('iues

109 1816 267 1861 sepedicti
296 1814 447 1847 homines
476 1818 507 1847 et
537 1814 620 1847 bona
652 1813 777 1859 prefata
809 1813 983 1846 molestare
1012 1815 1293 1857 presumpserint7
1330 1817 1385 1846 aut
1421 1811 1589 1845 libertates
1619 1816 1650 1844 et
1688 1810 1901 1844 condiciones
1931 1813 1960 1842 in

110 1876 196 1909 dicte
231 1878 488 1921 composicionis
524 1879 698 1908 contentas
735 1875 836 1907 literis
875 1874 1017 1907 violare.
1054 1873 1168 1906 Statim
1205 1884 1246 1906 eo
1281 1872 1368 1906 sacto
1399 1875 1567 1918 preposito
1597 1872 1783 1905 antedicto.
1814 1873 1867 1915 qui
1897 1874 1959 1907 cst,

111 1942 141 1969 ct
171 1947 228 1982 pro
257 1941 404 1981 tempore
435 1935 547 1968 suerit.
578 1947 616 1968 ae
646 1935 832 1968 bominibus
863 1939 891 1967 et
923 1934 1016 1966 bonis
1045 1934 1217 1979 predictis7
1248 1944 1364 1966 onmes
1393 1933 1563 1966 libertates
1584 1932 1664 1965 Jura
1695 1936 1724 1964 ct
1754 1933 1960 1967 emunitates„

111 2008 193 2041 quas
222 2001 253 2030 et
286 2008 350 2041 que
385 1996 539 2029 babuisse
569 1996 783 2029 dinoscuntur
812 1998 987 2040 antiquitus
1018 1998 1232 2035 innodamus,
1262 1998 1295 2027 et
1323 1997 1371 2027 eis
1402 1997 1432 2027 in
1462 1997 1654 2039 perpetuum
1686 1992 1800 2025 damus
1824 1996 1853 2024 et
1875 2002 1962 2023 con—

112 2057 257 2090 cedimus
285 2057 518 2091 inviolabiliter
547 2057 786 2090 obseruamlas.
819 2061 850 2089 vt
872 2060 978 2088 autem
1000 2066 1164 2100 expresse
1186 2054 1369 2087 huiusmodi
1391 2059 1521 2100 pateant
1543 2053 1721 2086 libertates.
1753 2050 1960 2097 presentibus

112 2128 170 2150 eas
198 2117 350 2151 duximus
379 2117 592 2158 inserendas7
623 2117 661 2150 Et
691 2122 767 2151 sunt
797 2116 858 2149 lice
890 2116 1013 2150 l'rimo.
1044 2115 1127 2159 quod
1159 2115 1264 2147 nullus
1293 2118 1421 2160 penitus
1451 2114 1569 2148 babeat
1599 2114 1638 2146 de
1668 2111 1852 2146 homnibus
1883 2114 1960 2156 ipsis

112 2177 275 2211 iudicandi
312 2177 452 2221 aliquam
488 2183 701 2223 potestatem
732 2177 788 2211 sed
819 2188 915 2209 omne
943 2175 1105 2208 dudit-ium
1135 2186 1247 2208 coram
1277 2175 1394 2208 ⁴ludiee
1424 2177 1580 2221 prepositi
1619 2174 1670 2206 liat
1706 2173 1746 2205 de
1777 2172 1960 2205 bominibus

112 2239 303 2279 antedictis5
334 2242 365 2271 et
392 2238 552 2276 emendo,
582 2249 663 2282 quas
693 2241 752 2283 ipsi
782 2237 954 2271 inciderint
984 2239 1152 2281 preposito
1188 2235 1382 2269 debeantur.
1440 2235 1544 2269 Nemo
1574 2237 1677 2267 eciam
1709 2244 1844 2278 prorsus
1875 2232 1959 2265 bona

111 2299 227 2332 eadem
258 2297 298 2331 ad
326 2298 519 2343 capiendum
549 2299 702 2344 aliquem.
733 2303 785 2332 aut
806 2297 935 2343 aliquod
959 2299 1209 2341 incompositum
1232 2296 1418 2329 faciendum
1449 2299 1569 2329 intrare
1600 2298 1782 2339 presumat,
1812 2294 1846 2326 Si
1878 2304 1960 2326 vero

112 2362 274 2405 quispiam
311 2361 342 2391 in
380 2358 473 2391 bonis
512 2362 590 2404 ipsis
626 2364 657 2393 et
692 2359 774 2393 infra
813 2369 924 2391 eorum
955 2357 1074 2390 limites
1104 2359 1133 2389 in
1172 2356 1274 2392 furto.
1314 2356 1507 2393 homicidio„
1538 2360 1670 2400 stupro,
1701 2354 1872 2387 latrocinio
1909 2354 1959 2386 uel

113 2421 222 2465 aliquo
251 2419 314 2452 alio
348 2421 484 2451 crimine
521 2420 749 2464 deprehensus
785 2421 835 2453 uel
870 2419 1029 2451 iudicatus
1065 2416 1178 2459 fucrit,
1214 2416 1245 2450 Is
1281 2428 1340 2461 per
1375 2443 1382 2450 .
1418 2444 1424 2450 .
1461 2416 1608 2449 ,ludicem
1639 2419 1671 2448 et
1700 2414 1849 2447 liomines
1880 2426 1960 2459 pre-

115 2483 259 2526 positi..
295 2479 401 2512 Judici
431 2483 461 2511 et
490 2479 612 2513 Juratis
641 2481 791 2514 Ciuitatis
822 2479 968 2512 tradatur
997 2489 1055 2523 pro
1084 2477 1179 2522 culpe
1208 2488 1266 2510 seu
1296 2477 1402 2510 delicti
1432 2475 1562 2510 modulo
1592 2475 1786 2520 puniendus.
1844 2476 1959 2507 (lionis

113 2551 243 2586 quoque
271 2539 409 2573 emenda
440 2543 471 2571 et
500 2539 620 2573 vtilitas
649 2541 724 2574 inde
753 2542 963 2586 prouenicns.
995 2538 1033 2571 ad
1055 2541 1256 2584 prepositum
1277 2537 1462 2582 pertinebit,
1493 2536 1630 2581 predicti
1659 2546 1790 2580 quoque
1812 2535 1960 2568 liomines

114 2601 153 2634 ad
183 2600 324 2634 dandum
354 2599 647 2643 conti-itmciones,
676 2600 899 2642 Exacciones,
930 2598 1123 2632 'I'lieolonea
1151 2603 1183 2632 et
1211 2598 1273 2631 alia
1303 2597 1449 2631 subsidia
1479 2608 1538 2631 seu
1566 2607 1687 2639 onera,
1718 2607 1791 2629 cum
1821 2597 1960 2628 Ciuitate
