2184 2828
1107 124 1181 159 956

222 254 319 288 quam
356 247 541 276 nostrorum
579 243 760 276 iudicemur
795 247 956 276 terrarum
993 247 1177 276 nostrarum
1211 241 1389 275 dominium
1423 253 1525 287 posse
1560 242 1706 286 legitime
1742 241 1932 286 gubernare
1968 252 2069 287 super

222 303 340 349 quibus
377 314 435 348 per
464 314 525 337 nos
563 302 795 336 inuiolabiliter
828 302 1049 337 obseruandis
1083 306 1300 347 spontaneum
1335 305 1537 347 prestitimus
1572 305 1787 336 iuramentum
1824 301 2070 336 venerabilibus

223 362 370 408 patribus
401 368 432 396 et
460 363 599 397 dominis
634 363 693 396 Th.
730 367 763 396 et
797 363 840 397 H.
879 365 1049 408 episcopis
1085 361 1295 408 presentibus
1332 362 1511 396 baronibus
1544 365 1676 405 nostris,
1713 368 1746 397 ut
1778 362 2070 397 decet..et..et

223 423 331 456 multis
367 424 439 457 aliis
473 422 750 469 promittentibus„
786 434 846 469 pro
881 423 976 457 nobis
1011 422 1237 468 sollempniter
1271 422 1356 468 quod
1393 425 1418 456 si
1455 422 1592 456 alicuius
1627 423 1848 468 predictarum
1884 427 2069 456 nostrarum

221 486 409 529 pactionum
440 483 599 518 fuerimus
630 488 901 528 transgressores
930 494 1011 529 sepe
1040 483 1115 516 dicti
1144 482 1266 516 domini
1295 485 1444 528 episcopi
1474 486 1580 516 statim
1608 484 1749 528 ponendi
1775 488 1895 517 terram
1922 487 2068 516 nostram

221 543 281 577 sub
310 544 486 577 interdicto
515 548 547 577 et
575 544 754 578 recedendi
790 556 807 577 a
841 543 937 578 nobis
972 554 1045 577 cum
1075 542 1228 577 omnibus
1257 545 1380 576 nostris
1409 547 1441 576 et
1470 542 1650 576 adherendi
1680 543 1811 577 domino
1839 545 1911 587 regi
1938 543 2069 588 plenam

220 608 253 637 et
281 604 417 638 liberam
450 604 593 638 babeant
623 604 821 638 facultatem.
858 604 921 638 Pro
957 607 1050 637 cuius
1085 607 1133 637 rei
1162 605 1351 636 testimonio
1387 614 1527 648 presens
1556 606 1807 638 instrumentum
1837 606 1927 637 iussu
1956 607 2071 636 nostro

223 664 408 698 confectum
439 665 537 707 sigilli
568 668 670 699 nostri
699 667 878 699 munimine
906 664 1046 698 fecimus
1075 663 1237 698 roborari.
1271 674 1357 697 anno
1386 663 1508 697 domini
1542 668 1606 698 etc.

1005 769 1287 803 Conservatoria.

377 832 421 865 A.
459 832 511 866 dei
544 835 858 877 gracia·v11iuersis
895 835 981 866 sacri
1015 835 1143 879 imperii
1176 832 1325 866 fidelibus
1364 832 1402 866 ad
1445 843 1528 878 quos
1566 843 1705 878 presens
1743 836 1901 879 scriptum
1944 843 2071 880 perue—

216 895 300 926 nerit
341 903 433 926 suam
474 895 621 937 graciam
665 897 698 925 et
732 892 892 926 fauorem.
928 892 1019 927 Licet
1065 897 1178 927 nostre
1225 893 1454 927 munilicencie
1481 895 1598 937 gracia
1631 896 1760 927 cunctis
1797 904 1881 938 quos
1919 898 2068 928 nostrum

220 955 310 997 regis
341 956 511 998 imperium
542 956 724 987 communis
753 953 873 987 debeat
903 964 979 987 esse
1006 953 1168 995 fidelibus,
1195 953 1266 987 illos
1291 958 1399 987 tamen
1420 956 1610 998 graciarum
1630 953 1811 988 humilitate
1831 953 2071 1000 conplectimur

219 1024 301 1058 quos
330 1013 512 1047 humilioris
540 1018 657 1058 grauat
686 1014 769 1058 legis
804 1013 958 1047 condicio
995 1019 1027 1047 et
1061 1017 1114 1059 qui
1150 1016 1180 1047 in
1217 1014 1286 1047 sola
1325 1017 1532 1060 protectione
1566 1018 1680 1048 nostre
1714 1014 1858 1049 lenitatis
1893 1017 2069 1060 respirant.

219 1074 283 1107 Per
311 1085 450 1119 presens
482 1077 579 1118 igitur
607 1074 816 1119 priuilegium
847 1085 989 1119 presens
1019 1079 1091 1108 etas
1120 1077 1250 1108 nouerit
1279 1079 1311 1108 ct
1340 1077 1534 1108 successiua
1560 1077 1736 1121 posteritas
1761 1074 1847 1120 quod
1876 1086 1937 1109 nos
1957 1079 2070 1109 atten-

219 1133 334 1168 dentes
374 1134 631 1168 imbecillitatem
666 1138 776 1178 gentis
812 1134 949 1168 iudasmi
988 1139 1019 1168 et
1051 1135 1137 1181 quod
1173 1146 1289 1169 omnes
1325 1139 1355 1168 et
1391 1135 1512 1180 singuli
1546 1135 1633 1169 iudei
1669 1135 1833 1180 degentes
1867 1146 1928 1181 per
1961 1140 2070 1170 terras

223 1200 338 1228 nostre
377 1195 598 1228 dominacioni
634 1194 802 1228 subiectas
837 1200 867 1228 et
903 1194 1082 1229 christiane
1116 1196 1199 1240 legis
1235 1201 1267 1230 et
1302 1199 1428 1242 imperii
1464 1199 1677 1242 prerogatiua
1712 1207 1774 1241 qua
1804 1196 2012 1230 dominamur
2040 1200 2072 1230 et

218 1258 359 1289 uiuimus
395 1258 483 1288 serui
522 1259 596 1288 sunt
632 1260 746 1289 nostre
782 1267 916 1289 camere
951 1257 1128 1302 speciales.
1168 1256 1220 1290 Ad
1256 1257 1878 1302 supplicationes..et..nostrorum
1913 1256 2069 1297 fidelium,

217 1326 381 1361 personas
412 1327 538 1350 eorum.
568 1315 651 1349 lilios
681 1328 758 1350 suos
788 1328 825 1349 ac
854 1316 941 1350 bona
970 1328 1084 1351 eorum
1114 1320 1222 1350 omnia
1253 1328 1316 1360 que
1346 1320 1376 1350 in
1414 1320 1559 1363 presenti
1589 1319 1673 1351 iuste
1700 1321 1813 1351 tenent
1842 1322 1874 1350 et
1900 1317 2071 1363 possident

217 1381 248 1409 et
278 1379 309 1409 in
339 1380 436 1409 antea
468 1379 552 1409 iusto
582 1377 686 1422 tytulo
715 1381 893 1422 potuerunt
921 1377 1059 1423 adipisci
1088 1377 1147 1411 sub
1177 1381 1386 1423 protectione
1414 1382 1529 1411 nostra
1558 1382 1591 1411 et
1619 1380 1746 1423 imperii
1774 1380 1962 1424 recepimus
1986 1389 2071 1423 spe-

218 1437 292 1470 ciali
322 1436 428 1470 bonos
457 1447 537 1470 Vsus
566 1441 599 1470 et
627 1436 827 1482 approbatas
861 1438 1120 1472 consuetudines
1158 1439 1274 1484 quibus
1309 1438 1513 1485 temporibus
1549 1438 1700 1473 diuorum
1734 1443 1951 1483 augustorum
1986 1449 2070 1484 pre-

218 1497 434 1531 decessorum
466 1502 652 1531 nostrorum
682 1498 860 1531 recolende
890 1502 1048 1532 memorie
1077 1502 1128 1532 usi
1157 1504 1231 1533 sunt
1261 1499 1421 1533 hactenus
1450 1502 1530 1545 ipsis
1558 1502 1590 1532 in
1621 1501 1773 1533 seruiciis
1803 1503 1834 1532 et
1862 1498 1971 1532 debite
1994 1498 2070 1532 fidei

220 1562 334 1591 nostre
363 1560 557 1591 constancia
587 1558 840 1603 persistentibus
875 1558 916 1592 de
950 1558 1205 1604 magnificencie
1240 1564 1353 1593 nostre
1388 1563 1614 1603 generositate
1652 1564 1684 1593 et
1717 1570 1761 1593 ex
1795 1564 1887 1593 certa
1922 1562 2069 1593 sciencia

217 1618 463 1653 confirmantes.

1041 1689 1095 1723 De
1123 1690 1250 1723 eodem.

370 1753 411 1787 B.
444 1752 495 1786 dei
525 1756 638 1798 gracia
668 1758 729 1787 etc.
762 1753 938 1795 Quamuis.
957 1754 1100 1799 ‚gradus
1135 1757 1166 1787 in
1203 1754 1321 1800 quibus
1357 1766 1417 1800 per
1445 1757 1597 1788 uirtutum
1628 1753 1733 1788 studia
1762 1753 1803 1787 ad
1832 1757 1937 1788 eterni
1968 1757 2069 1800 patris

215 1813 331 1847 solium
361 1812 505 1847 feliciter
533 1816 728 1860 pertingitur
758 1814 949 1861 Sanctaque
978 1814 1087 1849 Mater
1115 1814 1267 1849 Ecclesia
1297 1819 1451 1860 tanquam
1481 1817 1511 1848 iu
1542 1815 1645 1848 odore
1674 1817 1844 1848 suauitatis
1870 1817 1901 1848 in
1928 1814 2067 1848 filiorum

215 1873 373 1920 operibus
404 1873 549 1907 delectat
577 1873 693 1907 fauore
722 1879 835 1908 nostre
864 1875 988 1920 regalis
1017 1876 1272 1921 magnificencie
1302 1886 1542 1921 prosequamur
1562 1879 1669 1909 tamen
1683 1876 1814 1919 fratres
1838 1877 2070 1909 cistersiensis

216 1935 344 1968 ordinis
373 1938 451 1980 quot
486 1936 517 1967 in
552 1937 668 1980 spiritu
698 1934 892 1969 deuocionis
927 1940 958 1969 et
991 1935 1183 1970 humilitatis
1219 1941 1250 1970 et
1285 1939 1406 1981 rigoris
1436 1935 1656 1970 obseruancia
1684 1938 1867 1969 monastice
1896 1935 2069 1982 discipline

215 1994 347 2028 domino
376 1998 498 2040 iugiter
526 1994 578 2028 uel
608 1994 723 2028 sedulo
753 1995 950 2030 famulantur
979 1996 1020 2030 de
1048 2001 1170 2031 ceteris
1206 1996 1376 2031 ordinibus
1408 2001 1522 2031 nostra
1556 1996 1687 2030 dilectio
1722 1996 1902 2041 specialius
1937 1996 2069 2042 pretulit

215 2060 246 2089 et
276 2058 399 2089 amauit
428 2055 563 2089 eosdem
593 2059 717 2089 nostris
746 2056 916 2090 fauoribus
951 2062 983 2091 et
1016 2057 1254 2092 beneficiorum
1292 2056 1568 2103 participionibus
1598 2056 1777 2101 digniores.
1808 2060 1898 2090 tanto
1927 2057 2067 2102 amplius

213 2120 410 2161 reputantes
440 2120 561 2162 quanto
591 2119 623 2149 in
651 2116 777 2150 eisdem
808 2117 1039 2163 hospitalitatis
1069 2123 1102 2151 et
1130 2118 1193 2151 alia
1221 2117 1379 2152 Karitatis
1413 2128 1514 2163 opera
1551 2128 1611 2163 per
1638 2115 1788 2150 crebram
1820 2120 2067 2150 exerciciorum

215 2176 423 2210 euidenciam
454 2176 576 2210 clarius
616 2188 655 2210 ac
691 2176 826 2211 vberius
863 2181 1051 2212 enitescunt
1085 2189 1124 2212 ea
1158 2183 1296 2224 propter
1327 2178 1368 2212 ad
1403 2181 1556 2212 noticiam
1590 2179 1732 2210 omnium
1763 2180 1911 2224 cupimus
1941 2188 2071 2223 perue-

214 2239 286 2270 nire
323 2237 408 2283 quod
442 2248 504 2271 nos
547 2237 699 2270 allectum
742 2249 836 2283 quem
872 2238 912 2272 ad
957 2239 1106 2273 ordinem
1150 2242 1298 2284 gerimus
1340 2239 1535 2285 prelibatum
1580 2240 1732 2284 apperire
1770 2242 1943 2284 cupientes
1981 2240 2063 2272 eui-

215 2297 352 2331 dencius
383 2300 494 2343 operis
523 2309 582 2343 per
611 2298 762 2331 effectum
788 2301 1029 2333 monasterinm
1058 2298 1097 2333 G.
1124 2299 1165 2333 ob
1192 2302 1424 2333 reuerenciam
1449 2300 1594 2344 gloriose
1613 2301 1752 2342 uirginis
1773 2310 1790 2331 a
1811 2310 1874 2344 qua
1899 2298 2067 2345 plenitudo

214 2361 322 2391 tocius
352 2359 466 2391 salutis
497 2362 528 2391 et
556 2361 672 2402 gracie
700 2364 831 2393 emanat
861 2362 955 2394 cuius
985 2364 1036 2394 est
1063 2359 1228 2394 uocabulo
1258 2360 1468 2405 designatum
1502 2370 1575 2393 cum
1603 2362 1770 2393 vniuersis
1798 2358 1895 2393 bouis
1925 2364 1957 2393 et
1985 2369 2069 2405 per-

215 2421 307 2452 sonis
336 2421 367 2451 in
398 2422 638 2464 protectionem
676 2423 823 2453 nostram
859 2424 891 2454 et
923 2423 956 2454 in
992 2420 1110 2455 eodem
1146 2424 1351 2455 monasterio
1387 2420 1620 2454 beneficiorum
1655 2422 1685 2453 in
1723 2418 1938 2466 pensionibus
1973 2422 2068 2464 regie

215 2478 418 2512 liberalitatis
447 2483 594 2523 graciam
624 2483 812 2525 recepimus
842 2481 1023 2527 specialem
1052 2485 1084 2515 in
1114 2482 1273 2516 dictorum
1302 2484 1550 2527 progenitorum
1580 2485 1766 2514 nostrorum
1788 2479 1968 2513 recolende
1989 2490 2067 2513 me-

214 2542 318 2573 morie
348 2542 401 2584 qui
431 2542 463 2572 iu
493 2540 610 2573 eodem
639 2543 841 2575 monasterio
870 2541 1108 2576 beneficiorum
1138 2545 1169 2577 in
1199 2542 1416 2589 pensionibus
1449 2543 1542 2585 regie
1578 2540 1782 2575 liberalitatis
1811 2543 1954 2586 insignia
1982 2541 2067 2575 reli-

215 2605 355 2646 querunt
384 2603 526 2645 vestigia
557 2600 751 2635 inherendo.
