2184 2828
1069 125 1138 159 891

1062 292 1168 327 323.

183 371 281 407 Isarl,
310 371 370 403 der
398 370 618 414 erstffl'borne
647 370 742 403 Solm
771 371 829 404 des
858 372 987 415 Isnm'gss
1015 382 1079 403 ron
1108 370 1271 413 Balanea,
1302 370 1460 404 ersucltet
1493 372 1557 405 den
1584 371 1808 418 Psalzqrasen
1839 373 1895 407 bei
1923 374 2034 408 Rlaeez‘n

180 431 246 464 und
278 430 414 475 Hem-oy
450 442 514 463 fron
547 430 687 472 Bae'eru,
716 430 893 464 Heinrich.
929 443 980 464 um
1014 431 1238 475 Rest'l'asmtq
1274 433 1367 465 elices
1400 443 1463 465 aas
1501 431 1652 466 Bo'ltmen
1683 433 1867 478 [Iac-hli'qen
1903 435 1971 468 mid
2002 436 2035 468 in

501 491 631 524 Baiern
659 490 733 524 sii-k
760 492 1000 535 aelfleallemlen
1038 490 1275 525 Vei-brecleers.
1307 503 1338 526 0.
1369 492 1414 526 D.
1443 504 1475 526 n.
1507 492 1545 526 0.
1581 492 1712 527 1338?

324 549 530 613 magnifico
558 569 701 615 Principi
730 574 763 603 et
790 569 921 609 Illustri,
952 569 1094 602 Domino
1124 566 1281 611 lIcnricQ
1312 569 1460 603 Palatino
1491 569 1587 612 Renie
1616 569 1700 604 Duci
1726 570 1869 604 Bavarie
1892 571 2030 605 Sol-orio

181 640 240 663 suo
275 629 470 671 karissimo,
508 629 662 669 Karolus„
700 629 752 663 dci
786 633 890 674 gratia
928 630 1174 675 l'riniogcnitus
1209 629 1329 663 domini
1364 632 1454 673 reg-is
1490 630 1645 674 Bomnte,
1686 642 1759 665 cum
1794 633 1866 677 puri
1907 635 2029 666 amoris

181 693 358 733 augmento
385 692 542 723 continuo
571 693 603 723 et
633 700 768 735 semper
797 690 1023 735 complacendi
1062 690 1230 724 desiderio
1265 701 1301 724 sc
1337 695 1498 736 paratum.
1534 689 1751 725 Excellencie
1779 696 1893 725 vestre
1921 694 2032 736 signi-

180 749 328 787 ficamus„
358 749 443 795 quod
472 749 601 795 quidam
630 749 802 783 Maleficus
831 753 990 784 notorius.
1027 755 1125 796 prout
1159 755 1249 784 certa
1286 750 1489 796 quorundam
1524 749 1689 784 Nobilium
1725 762 1764 785 ac
1793 750 1922 785 Civium
1958 752 2032 786 Re-

180 811 385 854 gnicolarum
422 809 558 843 ssoemie.
594 810 709 844 relatio
745 821 806 843 nos
848 810 950 855 pridie
986 810 1187 853 informavit,
1223 811 1392 854 cujusdam
1429 810 1629 846 Gladiatoris
1667 811 1708 845 de
1743 811 1895 846 Glatovia
1937 811 2033 855 filius,

180 881 276 915 quem
305 881 405 904 ausus
434 875 465 903 ct
494 873 717 916 praesumptio
748 870 831 903 l'urta
861 875 892 903 et
921 871 1025 915 spolia
1055 871 1279 904 committendi
1316 876 1349 904 et
1377 871 1551 905 homicidia
1581 882 1640 918 pro
1668 872 1788 906 nichilo
1818 872 2030 918 perpetrandi

180 941 239 975 pre
268 931 376 964 multis
405 931 477 964 aliis
505 934 651 964 animant
682 931 879 965 inconsulte.
919 936 1054 976 propter
1089 944 1152 977 que
1188 932 1296 973 Regni
1332 931 1468 965 Boemie
1502 932 1661 978 profugus
1696 937 1730 966 et
1766 935 1970 978 proscriptus
1997 935 2030 966 in

180 995 266 1024 terra
296 991 438 1025 Bavarie
466 992 714 1024 mansionaliter
743 1002 780 1025 sc
809 994 944 1037 recepit.
977 993 1142 1032 Quocirca
1171 995 1396 1026 sinceritatem
1419 997 1565 1026 vestram
1589 995 1784 1037 requirimus
1804 992 2030 1033 confidenter„

181 1051 353 1092 Quatenus
383 1052 423 1085 de
452 1052 568 1085 eodem
599 1052 761 1095 malefico,
791 1064 832 1085 ne
868 1052 1052 1085 consimilia
1088 1057 1255 1098 perpetret
1290 1055 1321 1086 in
1350 1052 1506 1095 futurum,
1540 1052 1581 1086 ad
1610 1056 1867 1099 requisicionem
1897 1052 2032 1087 exhibi-

179 1115 260 1145 toris
289 1114 513 1158 presencium,
543 1114 593 1145 cui
625 1117 697 1145 erat
726 1115 929 1157 incognitus„
961 1115 1065 1158 ipsum
1096 1113 1211 1147 ledens
1240 1113 1420 1147 mortaliter
1448 1116 1481 1146 in
1509 1123 1664 1159 persona,
1694 1113 1735 1147 de
1763 1112 1911 1147 remedio
1934 1124 2032 1148 com—

179 1175 300 1217 petenti
330 1175 434 1206 nostri
463 1173 751 1218 contemplacione
784 1173 965 1218 dignemini
996 1174 1184 1219 providere.
1215 1173 1290 1207 Dat.
1321 1184 1351 1207 e.

488 1251 600 1281 (Jacobi
624 1251 711 1278 codex
736 1252 876 1286 epistolar.
904 1252 1036 1278 Johannis
1060 1260 1118 1286 reg.
1145 1252 1254 1279 Bohern.
1280 1253 1307 1278 S.
1331 1252 1359 1279 8.
1385 1260 1410 1278 n.
1439 1251 1500 1285 15.)

1061 1424 1168 1459 324.

182 1500 282 1542 Ii'arl,
302 1499 490 1544 Marltyraf
510 1511 574 1533 von
603 1500 762 1536 Mithrem.
793 1501 929 1545 befielell
958 1502 1020 1535 den
1049 1502 1209 1546 Burqem
1236 1513 1300 1535 ron
1330 1502 1578 1540 Nea-Pilsem
1608 1503 1687 1536 dass
1715 1504 1766 1535 sie
1793 1502 1847 1535 die
1876 1501 2033 1546 Aoi-tepea

642 1561 752 1595 Juden
780 1562 874 1595 uic-let
903 1561 1143 1606 beanralezſjeu.
1177 1574 1207 1596 ο.
1238 1562 1281 1596 D.
1312 1575 1342 1596 η.
1376 1565 1414 1597 0.
1446 1562 1577 1597 1338?

327 1610 511 1673 hai-olus,
549 1629 680 1664 Domini
709 1631 814 1675 Regis
848 1631 985 1665 Boeniie
1020 1631 1277 1676 Primogenitus,
1313 1631 1461 1666 Mai-chio
1495 1631 1659 1675 Moravie‚
1694 1631 1915 1666 Prudentibus
1950 1634 2031 1665 viris

190 1688 403 1734 ...JudfficiJ
432 1694 463 1723 et
495 1690 619 1724 Juratis
656 1702 695 1724 ac
729 1694 936 1726 universitati
973 1691 1102 1725 Civium
1137 1691 1354 1737 Novepilsnc,
1391 1695 1524 1726 sincere
1558 1692 1619 1726 sibi
1653 1692 1794 1735 dilectis,
1829 1692 1967 1726 salutern
2003 1695 2035 1724 et

181 1760 279 1783 omne
308 1749 442 1783 bonum.
472 1749 641 1784 Noveritis
670 1762 731 1785 nos
761 1751 978 1786 Serenissimi
1008 1752 1140 1786 Domini
1171 1752 1338 1787 Genitoris
1367 1756 1470 1787 nostri
1493 1757 1684 1799 preceptum
1712 1755 1875 1786 seriosuin
1902 1757 1934 1785 et
1955 1754 2034 1786 satis

184 1812 331 1844 strictum
368 1813 540 1856 recepisse
574 1810 680 1857 pridie
715 1814 745 1845 in
782 1812 869 1846 lumc
905 1812 1054 1856 modum,
1090 1813 1175 1859 quod
1210 1817 1377 1848 universis
1412 1813 1528 1848 ,Iudeis
1564 1814 1717 1856 Boeniie‚
1753 1813 1861 1858 Regie
1894 1812 2034 1846 Camere

183 1872 306 1913 servis,
336 1870 516 1905 debeamus
550 1871 680 1917 plenam
717 1883 833 1917 pacem
869 1878 901 1907 et
936 1877 1150 1907 securitatem
1184 1874 1404 1908 omnimodam
1440 1885 1656 1920 personarum
1693 1877 1724 1907 et
1758 1884 1868 1906 rerum
1902 1883 2034 1906 suarum

182 1934 327 1964 omnium
357 1931 454 1965 modo
483 1934 635 1977 pristino,
664 1935 749 1966 sicut
777 1937 924 1978 paternis
952 1933 1171 1980 beneplacitis
1201 1934 1391 1968 conformes
1419 1937 1562 1968 inveniri
1592 1934 1810 1979 voluerimus7
1840 1943 2031 1978 procurare.

182 1989 252 2024 Nos
281 1993 390 2036 itaque
419 1996 610 2037 preceptum
641 1992 826 2037 hujusmodi
855 1999 1006 2040 prompto
1036 2006 1076 2028 ac
1105 1994 1213 2028 debito
1249 1995 1401 2029 volentes
1430 1995 1560 2029 effectui
1589 1996 1790 2040 mancipare,
1824 1993 1928 2027 Vobis
1957 1995 2035 2027 uni-

182 2054 293 2085 versis
322 2056 353 2085 et
381 2052 519 2096 singulis
548 2055 682 2086 nomine
716 2056 818 2099 ipsius
854 2054 987 2097 domini,
1025 2058 1189 2100 genitoris
1225 2059 1339 2098 nostri,
1376 2061 1408 2089 et
1444 2060 1555 2089 nostro
1593 2054 1739 2089 districte
1775 2057 1974 2100 precipimus
2004 2058 2036 2088 et

182 2111 375 2146 mandamus
404 2113 575 2155 volentes3
605 2112 774 2154 Quatenus
802 2114 917 2149 Judeis
947 2115 1041 2149 vobis
1077 2115 1362 2149 commanentibus
1403 2127 1518 2162 pacem
1554 2119 1585 2148 et
1620 2118 1830 2148 securitatem
1867 2114 2034 2161 predictas

182 2171 242 2206 sub
271 2172 407 2206 obtentu
436 2178 573 2219 paterne
601 2178 634 2207 et
663 2180 775 2208 nostre
803 2179 910 2220 gratie
939 2181 1170 2222 procurantes,
1205 2179 1295 2222 ipsos
1325 2188 1390 2211 non
1419 2177 1601 2210 inclametis
1630 2175 1671 2208 dc
1699 2180 1812 2209 cetero
1841 2179 1873 2209 in
1901 2176 2031 2221 plateiS,

184 2243 246 2266 nec
274 2243 333 2267 eos
361 2233 466 2268 verbo
495 2235 550 2268 vel
580 2245 682 2281 opere
711 2238 741 2269 in
771 2236 871 2271 rebus
901 2241 933 2270 et
960 2240 1113 2282 personis
1142 2240 1339 2283 presumatis
1369 2236 1577 2282 aliquomodo
1607 2235 1798 2278 molestare,
1828 2239 1927 2270 immo
1956 2247 2034 2269 mo-

182 2292 361 2327 lestatores
390 2305 504 2328 eorum
533 2306 594 2341 pcr
621 2296 871 2331 inclamationes
901 2308 961 2331 seu
990 2298 1085 2332 leves
1110 2299 1220 2342 jactus
1250 2297 1392 2344 lapidum
1421 2300 1493 2332 sive
1521 2296 1577 2330 luti
1605 2299 1702 2341 gravi
1730 2308 1816 2342 pena
1839 2298 2032 2343 pecuniaria

184 2356 339 2399 puniam,
368 2366 464 2400 quam
493 2366 558 2389 non
588 2355 748 2390 habentes
777 2358 922 2401 solvere,
953 2358 1059 2400 aliter,
1089 2361 1173 2392 sicut
1201 2361 1409 2392 conveniens
1437 2356 1545 2400 fuerit,
1575 2360 1810 2403 compescatis.
1852 2356 1920 2391 Eos
1948 2367 2031 2390 vero

185 2413 346 2458 singuloS,
375 2417 429 2460 qui
458 2426 575 2450 manus
605 2417 769 2451 violentas
798 2429 901 2463 usque
930 2418 970 2452 ad
1000 2419 1194 2453 effusionem
1223 2421 1393 2463 sanguinis
1422 2420 1453 2451 in
1480 2417 1623 2462 aliquem
1646 2419 1824 2462 injecerint
1842 2417 2030 2461 Judcorum‚

186 2484 283 2507 manu
320 2477 443 2519 privari
477 2476 630 2510 volumus
670 2481 703 2511 et
737 2478 944 2513 mandamus.
984 2478 1047 2520 Qui
1087 2491 1171 2513 vero
1202 2478 1337 2523 judeum
1380 2482 1411 2512 in
1446 2482 1635 2524 contemptu
1664 2478 1807 2512 mandati
1836 2476 2032 2522 hujusmodi,

185 2533 355 2575 occiderit,
392 2535 560 2570 occidatur
595 2541 627 2570 et
659 2537 699 2571 de
734 2548 932 2584 quacunque
968 2540 1102 2584 querela
1133 2550 1335 2573 excessuum
1364 2542 1586 2585 pretactormn
1615 2550 1688 2581 vos,
1717 2538 1829 2572 Judex
1857 2542 1888 2571 et
1918 2537 2033 2581 ,lui-ati,

183 2594 284 2638 judeo
318 2605 384 2628 non
419 2596 649 2631 satisfeceritis
684 2602 911 2643 conquerenti,
948 2605 1141 2633 asserentes
1176 2600 1327 2634 fortassis
1361 2598 1459 2645 quod,
1489 2598 1712 2633 demonstrata
1748 2598 1844 2633 vobis
1873 2599 2035 2633 molesta-
