2184 2828
1009 101 1082 135 903

995 322 1103 358 340.

116 399 308 444 ,Mar-hyras
329 399 420 434 Karl
452 401 610 434 ersnclaet
645 401 708 434 den
736 400 988 445 Maqclebnryer
1016 400 1201 435 Stadii-ath
1234 412 1286 434 um
1314 401 1520 446 willscikriqe
1546 401 1743 447 Belehruny
1768 403 1825 446 seir
1852 404 1969 437 seinen

482 461 584 495 dalem
612 461 864 506 abyesencleten
893 461 1038 496 Botleen.
1069 474 1100 496 0.
1129 460 1175 495 D.
1204 473 1236 495 u.
1269 460 1308 495 O.
1339 461 1606 496 1333—1346.

264 511 484 576 Karsplus),
515 530 637 565 domini
665 531 771 576 Regis
800 535 832 565 et
859 535 940 565 cetr.
970 533 1052 565 viris
1086 529 1319 574 prudentibus,
1349 530 1548 567 Consulibus
1577 536 1610 566 et
1635 531 1771 568 Juratis.
1819 532 1969 568 Civitatis

117 589 400 637 Maydhurgensis
428 593 561 625 sincere
589 590 651 626 sibi
680 591 808 626 dilectis
837 592 977 626 salutem
1006 596 1038 625 et
1066 594 1188 626 sinceri
1216 591 1344 626 favoris
1371 594 1626 627 incrementum.
1665 591 1795 629 Vestris
1824 605 1968 640 semper,

117 651 172 686 ubi
200 654 392 698 poterimus,
422 651 638 698 disponentes
665 655 831 687 intentere
860 655 1073 686 incrementis
1102 658 1133 686 et
1161 657 1242 687 cetr.
1275 673 1319 678 —
1349 657 1384 688 ut
1412 664 1524 700 supra.

428 721 539 755 (Jacobi
565 723 627 750 cod.
652 723 760 757 epistol.
785 723 916 749 Jobannis
940 731 997 755 reg.
1023 723 1177 750 Bohemiae.
1203 724 1230 749 S.
1258 723 1306 749 18.
1331 732 1356 750 n.
1381 723 1446 757 36.)

993 921 1101 956 341.

208 998 396 1043 Marquaf
415 998 508 1032 Karl
533 999 694 1033 ersuclcet
721 1001 755 1032 in
783 998 960 1033 der-selben
990 999 1262 1044 Anyeleyenhez't
1290 1000 1353 1034 den
1381 999 1498 1034 Abten
1525 1012 1601 1035 vore.
1632 1013 1663 1034 υ.
1695 1001 1738 1035 D.
1768 1012 1798 1036 u.
1833 1002 1871 1036 0.

907 1059 1173 1093 1333—1346.

271 1109 424 1163 Devoto
463 1140 522 1163 suo
564 1128 903 1163 dilecto...Abbati
938 1131 967 1162 iu
989 1156 995 1161 .
1015 1155 1022 1162 .
1042 1133 1074 1162 et
1116 1134 1196 1163 cetr.
1242 1129 1372 1164 Vestris
1406 1141 1541 1176 semper
1577 1133 1750 1177 cupientes
1791 1131 1965 1166 desideriis

115 1199 295 1223 occurrere
332 1193 363 1223 et
402 1189 621 1223 laudabilibus
660 1189 878 1235 beneplacitis
915 1188 1129 1223 conformari.
1176 1190 1410 1224 Paternitatem
1448 1195 1595 1225 vestram
1633 1203 1677 1226 ex
1714 1197 1808 1238 parte
1845 1192 1967 1226 domini

115 1248 283 1284 Genitoris
319 1252 423 1284 nostri
463 1255 494 1283 et
530 1255 642 1284 nostra
680 1262 745 1284 non
785 1254 859 1284 sine
892 1250 1009 1284 lidueia
1039 1253 1239 1297 requirimus
1274 1255 1306 1285 et
1340 1262 1510 1297 rogamus,
1545 1256 1709 1297 quatenus
1743 1252 1966 1287 exhibitorem

112 1312 326 1356 presencium
353 1315 387 1344 et
416 1314 475 1344 etr.
509 1331 551 1335 —-
583 1315 618 1344 ut
647 1323 758 1357 supra.

425 1380 534 1413 (Jacohi
559 1381 621 1407 cod.
647 1381 754 1415 epistol.
779 1381 911 1407 Johannis
935 1390 992 1415 reg.
1018 1381 1160 1408 ssoherniae
1185 1382 1212 1407 S.
1241 1381 1288 1408 17.
1314 1390 1339 1409 n.
1366 1382 1434 1416 35.)

987 1588 1095 1623 342.

111 1673 303 1719 Marquaf
327 1674 420 1708 Karl
452 1675 612 1708 ersuclaet
640 1675 704 1709 den
732 1675 871 1719 Herzog:
898 1675 1115 1719 Iiutlolf,eon
1140 1675 1297 1710 Saeksen
1320 1687 1374 1709 um
1398 1676 1617 1722 Fiirspraelee
1641 1676 1697 1710 bez·
1718 1677 1792 1711 dem
1814 1677 1967 1722 Μαράθ-

194 1734 320 1780 buryer
347 1735 554 1770 Stadtratlaee
578 1737 637 1780 far
664 1737 727 1770 den
755 1736 858 1770 dalaia
886 1736 1136 1782 abyesemlelen
1164 1736 1311 1771 Botken.
1341 1748 1373 1771 o.
1402 1737 1447 1771 D.
1477 1749 1508 1772 u.
1542 1738 1580 1772 0.
1612 1737 1877 1772 133-3—1346.

251 1793 460 1858 stlagnifico
496 1813 641 1860 Principi
683 1814 826 1848 Domino
868 1814 1099 1860 Rud(0lpho),
1139 1814 1213 1849 duci
1255 1814 1408 1850 Saxonie
1444 1816 1624 1851 Avunculo
1667 1827 1729 1852 suo
1774 1816 1963 1861 karissimo,

110 1871 254 1909 Karolus
284 1886 313 1908 e.
343 1886 372 1909 c.
403 1877 535 1909 sineere
565 1875 750 1909 dilectionis
785 1880 818 1909 et
851 1878 1002 1909 amicicie
1037 1875 1230 1910 indesinens
1260 1878 1513 1911 incrementum.
1556 1877 1788 1911 Sinceritatem
1817 1881 1965 1912 vestram

112 1932 292 1969 affectuosa
329 1946 466 1982 precum
504 1938 666 1969 instancia
702 1940 840 1981 paterno
883 1940 915 1969 et
952 1941 1067 1970 nostro
1104 1939 1236 1971 nomine
1271 1940 1468 1983 requirimus
1507 1942 1540 1972 et
1575 1949 1754 1983 rogamus3
1793 1938 1965 1980 Quatenus

112 1993 330 2029 exhibitorem
370 1998 594 2042 presencium,
634 2000 780 2029 nostrum
823 1999 976 2029 nuncium
1016 1998 1209 2042 specialem,
1251 1998 1291 2031 ad
1333 1997 1396 2032 hoc
1432 1998 1516 2045 apud
1554 2001 1646 2033 viros
1687 2001 1963 2046 circumspectos,

111 2051 274 2088 Consules
303 2060 335 2089 et
361 2056 495 2090 Juratos
525 2055 677 2090 Civitatis
706 2055 1001 2103 Maydburgensis,
1031 2061 1155 2091 curetis
1185 2061 1307 2092 vestris
1335 2058 1646 2101 intercessionibus,
1676 2063 1773 2105 prout
1800 2061 1963 2106 poteritis,

110 2125 322 2161 promovere,
350 2117 436 2162 quod
466 2120 527 2164 ipsi
555 2117 698 2151 eundem
727 2117 768 2151 de
796 2117 871 2164 hiis,
902 2120 932 2151 in
961 2117 1080 2162 quibus
1109 2130 1168 2152 eos
1196 2123 1336 2164 paterno
1364 2124 1396 2153 et
1424 2124 1537 2153 nostro
1565 2122 1702 2164 requirit
1729 2122 1873 2163 nomine7
1898 2130 1963 2166 que

108 2174 204 2209 nobis
233 2176 324 2211 cordi
353 2183 440 2219 sunt,
469 2182 604 2212 sincere
632 2177 891 2224 (expediantur)
921 2178 1110 2225 informent7
1139 2190 1179 2213 ea
1208 2190 1251 2213 ne
1279 2190 1376 2225 quem
1405 2180 1543 2213 dubitari
1573 2183 1745 2224 contingat
1772 2183 1804 2214 in
1831 2183 1962 2226 scriptis

109 2239 284 2270 autenticis
311 2237 506 2283 redigendo,
534 2250 593 2286 pro
621 2250 684 2285 quo
712 2241 823 2285 utique
851 2243 964 2274 vestre
984 2239 1197 2274 Reverencie
1218 2244 1249 2273 et
1270 2240 1492 2285 predictorum
1514 2240 1693 2274 Consulum
1714 2252 1753 2274 ac
1771 2240 1961 2276 Juratorum

108 2299 442 2343 circumspectionem
478 2300 666 2334 curabimus
701 2311 765 2333 uua
798 2311 870 2333 cum
911 2299 1071 2334 Genitore
1113 2305 1226 2334 nostro
1262 2301 1413 2346 predicto
1453 2305 1548 2346 grata
1583 2302 1826 2345 vicissitudine,
1867 2306 1963 2348 prout

107 2356 330 2400 debuerimus,
360 2360 574 2405 respondere.

417 2437 526 2468 (Jacobi
552 2440 613 2466 coil.
639 2439 747 2474 epistol.
773 2438 905 2465 ,Iohannis
930 2448 987 2473 reg.
1013 2440 1166 2466 nehemiae.
1192 2442 1218 2466 S.
1249 2440 1294 2467 17.
1321 2449 1344 2466 ιι.
1371 2442 1436 2473 3⁷1)

1778 2647 1853 2674 ilii*
