2184 2828
1018 96 1088 132 135

133 213 174 247 Et
201 216 228 247 si
256 212 296 247 ab
325 212 374 246 his
401 212 573 246 conatibus
601 213 642 246 ad
671 213 859 259 diligentem
888 217 1133 260 requisitionem
1161 219 1317 258 nosti-am,
1345 227 1441 261 quam
1470 228 1543 251 cum
1572 217 1747 262 diligencia
1777 230 1838 253 nos
1865 222 1974 254 iuter-

134 284 259 320 ponere
291 275 519 319 promittimus,
556 273 718 307 desistere
752 285 816 308 non
851 280 1016 317 curarent,
1051 286 1095 309 ex
1129 279 1207 309 tuuc
1242 287 1302 309 nos
1335 277 1463 322 prefato
1501 277 1642 312 Domino
1679 278 1851 322 casimiro,
1886 280 1972 326 Regi

134 334 286 376 Polou1ae,
316 333 493 367 heredibus
521 338 553 367 et
580 335 832 369 successoribus
861 338 974 381 ipsius,
1005 335 1182 369 adversum
1218 336 1340 378 Duces,
1376 337 1532 372 Vasallos
1561 344 1594 372 et
1621 338 1771 373 homines
1801 341 1973 386 praedictos

133 394 253 429 nullum
281 393 440 428 debemus
468 394 547 428 dare
576 395 732 428 auxilium
762 400 793 429 et
816 397 988 439 juvamen.
1017 396 1179 429 Praeterea
1209 408 1270 430 nos
1298 408 1356 443 pro
1385 397 1480 432 nobis
1510 404 1540 432 et
1567 403 1687 434 nostris
1707 399 1884 435 heredibus
1913 405 1973 448 ipsi

132 455 273 489 Domino
301 454 496 497 Mai-ebioni,
533 457 668 500 suisque
703 455 879 490 heredibus
915 456 974 491 sub
1012 456 1127 491 eodeni
1156 456 1230 491 fidei
1255 459 1441 502 juramento
1471 462 1601 493 sincere
1629 464 1857 506 promittimus.
1888 462 1974 507 quod

133 519 159 549 si
188 526 349 561 processu
378 518 536 561 temporis
563 515 717 560 Regnum
746 516 902 552 Poloniae.
930 522 965 551 ut
991 520 1203 564 praemittitur,
1233 521 1265 552 in
1293 523 1438 553 nostram
1459 524 1514 553 aut
1535 531 1767 556 successorum
1787 527 1974 557 nostrorum

131 576 305 610 devenerit
332 580 541 622 potestatem,
570 575 656 622 quod
685 581 761 610 tunc
791 588 851 610 nos
880 577 933 611 vel
961 581 1064 612 nostri
1092 577 1234 612 heredes
1262 578 1367 613 dictos
1393 579 1506 614 Duces
1534 581 1671 626 praefato
1690 582 1833 617 Domino
1853 583 1974 617 Joanni

131 637 216 682 Regi
245 636 391 680 Boemie‚
420 640 562 682 genitori
590 636 738 681 ejusdem
767 636 980 681 marchionis,
1010 638 1071 673 sibi
1098 643 1130 672 et
1165 650 1226 673 suo
1260 639 1351 674 fratri
1380 639 1560 685 subjectos,
1590 645 1821 689 civitatesque,
1851 648 1973 687 castra,

131 698 281 732 homines
311 703 344 732 et
371 698 529 740 vasallos,
559 708 618 732 seu
647 698 710 732 alia
734 700 809 742 jura
845 710 1049 746 quascunque
1081 702 1160 746 ipsis
1188 699 1346 743 Ducibus,
1377 701 1580 747 Principibus
1609 707 1642 736 et
1671 704 1804 738 vasallis
1831 715 1975 751 compe-

130 761 232 793 tentia
266 761 297 792 in
333 758 418 792 dicto
454 758 574 803 Regno
611 758 766 801 Potoniae‚
809 759 1057 806 quibuscunque
1098 760 1340 805 distinguantur
1379 762 1577 805 nominibus.
1620 763 1714 798 nobis
1755 765 1810 799 vel
1851 769 1974 800 nostris

131 819 308 854 heredibus
336 819 519 862 vindicare,
548 830 710 865 usurpare
738 824 771 853 et
799 820 964 854 attrahere
993 832 1056 855 non
1086 821 1265 855 debeamus
1300 833 1359 868 per
1387 834 1448 857 nos
1476 823 1530 857 vel
1565 824 1648 858 alios
1678 829 1796 870 quovis
1825 829 1973 871 ingenio,

132 879 263 926 publice
290 880 345 914 vel
374 880 516 914 occulte:
545 879 626 923 Imo,
655 883 682 913 si
711 880 878 926 saepedicti
907 880 1030 924 Duces,
1052 881 1219 928 Principes
1240 887 1271 916 et
1290 883 1420 917 vasalli.
1443 887 1605 927 civitates,
1627 890 1738 919 castra
1759 892 1789 920 et
1809 886 1973 930 homines,

131 943 302 975 memorati
329 940 434 985 Regis
463 940 619 983 Boemiae‚
649 939 851 975 Marchionis
881 946 911 975 et
938 941 1047 976 fratris
1081 943 1230 987 ejusdem
1258 944 1415 989 praedicti,
1447 956 1484 978 se
1513 944 1607 979 nobis
1636 951 1690 980 aut
1718 950 1840 981 nostris
1870 947 1974 982 liere—

131 1001 224 1035 dibus
244 1000 396 1046 Regnum
418 1001 561 1036 Poloniae
587 1005 663 1034 tunc
684 1000 890 1044 habentibus,
911 1002 1076 1046 subjicere
1094 1003 1217 1038 vellent
1236 1009 1268 1038 et
1287 1009 1480 1050 appeterent
1507 1017 1619 1040 eorum
1640 1010 1771 1053 propria
1791 1009 1972 1052 voluntate,

130 1061 192 1096 hos
226 1064 259 1096 in
291 1062 438 1096 vasallos
473 1066 505 1095 et
539 1061 691 1096 homines
726 1067 859 1096 nostros
894 1068 1068 1109 acceptare
1103 1069 1135 1098 et
1168 1067 1319 1111 recipere
1356 1077 1421 1099 non
1460 1066 1664 1111 debebimus,
1700 1079 1763 1102 nec
1800 1072 1974 1115 quicquam

129 1133 204 1157 cum
232 1122 356 1157 eisdem
385 1122 590 1169 disponendo
620 1134 749 1169 quoquo
779 1123 874 1157 inodo
903 1126 934 1157 in
963 1124 1142 1159 eorundem
1162 1125 1265 1170 Regis
1284 1125 1440 1169 Boemiae,
1462 1130 1564 1172 ipisus
1583 1127 1785 1163 Marchionis
1806 1141 1845 1163 ac
1863 1130 1973 1164 fratris

129 1187 180 1218 sui
216 1183 440 1230 praejudicium
475 1188 507 1217 et
541 1195 744 1228 gravamen;
779 1183 840 1217 hoc
872 1185 1060 1230 specialiter
1094 1185 1235 1230 adjecto,
1273 1187 1357 1232 quod
1396 1198 1457 1221 nos
1492 1191 1663 1235 nostrique
1699 1189 1852 1233 heredes,
1895 1191 1973 1225 nulli

129 1247 257 1292 penitus
284 1244 470 1290 Principum
498 1255 557 1278 seu
585 1244 751 1279 hominum
787 1246 1011 1290 cujuscunque
1044 1246 1241 1281 conditionis
1276 1251 1429 1291 existant,
1465 1254 1611 1283 nostrum
1648 1250 1876 1296 impendemus
1913 1263 1973 1285 seu

129 1304 362 1340 exhibebimus
390 1305 559 1347 auxilium,
589 1309 642 1351 qui
670 1305 844 1351 praedictos
872 1305 995 1349 Duces,
1025 1306 1194 1353 Principes
1223 1312 1254 1342 et
1282 1309 1439 1351 vasallos,
1468 1314 1625 1355 patronos
1650 1313 1751 1357 ipsius
1771 1311 1973 1347 Marchionis

129 1371 163 1400 et
195 1366 307 1400 fratris
340 1369 401 1409 sui,
437 1365 477 1400 ab
513 1369 590 1412 ipsis
624 1371 657 1400 et
694 1377 809 1400 eorum
851 1371 1011 1412 potestate
1053 1368 1199 1402 alienare
1239 1369 1484 1415 quomodolibet
1525 1375 1740 1406 attentarent:
1776 1375 1840 1407 imo
1882 1376 1972 1419 ipsos

128 1427 304 1461 Dominum
332 1427 460 1472 Regem
490 1426 644 1469 ssoe’nnae,
673 1426 912 1461 Marchionem.
943 1432 974 1461 et
1002 1439 1095 1462 suum
1123 1428 1255 1463 fratrem
1284 1432 1316 1463 in
1341 1429 1470 1474 juribus
1498 1433 1531 1464 in
1560 1431 1654 1466 dictis
1685 1432 1843 1476 Ducibus
1874 1434 1974 1468 Prin-

128 1487 255 1534 cipibus
284 1492 316 1521 et
342 1487 491 1522 vasallis.
520 1490 602 1533 ipsis
623 1488 886 1533 competentibus
906 1487 1132 1522 favorabiliter
1150 1500 1400 1535 prosequemur.
1430 1491 1511 1525 Haec
1531 1495 1631 1537 igitur
1650 1497 1758 1527 omnia
1779 1499 1811 1528 et
1831 1495 1972 1540 singula,

129 1553 161 1582 et
188 1548 356 1595 quodlibet
391 1551 599 1594 premissum.
635 1553 730 1594 prout
765 1548 805 1582 de
837 1548 941 1582 verbo
974 1549 1014 1582 ad
1050 1549 1187 1584 verbum
1221 1551 1439 1596 praesentibus
1474 1558 1549 1587 sunt
1582 1556 1719 1597 inserta,
1755 1554 1815 1589 sub
1852 1559 1973 1591 virtute

127 1612 218 1656 prius
246 1612 380 1655 praestiti
406 1611 582 1654 juramenti
611 1609 650 1642 ad
680 1614 793 1643 sancta
814 1609 875 1643 Dei
905 1609 1089 1654 Evangelia
1111 1611 1281 1645 attendere
1301 1617 1332 1646 et
1352 1613 1518 1647 custodire
1537 1618 1766 1660 promittimus,
1787 1621 1820 1650 et
1838 1617 1974 1651 firmiter

127 1681 167 1704 ac
195 1669 428 1704 inviolabiliter
456 1669 650 1703 observare.
680 1669 716 1703 In
745 1672 839 1713 cujus
859 1673 905 1703 rei
926 1675 1028 1714 gestae
1049 1674 1238 1705 memoriani
1259 1678 1405 1707 nostrum
1427 1675 1570 1719 sigillum
1589 1676 1799 1721 presentibus
1820 1678 1972 1713 duximus

128 1730 391 1777 appendendum.
420 1730 538 1764 Datum
569 1735 600 1764 ut
631 1741 741 1776 supra.
773 1734 802 1764 iu
833 1730 1027 1775 Wisegrad.
1056 1730 1227 1766 Dominica
1257 1732 1443 1769 Invocavit.
1474 1736 1574 1769 Anno
1603 1735 1734 1770 Domini
1767 1737 1875 1772 1338.

435 1809 625 1843 (Abgedruckt
649 1809 691 1835 bei
723 1809 833 1835 Goldast
863 1810 886 1835 in
917 1809 1030 1843 append.
1062 1809 1212 1836 document.
1239 1812 1270 1837 ad
1301 1813 1478 1839 Commentar.
1511 1823 1568 1848 reg.
1594 1815 1658 1841 Boii.
1685 1817 1711 1841 S.
1738 1816 1786 1842 49.
1818 1833 1847 1836 -
1877 1818 1969 1851 Vergt.

537 1861 646 1887 Dobner
669 1861 830 1887 Monument.
856 1861 900 1887 lv.
927 1862 952 1887 S⁴
986 1860 1056 1887 301.
1089 1870 1113 1887 n.
1148 1863 1257 1889 cxuV.
1286 1880 1317 1883 —
1346 1865 1447 1891 Balbin.
1478 1866 1542 1892 Dec.
1566 1866 1584 1892 1.
1611 1867 1654 1893 lib.
1683 1868 1710 1894 8.
1737 1868 1796 1895 vot.
1823 1869 1841 1895 1.
1867 1871 1893 1895 S.
1921 1869 1969 1896 32.

538 1914 661 1940 Bolimer.
687 1914 737 1940 Ad.
763 1913 795 1939 tl.
821 1915 848 1940 S.
874 1914 943 1939 342.
969 1922 993 1939 n.
1020 1913 1084 1946 25.)

1002 2034 1102 2070 ists.

129 2111 298 2145 Belmim‘ss
331 2113 497 2146 z-rcisclzen
532 2113 645 2158 Koniq
680 2113 770 2147 Karl
804 2125 867 2147 ron
902 2113 1066 2157 Hmiyarn
1102 2113 1167 2146 und
1207 2113 1326 2148 dessen
1366 2115 1502 2150 So'lznen
1545 2129 1587 2150 au
1631 2120 1726 2152 einer
1760 2119 1868 2163 Seite,
1906 2122 1972 2156 und

129 2171 294 2206 zwt'schen
315 2173 427 2218 Kc'im'q
445 2173 582 2207 Jolzmm
612 2185 673 2208 ron
693 2174 857 2217 Bokmen‚
879 2173 1100 2217 Mai-kyrasen
1130 2173 1221 2206 Kar!
1246 2185 1309 2208 ron
1329 2174 1483 2219 ΜᾶΙινεη,
1511 2178 1577 2210 und
1595 2178 1732 2223 Herz-oy
1749 2179 1885 2214 Jolzama
1905 2193 1969 2216 von

129 2232 309 2266 Karnthen
343 2244 386 2267 an
420 2234 481 2267 der
519 2235 668 2268 anderen
704 2234 812 2278 Seite,
850 2234 957 2268 erobei
991 2233 1141 2278 z-uqleicla
1182 2234 1242 2267 cler
1277 2235 1583 2282 Hez'rathsrerlraq
1621 2239 1785 2273 zzez'sclzen
1820 2241 1968 2288 Ludit-1¹9,

128 2292 382 2338 erslqebornem
411 2294 527 2328 Sohne
555 2295 614 2328 des
641 2295 792 2340 Kam'qes
822 2307 883 2329 ron
912 2295 1087 2338 Hnnqarn.
1122 2294 1190 2327 med
1212 2295 1449 2340 Maryaretha,
1485 2298 1631 2332 Toemer
1659 2300 1718 2333 des
1746 2301 1968 2348 Markyrasen

210 2364 273 2388 ton
300 2353 454 2397 ΜᾶΙινεη,
481 2354 618 2389 beredet
651 2356 773 2390 warde.
801 2356 859 2389 Dt.
889 2357 919 2388 ιή
951 2354 1142 2399 HGk-ebrum
1173 2357 1339 2392 donn'm'ca
1362 2359 1538 2394 lnrocare'l
1565 2361 1619 2401 (1.
1643 2362 1762 2406 Mdrz)
1793 2360 1902 2400 1338.

282 2428 372 2483 Ros
401 2448 551 2493 Carolus,
580 2450 631 2485 dei
659 2454 766 2496 gratia
795 2462 856 2486 rex
884 2450 1073 2495 Hungariae‚
1103 2453 1374 2489 commendantes
1403 2459 1579 2499 memoriae,
1603 2461 1718 2493 tenore
1747 2465 1967 2506 praesentium,

128 2509 246 2554 quihus
281 2510 427 2556 expedit,
465 2511 699 2555 significamus,
743 2514 923 2546 uniuersis:
961 2511 1058 2556 quod,
1093 2512 1170 2546 licet
1211 2516 1295 2548 inter
1337 2516 1543 2550 excellentes
1584 2521 1760 2565 principes,
1803 2520 1967 2557 Joannem

129 2569 294 2613 videlicet,
314 2570 431 2605 eadem
450 2574 556 2615 gratia
575 2583 688 2617 regem
707 2572 883 2613 Boliemiae‚
904 2574 1056 2606 comitem
1071 2571 1409 2619 Lucemburgensem,
1426 2575 1558 2611 fratrem
1575 2583 1721 2614 nostrum
1741 2585 1965 2626 carissimum3
