2184 2828
127 211 278 258 preclare
306 208 556 243 recordacionis
581 209 681 253 patri
707 211 825 241 nostro
855 207 1030 241 karissimo
1060 211 1091 241 et
1119 206 1216 241 nobis
1245 207 1405 242 exhibuit.
1436 213 1467 241 et
1495 208 1657 242 exhibere
1686 212 1804 255 poterit
1832 212 1864 243 in
1888 209 1987 244 futu-

127 282 196 305 rum
227 282 265 304 ac
293 272 388 303 etiam
420 272 450 302 iu
480 270 836 314 recompensacionem
865 268 1079 314 dampnorum
1109 279 1172 314 que
1201 267 1285 301 idem
1316 272 1345 302 in
1378 271 1500 302 nostris
1529 272 1682 303 seruiciis
1704 271 1837 315 pertulit
1859 270 1979 304 eidem.

128 332 168 366 P.
197 331 282 365 bona
313 330 399 372 talia,
430 341 503 363 cuin
533 329 684 364 omnibus
714 331 782 362 suis
812 332 1002 362 attinenciis
1031 329 1072 362 de
1100 339 1266 362 consensu
1296 329 1348 362 tali
1377 334 1409 362 et
1438 329 1576 363 consilio
1603 330 1806 364 conferenda
1826 331 1980 365 duximus

127 391 168 425 de
196 393 312 437 gracia
343 390 478 436 speciali
507 390 523 436 (
631 390 643 433 )
672 389 733 423 sibi
764 394 796 423 et
824 393 892 424 suis
923 388 1100 423 heredibus
1129 389 1283 434 legitimis
1312 395 1471 435 perpetuo
1501 390 1714 436 possidenda.

183 531 207 573 ζ
208 529 392 564 Concessio
428 529 508 562 ville
537 529 711 562 cm'usdam
744 530 777 562 in
807 530 1159 573 resompensacfonem
1188 530 1409 562 serm'cioram
1435 530 1534 573 fideli
1559 534 1593 563 el
1621 530 1763 564 dilecto.
1783 531 1859 564 .de.
1878 534 1928 573 .).

289 599 323 633 V.
354 598 405 631 dci
434 601 547 642 gracia
576 603 637 632 etc.
671 598 779 643 Digne
815 597 1093 632 retribucionibus
1128 608 1349 644 compensare
1386 602 1511 643 premio
1540 604 1634 644 grata
1664 599 1807 633 fidelium
1837 602 1982 634 seruicia

127 670 189 694 nos
218 659 362 704 benigne
398 658 505 701 decet,
535 669 601 692 non
638 659 742 692 solum
781 659 928 704 predicta
962 658 1020 692 sed
1054 669 1093 692 ea
1129 669 1191 704 que
1224 659 1300 692 olim
1336 658 1468 692 domino
1489 686 1495 692 .
1517 660 1555 693 P.
1589 662 1688 703 patri
1713 664 1843 694 nostro.
1874 659 1982 694 felicis

128 723 288 754 memorie
317 722 506 766 prestiterit.
539 719 668 753 Sica:
700 722 829 753 iusticie
863 730 981 765 preces
1019 722 1215 765 exequimur
1244 730 1341 765 quum
1375 723 1650 754 remuneracione
1683 723 1917 767 prosequimur
1951 725 1984 754 et

127 780 353 826 obsequentes
382 783 428 813 sic
459 780 572 814 fideles
602 785 733 814 nostros
763 785 793 813 et
824 780 861 813 ad
892 780 1143 826 obsequendum
1172 779 1268 814 nobis
1297 783 1497 826 propensius
1534 786 1566 814 et
1595 781 1678 815 alios
1708 781 1893 816 inducimus
1924 793 1983 828 per

127 841 330 886 exemplum.
361 840 422 874 Per
451 840 513 875 hoc
543 852 624 885 ergo
654 840 860 887 priuilegium
891 845 952 874 etc.
984 841 1070 886 quod
1100 852 1172 875 nos.
1203 840 1411 874 attendentes
1439 845 1534 885 grat-a
1565 846 1596 874 et
1625 843 1714 876 utilia
1745 845 1889 876 seruicia
1919 853 1983 888 que

136 930 143 936 .
161 902 239 936 .de.
257 929 284 945 ‚7
315 902 453 936 dilectus
482 902 588 936 fidelis
618 906 744 945 noster,
775 905 915 948 prestitit
944 902 1019 935 olim
1046 902 1203 946 predis-to
1227 903 1326 946 patri
1351 905 1470 936 nostro
1500 906 1531 935 et
1555 902 1652 936 nobis
1675 907 1802 949 prestat
1831 903 1870 936 ad
1899 914 1984 949 pre-

127 974 207 997 sens
238 967 271 997 et
298 967 448 1008 prestare
478 965 621 1010 potuerit
650 963 689 996 ad
719 962 862 996 futurum
893 963 995 996 ets.
1026 965 1058 996 in
1088 965 1374 996 remuneracionis
1405 962 1613 996 dulcedinem
1645 963 1706 997 sibi
1735 968 1767 997 et
1792 967 1859 997 suis
1879 963 1982 997 here-

127 1023 222 1058 dibus
251 1027 480 1058 concessimus
510 1025 605 1057 uillas
634 1023 835 1057 hereditaria
863 1026 1082 1069 possessione
1111 1022 1345 1069 possidendas:
1376 1023 1527 1057 uolentes
1548 1028 1582 1057 ut
1602 1027 1685 1069 ipse.
1708 1035 1747 1057 ac
1769 1027 1820 1058 sui
1842 1024 1984 1058 heredes

127 1084 234 1119 dictas
262 1084 358 1118 uillas
388 1096 460 1117 cum
491 1088 606 1130 pratis„
636 1088 770 1130 pascuis
801 1089 833 1118 et
863 1085 935 1118 aliis
965 1095 1122 1129 aquarum
1159 1083 1367 1117 decursibus.
1402 1083 1506 1117 siluis.
1538 1083 1674 1127 rubetis,
1705 1088 1796 1129 agris
1827 1085 1922 1119 cultis
1953 1089 1986 1118 et

127 1145 273 1189 incultis,
303 1149 335 1178 et
363 1144 515 1178 omnibus
545 1145 669 1179 iuribus
699 1150 731 1178 et
759 1148 947 1179 attinenciis
976 1144 1181 1187 earumdem,
1206 1147 1278 1178 iure
1298 1144 1500 1178 hereditario
1523 1150 1669 1179 teneant.
1691 1145 1845 1186 habeant,
1870 1149 1985 1192 possi-

127 1205 238 1249 deant,
270 1205 311 1239 de
339 1210 451 1239 nostra
481 1208 597 1250 gracia
627 1206 776 1251 speciali.
822 1205 913 1247 Quas
943 1205 1073 1251 quiden]
1104 1206 1197 1239 uillas
1227 1216 1286 1251 per
1314 1216 1474 1239 summum
1505 1210 1599 1250 regni
1632 1206 1795 1240 Boleemie
1824 1207 1985 1240 kamera-

127 1268 210 1299 rium
240 1268 332 1300 iuxta
362 1269 456 1310 regni
486 1267 772 1308 consuetudinem,
802 1266 903 1299 elueri
935 1266 1074 1300 fecimus
1104 1271 1135 1300 et
1165 1277 1222 1299 eas
1252 1266 1356 1300 modis
1385 1266 1480 1300 (lictis
1501 1267 1672 1301 distinctas
1693 1272 1724 1301 et
1747 1270 1843 1301 terris
1864 1267 1978 1301 (lictis.

127 1327 209 1361 luet
241 1330 310 1361 suis
340 1326 519 1361 heredibus
549 1331 697 1371 assignet
728 1332 839 1361 nostro
870 1330 1002 1361 nomine
1031 1327 1262 1373 possidendas.

440 1466 516 1507 (De
544 1467 694 1508 endem.)
729 1467 939 1508 (Concessio
968 1468 1000 1499 in
1031 1468 1387 1510 recompensacionem
1415 1468 1672 1509 serm'ee'orwn.)

287 1536 326 1569 Ο.
357 1535 409 1569 dei
438 1538 552 1579 gracia
583 1541 646 1569 etc.

282 1595 403 1630 Notum
442 1596 583 1630 saciinns
619 1601 683 1630 etc.
721 1596 806 1643 quod
844 1608 906 1630 nos
943 1596 1028 1630 bene
1069 1598 1261 1630 meritorum
1302 1596 1470 1642 obsequiis
1510 1597 1618 1642 dignis
1655 1597 1987 1632 renumeracionibus

127 1660 284 1703 prosequi
315 1656 489 1691 honestum
520 1668 584 1691 non
617 1658 721 1691 solum
758 1657 815 1691 sed
852 1658 929 1691 utile
964 1661 1159 1703 reputantes
1188 1668 1229 1690 eo
1259 1657 1345 1702 quod
1382 1669 1441 1703 per
1477 1657 1539 1691 lioc
1574 1660 1703 1692 iusticie
1740 1658 1988 1692 satisfaciamus

127 1722 162 1751 et
191 1717 273 1752 alios
304 1718 343 1751 ad
375 1718 626 1764 obsequendum
657 1718 754 1752 nobis
785 1730 844 1764 per
874 1719 1119 1752 similitudinem
1150 1720 1339 1751 Inuitamus.
1384 1718 1514 1752 Dilecto
1545 1720 1634 1752 militi
1667 1724 1780 1752 nostro
1810 1723 1863 1765 qui
1892 1724 1986 1764 grata

128 1777 224 1812 nobis
254 1782 398 1813 seruicia
429 1779 591 1813 hactenus
628 1782 777 1825 prestitit.
813 1783 937 1825 prestat
970 1779 1009 1813 ad
1046 1790 1187 1824 presens
1223 1783 1255 1812 et
1290 1783 1439 1824 prestare
1477 1782 1600 1825 pariter
1638 1783 1669 1813 in
1705 1780 1849 1813 l'uturum
1879 1780 1988 1814 uillam

129 1838 249 1873 dictam
279 1843 510 1873 concessimus
539 1851 612 1873 cum
643 1840 781 1874 rubetis.
812 1835 1118 1885 virgultisssagris„
1149 1839 1247 1873 cultis
1276 1844 1307 1872 et
1337 1841 1479 1874 incultis.
1511 1844 1616 1886 aquis.
1649 1844 1762 1887 pratis.
1793 1844 1927 1886 pascuis
1957 1846 1989 1875 et

128 1899 280 1934 omnibus
311 1900 436 1934 uirilius
467 1905 483 1946 t
588 1904 603 1945 j
638 1906 669 1934 et
705 1904 894 1935 attinenciis
929 1903 999 1935 eius
1039 1903 1109 1934 iure
1146 1900 1347 1934 hereditario
1383 1901 1616 1947 possidendam
1653 1906 1685 1935 ut
1721 1906 1784 1935 tam
1816 1905 1897 1947 ipse.
1934 1902 1986 1937 W.

129 1971 224 2006 quam
255 1963 306 1996 sui
335 1961 477 1995 heredes
514 1972 586 1995 eam
622 1962 828 2007 possideant.
869 1966 1004 1995 teneant
1039 1961 1239 1995 hereditario
1276 1964 1357 2003 iure,
1388 1963 1530 2008 pacilice
1563 1967 1595 1996 et
1632 1966 1754 2007 quiete.
1793 1963 1989 1997 mandantes

129 2022 295 2055 uniuersis
324 2026 355 2055 ct
392 2022 545 2066 singulis,
581 2026 819 2068 cuiuscumque
855 2023 1062 2056 condicionis
1091 2022 1225 2065 l'nerint‚
1256 2027 1289 2055 ut
1324 2022 1456 2058 dictum.
1500 2023 1551 2058 W.
1591 2024 1641 2057 uel
1679 2027 1750 2057 eius
1784 2023 1927 2057 heredes
1957 2027 1987 2057 in

129 2084 347 2126 possessione
384 2082 472 2116 dicte
509 2083 585 2117 uillc
625 2087 723 2129 atque
758 2086 837 2117 iuris
876 2088 909 2117 et
946 2086 1133 2117 attinenciis
1168 2086 1237 2118 suis
1272 2095 1336 2117 non
1374 2084 1517 2118 debeant
1553 2084 1737 2130 aliqualiter
1774 2085 1934 2130 impedire
1962 2087 1988 2118 si

129 2141 322 2186 generalem
351 2147 499 2177 nostram
530 2144 798 2188 indignacionem
828 2147 965 2190 cupiunt
993 2148 1133 2178 euitare.

555 2265 630 2306 (De
658 2266 808 2307 eodem.)
843 2265 1023 2308 (Danae-io
1051 2266 1133 2300 m'lle
1162 2267 1346 2309 cuiusdam,
1376 2267 1563 2311 Berthse.)

287 2330 356 2366 Nos
390 2333 442 2368 W.
473 2339 536 2368 etc.

286 2391 405 2426 Notum
436 2394 574 2429 facimus
604 2400 666 2428 etc.

287 2452 382 2494 Quod
413 2466 473 2488 nos
501 2456 754 2490 considerantes
784 2457 855 2490 l'ore
884 2462 1149 2492 consentaneum
1180 2461 1307 2492 racioni
1335 2461 1361 2492 si
1390 2461 1578 2491 meritorum
1600 2462 1846 2504 prerogatinam
1870 2462 1990 2492 atten-

136 2512 455 2548 didennostroruin
491 2516 634 2551 fidelium
675 2520 753 2562 ipsis
790 2517 957 2561 condigne
992 2518 1225 2554 retribucionis
1261 2522 1451 2566 compensis
1489 2530 1547 2565 pro
1583 2523 1709 2554 meritis
1747 2520 1991 2565 respondemus

131 2577 263 2620 proprie
292 2574 366 2608 lidei
396 2579 427 2609 et
465 2575 658 2612 deuocionis
696 2581 923 2612 constanciam
963 2579 1079 2624 quibus
1116 2580 1211 2614 nobis
1247 2585 1279 2614 et
1315 2580 1634 2627 predecessoribus.
1675 2581 1829 2624 Ber-llejsa
1867 2584 1990 2614 coniux
