2184 2828
963 253 1068 289 877.

241 311 326 366 Die
353 331 483 365 Herren
522 330 599 365 Otto
629 343 695 366 von
729 331 899 375 Wilburg,
934 332 1062 365 ilem-en
1095 343 1133 365 zu
1164 329 1404 374 Sonnenbergq
1445 331 1618 373 erklaren‚
1667 331 1744 364 dass
1779 334 1826 365 sie
1864 331 1939 365 dem

88 392 275 427 romischen
311 392 442 433 Konige
477 391 555 426 Karl
585 392 641 426 lv.
680 392 743 426 und
782 392 840 426 der
874 392 986 426 Krone
1021 392 1186 426 Bohmens
1225 403 1264 424 zu
1294 391 1431 425 Handen
1468 395 1579 426 seines
1616 391 1764 425 Bruders
1793 392 1938 427 Joliann.

88 453 265 497 Herzogen
300 465 339 486 zu
373 453 566 495 Karntlien‚
606 452 729 487 Grasen
767 465 806 487 zu
842 453 945 498 Tyrol
982 453 1045 486 und
1076 452 1194 493 GortZ,
1229 452 1311 485 oder
1346 463 1424 486 wen
1454 464 1490 485 er
1519 455 1634 486 immet·
1663 452 1746 486 dazu
1775 452 1939 487 bestellen

88 513 217 556 warde,
247 513 311 547 den
340 514 605 558 Huldigungseid
636 513 758 548 biunen
788 514 893 548 zwolt'
917 514 1071 548 WVocben
1100 514 1216 547 leisten
1244 513 1380 546 wollen.
1439 512 1489 546 Dt.
1520 513 1753 558 Wittenberg,
1784 515 1858 559 ipso
1889 513 1940 547 die

88 573 122 607 S.
154 574 303 608 Barbare
333 574 624 620 (4.Dece1111›e1·)
659 575 766 609 1348.

396 654 589 687 (Abgedrurkt
618 654 659 679 bei
686 654 771 680 l'elzel
796 654 825 680 Κ.
852 654 912 679 Karl
938 654 981 681 lv.
1015 654 1034 681 1.
1059 653 1104 679 Th.
1130 652 1301 679 Urkundenb.
1334 653 1361 680 S.
1392 651 1448 678 170·
1483 661 1507 677 u.
1534 652 1629 679 chx.
1660 661 1707 679 aus
1731 653 1791 679 dem
1820 653 1939 678 Nostitz-

499 706 580 731 seben
607 706 724 738 Codex.)

963 800 1067 835 878.

93 877 274 922 lVolfleard
303 890 364 911 con
387 877 549 911 Litoleoru
573 878 745 912 ret-maele!
766 880 807 911 im
836 878 1162 911 Einret-stamlm‘sse
1191 879 1249 910 mit
1277 879 1391 911 see'ner
1414 877 1593 911 (ι’θηηιΙιίίη
1614 877 1811 911 [scillaei-ina
1840 879 1939 911 einen

87 941 118 972 in
147 938 283 972 dac-lma
310 939 499 984 yeleqenen
529 939 624 972 Lalm
653 940 714 973 der
744 939 969 983 l'sarrlsirelw
998 941 1029 972 ίη
1058 938 1271 972 Domame‘ilel.
1323 938 1381 971 Dc.
1413 940 1446 971 ιἸι
1473 938 1622 981 daumio,
1652 939 1707 972 die
1736 938 1766 972 b.
1797 939 1943 972 Nicolai

687 1002 861 1044 pontilicis
893 1001 948 1041 (0¹.
978 998 1187 1042 December)
1222 998 1331 1032 1348.

242 1060 286 1112 'n
317 1078 456 1112 Nomine
485 1078 616 1112 Domini
647 1079 767 1112 Amen.
799 1078 878 1112 Cum
908 1081 993 1111 inter
1021 1081 1129 1111 omnia
1159 1078 1311 1111 animalia
1341 1077 1439 1111 bomo
1468 1081 1508 1111 sit
1536 1077 1740 1111 nobilissima
1775 1082 1939 1112 creatura.

87 1139 230 1185 Expedit
259 1145 293 1173 ut
320 1143 352 1173 in
380 1140 584 1174 resolutione
614 1142 762 1184 eorporis
792 1144 823 1172 et
852 1142 968 1172 animae
1006 1138 1140 1183 quilibet
1174 1150 1267 1172 suum
1305 1149 1554 1179 recognoscere
1590 1138 1709 1172 debeat
1738 1143 1938 1172 creatorem.

86 1200 171 1233 Hinc
201 1205 252 1234 est
280 1200 365 1245 quod
402 1211 465 1245 ego
495 1199 715 1234 W⁷olsliai·(liis
749 1200 789 1233 (le
820 1199 995 1233 Lutieliorn
1026 1202 1057 1232 in
1087 1202 1248 1233 extremis
1284 1199 1440 1232 laborans
1478 1199 1626 1232 iulirmus
1663 1210 1806 1245 corpore
1841 1202 1940 1232 ineo-

86 1261 180 1295 lumis
210 1266 318 1295 tamen
349 1266 457 1295 mente
487 1266 519 1295 et
548 1253 677 1294 ratione
708 1261 748 1294 (le
777 1272 946 1294 consensu
976 1260 1178 1293 conthoralis
1208 1271 1289 1293 meze
1319 1260 1505 1293 Catlierina¹
1536 1271 1574 1293 ac
1604 1260 1740 1293 alioruin
1772 1260 1938 1293 haeredum

85 1333 250 1363 meorum,
289 1321 375 1355 bona
410 1327 442 1356 et
470 1322 572 1356 libera
603 1323 791 1358 voluntale.
826 1321 933 1354 taliter
962 1332 1069 1354 meum
1098 1321 1267 1358 ordinaviq
1308 1321 1453 1366 disposui
1484 1325 1734 1361 testamentum7
1766 1326 1797 1354 et
1827 1321 1939 1364 legavi

84 1384 237 1417 ecclesiae
273 1394 353 1417 meae
388 1382 587 1429 parrochiali
625 1386 657 1416 in
695 1383 855 1416 Uouiauiil
891 1393 990 1415 unum
1027 1382 1156 1415 laneum
1191 1393 1298 1415 meum
1337 1385 1368 1415 in
1404 1381 1566 1415 Jaczliaw
1604 1384 1717 1422 situm,
1752 1382 1939 1415 solventem

85 1444 302 1489 quadrag-mia
331 1455 470 1488 grossos
500 1444 712 1477 denariorum
735 1443 964 1487 l'raggensiuin7
995 1443 1101 1476 taliter
1129 1443 1214 1488 quod
1241 1443 1325 1476 tilius
1346 1454 1439 1476 meus
1461 1443 1691 1476 Cristinaniius
1721 1442 1804 1487 (sie)
1834 1445 1939 1487 ipsum

84 1505 215 1538 laneum
245 1504 416 1550 prael'atum
446 1507 476 1538 in
506 1515 565 1538 sua
595 1504 719 1538 babere
749 1508 915 1555 potestate
945 1503 1127 1538 tenebam:
1158 1507 1201 1536 ita
1230 1503 1315 1549 quod
1346 1504 1485 1547 singulis
1515 1506 1611 1537 annis
1641 1508 1781 1549 quatuor
1807 1503 1940 1537 vicibus

85 1568 115 1599 in
145 1576 245 1600 anno.
276 1566 429 1599 videlicet
450 1568 608 1611 proximis
630 1565 746 1598 diebus
767 1565 939 1598 domiuicis
970 1569 1045 1610 post
1065 1569 1204 1610 quatuor
1225 1569 1372 1610 tempora
1396 1565 1528 1609 vigilias
1550 1575 1623 1597 cum
1645 1565 1752 1610 pulsuq
1783 1564 1939 1598 secundis

84 1626 176 1660 feriis
207 1629 366 1671 proximis
395 1626 610 1671 sequentibus
633 1629 766 1659 missam
789 1625 1016 1658 (lel'unctoruui
1038 1625 1217 1658 decantare
1243 1625 1341 1659 faeiat
1370 1629 1400 1659 in
1431 1625 1586 1671 przrdiela
1608 1626 1750 1659 ecelesia
1773 1625 1938 1658 Domamil

82 1691 113 1721 in
151 1688 333 1721 remedium
370 1690 486 1720 animae
522 1698 603 1720 meze
638 1698 770 1720 necnon
806 1686 991 1719 t'atliarinte
1029 1686 1232 1719 conthoralis
1262 1698 1361 1728 meae,
1397 1698 1437 1719 ae
1472 1687 1609 1719 aliorum
1647 1685 1932 1731 praedecessorum

84 1759 231 1782 meorum
271 1751 302 1781 in
337 1748 475 1782 salutem
515 1759 589 1781 eum
626 1759 687 1781 sex
722 1750 849 1791 grossis
887 1747 1034 1790 (lenarijs
1073 1748 1212 1791 singulis
1248 1746 1340 1791 sei-ijs
1376 1747 1531 1781 secundis
1562 1750 1753 1793 prwtaxaHs
1784 1746 1937 1779 residuos

84 1819 214 1855 quoque
243 1809 388 1842 sedecim
418 1819 556 1853 grossos
578 1808 738 1842 Dominus
758 1808 906 1841 Joauues
937 1807 1099 1841 l'lebanus
1129 1811 1159 1841 in
1191 1807 1366 1845 Domamih
1397 1813 1451 1841 aut
1480 1811 1505 1842 si
1536 1811 1588 1853 qui
1620 1820 1660 1841 eo
1690 1812 1837 1852 tempore
1858 1806 1938 1840 Ple-

85 1868 245 1903 banorum
274 1869 373 1903 fuerit
402 1869 522 1903 ibidem
552 1874 712 1915 perpetuo
747 1869 832 1902 illuni
863 1880 921 1913 pro
952 1880 989 1903 se
1018 1868 1199 1914 usurpabit„
1230 1868 1276 1902 Ita
1298 1869 1382 1914 quod
1405 1870 1546 1913 singulis
1568 1869 1660 1912 l'erijs
1691 1867 1846 1902 secundis
1876 1878 1936 1912 per

86 1940 204 1964 annum
234 1934 334 1964 totum
364 1931 416 1964 uel
446 1930 509 1963 alio
539 1930 592 1963 die
622 1933 652 1963 in
682 1933 752 1975 ipsa
782 1933 966 1974 septimana
1000 1932 1132 1962 missam
1169 1929 1398 1962 del'unetorum
1430 1930 1609 1963 decantare
1648 1931 1725 1974 ipsis
1763 1927 1937 1961 animabus

86 1994 334 2036 praenominatis
368 1991 469 2025 faciat
506 1994 536 2024 in
572 1991 752 2024 remedium
783 1995 814 2024 et
843 1990 979 2023 aliorum
1010 1990 1307 2035 prindecessormn.
1352 1990 1411 2023 Sin
1441 1995 1549 2023 autem
1580 1989 1737 2035 pra-satus
1768 1989 1937 2022 Cristina-

87 2053 170 2084 mius
199 2057 384 2086 moreretur
418 2063 490 2085 cum
521 2055 589 2086 suis
620 2051 804 2085 liaeredibus
833 2050 919 2095 quod
949 2050 1032 2085 absit
1061 2050 1181 2084 Diuino
1211 2055 1387 2096 pneumate
1417 2055 1601 2091 annuente„
1640 2054 1715 2083 tuuc
1754 2052 1780 2082 is
1810 2051 1864 2094 qui
1894 2059 1935 2083 eo

87 2116 234 2156 tempore
262 2112 425 2146 Plebanus
454 2112 552 2147 l'uerit
582 2117 770 2158 praetactum
800 2113 928 2145 laneum
960 2114 990 2144 iu
1019 2111 1182 2145 Jaczkaw
1212 2113 1306 2144 situm
1336 2115 1423 2145 omni
1443 2111 1524 2144 Jure
1546 2116 1577 2144 et
1599 2111 1752 2144 l'aeultate
1774 2114 1935 2155 perpetue

87 2171 276 2217 possidebit.
307 2171 446 2218 Insuper
473 2184 538 2218 ego
559 2173 779 2207 Woll'liardus
808 2173 848 2205 (le
869 2171 1045 2205 Luticliorn
1074 2171 1143 2205 lieri
1173 2171 1320 2217 disposui
1349 2177 1381 2206 et
1409 2173 1519 2216 legaui
1541 2171 1685 2205 Plebano
1715 2173 1746 2203 in
1769 2169 1933 2204 Domainil

89 2237 156 2265 tres
187 2231 318 2265 vaccas
346 2239 505 2279 perpetue
534 2234 719 2268 duraturas.
751 2237 792 2266 ita
823 2233 907 2279 quod
939 2235 1072 2265 istarum
1102 2232 1289 2265 Vaccarum
1318 2235 1389 2278 ipse
1418 2233 1582 2266 Plebanus
1619 2242 1736 2265 omnes
1772 2233 1935 2277 percipiat

87 2293 254 2326 utilitates.
310 2291 344 2325 ln
381 2296 474 2337 cujus
512 2298 560 2328 rei
599 2298 821 2328 testimonium
856 2292 1072 2339 pra=seutibus
1109 2292 1215 2333 sigilla
1250 2298 1362 2327 nostra
1399 2293 1555 2327 videlicet
1584 2291 1774 2326 Reuerendi
1811 2291 1933 2325 domini

86 2353 221 2386 Henrici
251 2353 372 2386 domiui
402 2354 543 2389 Abbatis
572 2355 612 2389 de
643 2355 746 2395 Lulia,
776 2365 906 2388 necnon
937 2353 1137 2387 honorabilis
1168 2352 1238 2386 Viri
1273 2353 1393 2387 domini
1425 2354 1567 2395 lngrami
1604 2353 1644 2385 (le
1673 2352 1857 2395 .lac‹›baw‚
1894 2364 1934 2385 ae

86 2414 207 2447 domini
228 2413 367 2446 Joannis
397 2413 529 2448 l'leliani
559 2416 599 2449 de
629 2416 790 2449 Domamil
822 2418 895 2448 sunt
925 2425 1083 2459 appensa.
1114 2413 1231 2447 Datum
1257 2416 1288 2447 in
1308 2414 1472 2460 Jempnitz
1497 2414 1594 2446 Anno
1615 2413 1735 2446 domini
1757 2412 1932 2447 Millesimo

85 2474 335 2508 Trecentesimo
365 2474 626 2519 Quadragesimo
656 2476 796 2517 Octavo„
827 2479 857 2508 iu
886 2475 939 2507 die
970 2474 1153 2507 Beatissimi
1184 2473 1311 2508 Nicolai
1341 2475 1509 2509 Pontilieis
1537 2473 1686 2517 gloriosi.

395 2554 478 2584 (Mu-li
509 2554 568 2579 <lem
594 2555 777 2581 liaudsrliril‘tl.
804 2554 869 2579 t'oil.
903 2553 920 2578 s,
954 2553 1006 2578 ita
1040 2554 1064 2578 iu
1089 2553 1136 2579 der
1161 2553 1192 2579 ll.
1219 2553 1384 2587 Abtlieiluug
1414 2554 1461 2579 dei·
1485 2552 1691 2579 Cerroui'sclien
1717 2552 1870 2585 Sammlung
1900 2553 1932 2577 im

499 2606 579 2632 malir.
606 2608 693 2633 stand.
720 2606 957 2637 Laudesarrliivv.J

1724 2654 1763 2683 79
