2184 2828
1000 96 1070 130 901

111 220 305 254 Conventus
339 220 403 251 mei
438 228 498 263 pro
533 219 684 262 negociis
718 217 802 250 meis
837 213 1053 261 disponendis
1087 216 1120 247 in
1148 212 1302 246 Premon.
1334 224 1425 248 eram
1453 217 1662 249 transiturus.
1705 215 1816 257 Quare
1845 220 1960 251 vestre

111 281 281 315 serenitati
309 277 474 312 humiliter
503 277 665 324 supplico,
694 280 728 310 ut
755 287 838 322 pure
865 280 1002 321 propter
1030 274 1126 308 deum
1154 278 1268 308 vestra
1302 273 1456 319 dignetur
1484 278 1647 310 serenitas
1676 276 1834 310 mandare
1862 277 1959 311 Petro

109 340 229 381 eidem,
257 344 290 373 ut
319 338 397 373 mihi
424 341 599 384 pecuniam
630 348 737 371 meam
764 336 881 371 reddat
909 335 1145 382 supradictam,
1175 339 1207 368 et
1234 345 1277 368 ne
1306 346 1357 368 me
1387 339 1419 369 in
1447 338 1621 382 procinctu
1647 339 1701 370 vie
1725 348 1798 371 mee
1822 338 1960 372 ulterius

110 400 278 447 impediat.
309 403 384 446 quia
414 398 540 433 scabini
569 398 719 445 predicte
748 400 885 431 minoris
915 398 1065 430 Civitatis
1098 400 1234 442 propter
1265 405 1357 429 suam
1393 400 1582 442 potenciam
1617 397 1695 431 mihi
1723 397 1764 431 de
1791 401 1864 444 ipso
1894 410 1959 432 non

109 465 303 508 presumunt
331 460 446 494 facere
469 461 604 504 justicie
633 458 929 504 Complementuin.
960 457 1078 491 Datum
1108 462 1139 491 et
1168 461 1248 490 cetr.

418 521 528 553 (iacobi
553 521 612 547 rod.
641 520 750 555 epistol.
775 520 906 547 Jobannis
931 520 1004 553 regis
1029 519 1171 545 Bohemiae
1195 520 1222 545 S.
1248 518 1297 545 42.
1322 527 1348 544 n.
1374 520 1439 553 90.)

984 716 1089 752 336.

107 797 183 832 Der
210 796 399 842 Marlcqraf
421 807 483 830 con
515 796 656 831 Mt'ilzren
686 796 877 829 reru-ende!
905 796 977 829 sicle
1007 795 1063 829 hei
1088 795 1151 829 [len
1181 794 1393 829 Domherren
1422 795 1482 829 der
1510 795 1639 830 Kirche
1668 808 1725 831 zu.
1744 799 1817 841 ‚seir
1844 799 1961 831 sez'nen

108 858 298 903 Kctpellan.
317 868 448 902 ,ire-qen
485 857 688 902 I‘erlee'lmny
717 857 777 890 dei·
805 856 970 890 titichsten
999 857 1086 901 offen
1117 856 1315 889 icerdenden
1344 855 1525 890 P1·ahe12de
1558 868 1600 890 (ιη
1630 857 1821 891 άεηειτῖὺθη.
1853 870 1883 892 o.
1914 858 1959 892 D.

837 929 866 950 ιι.
900 917 938 950 0.
970 916 1236 950 1333—13-‘16

249 967 428 1022 Marchio
455 986 657 1033 Mor[avie].
686 987 852 1022 Devotum
882 991 1030 1021 nostrum
1059 986 1276 1021 domesticum
1301 985 1540 1022 familiarem..
1559 988 1790 1034 ‚Capellanum
1811 993 1962 1023 nostrum

107 1047 327 1082 exhibitorem
348 1051 564 1095 presentium,
587 1050 681 1093 cujus
704 1051 877 1094 promotio,
901 1051 969 1082 suis
999 1047 1212 1092 exigentibus
1241 1050 1379 1091 meritis,
1408 1059 1475 1082 non
1497 1048 1708 1083 mediocriter
1732 1049 1850 1083 insidet
1871 1049 1961 1083 cordi

107 1113 236 1152 nostro,
266 1111 298 1143 in
317 1113 431 1143 vestra
452 1108 680 1143 desiderantes
700 1109 853 1143 Ecclesia
874 1119 1084 1155 promovere,
1105 1108 1318 1142 devotionem
1338 1113 1486 1143 vestram
1508 1109 1691 1144 affectuose
1711 1113 1908 1155 requirimus
1928 1114 1962 1144 et

106 1168 286 1213 hortamur,
321 1174 484 1216 qnatenus
521 1173 627 1216 ipsum
662 1169 703 1203 ob
738 1174 853 1203 nostre
887 1172 1138 1203 intercessionis
1173 1170 1411 1204 Reverentiam
1447 1173 1648 1216 recipientes
1676 1173 1709 1204 in
1739 1170 1959 1213 Confratrem,

106 1229 180 1273 sibi,
209 1233 274 1264 imo
302 1229 398 1265 nobis
427 1233 459 1264 in
489 1232 561 1275 ejus
590 1241 748 1276 persona,
779 1230 820 1263 de
848 1229 1019 1276 prebenda
1041 1234 1279 1277 quamprimum
1302 1230 1398 1265 vobis
1420 1236 1579 1264 vacatura
1605 1233 1729 1266 curetis
1755 1243 1814 1278 pre
1836 1234 1960 1265 ceteris

107 1290 259 1325 omnibus
292 1290 482 1338 providere.
528 1291 609 1324 Cum
644 1294 747 1336 ipsius
782 1293 931 1336 receptio
966 1290 1062 1325 vobis
1096 1296 1128 1325 et
1163 1295 1278 1325 vestre
1312 1291 1466 1326 Ecclesie
1501 1296 1674 1337 prenotate
1710 1292 1795 1338 apud
1832 1303 1894 1326 nos
1929 1296 1961 1325 et

107 1356 253 1385 nostram
281 1350 411 1386 Curiam
441 1352 613 1397 multiplex
642 1351 738 1385 vobis
768 1351 888 1385 afferre
918 1351 1027 1385 valeat
1056 1356 1313 1386 monumentum.

415 1428 532 1463 (Jacobi
557 1431 618 1457 cod.
644 1430 752 1465 epistol.
777 1429 909 1456 Juliannis
935 1431 1008 1464 regis
1032 1430 1187 1457 Bohemiae.
1211 1433 1238 1458 S.
1266 1430 1313 1458 50.
1339 1441 1363 1458 n.
1393 1432 1477 1466 105.)

982 1631 1088 1667 337.

104 1705 296 1751 Marquaf
316 1707 407 1741 Karl
437 1719 501 1741 con
530 1707 674 1742 Milleren
708 1709 900 1743 rerzcendet
934 1709 1008 1743 sich
1043 1708 1128 1743 heim
1162 1707 1329 1751 Tsekam,
1366 1707 1584 1753 Hsmplmamz
1621 1719 1662 1741 zu
1696 1707 1866 1753 Bologsna⁷
1907 1719 1959 1741 um

105 1767 347 1813 Beso'rderuny
385 1770 498 1802 seiues
530 1768 738 1813 Hofde‘eners
772 1769 920 1803 Bartolo
961 1770 1048 1803 Gutz-
1087 1781 1150 1803 rou
1185 1769 1334 1803 Florenz
1368 1768 1425 1803 bei
1458 1769 1578 1803 (les-sete
1621 1768 1887 1813 l'erriclelunqen
1925 1770 1960 1802 in

639 1830 807 1876 Boloyna.
841 1829 1130 1873 (1333—1346.
1161 1841 1191 1863 ο.
1222 1830 1266 1863 D.
1297 1841 1328 1863 n.
1361 1830 1422 1873 0.)

260 1887 430 1954 Egregio
460 1911 532 1942 viro
553 1908 685 1943 domino
711 1908 878 1942 Tschaco.
903 1908 1047 1943 Domino
1067 1908 1323 1953 Bononoensi),
1348 1908 1530 1955 Kar(olus]
1555 1908 1675 1942 domini
1696 1908 1801 1953 Regis
1822 1907 1959 1942 Boemie

106 1966 361 2014 Primogenitus,
389 1968 540 2003 Marchio
569 1969 733 2013 Moravie‚
763 1969 939 2004 Sinccrum
969 1980 1103 2015 semper
1127 1969 1250 2004 Salutis
1276 1969 1439 2004 affectum.
1469 1969 1522 2004 Ex
1547 1969 1656 2004 cordis
1676 1969 1794 2003 affectu
1821 1971 1960 2016 cupiens

105 2038 169 2061 vos
196 2030 229 2062 in
257 2029 410 2064 omnibus
438 2033 643 2076 prosperari,
673 2030 909 2064 exaltationem
939 2034 1054 2064 vestre
1083 2041 1226 2076 persone
1255 2041 1295 2064 ac
1322 2033 1465 2064 nominis
1489 2030 1616 2064 dilatari
1641 2034 1673 2063 et
1697 2040 1855 2064 crescere
1876 2040 1960 2075 pre-

105 2092 269 2134 potenter.
312 2089 384 2125 Vos
418 2102 577 2135 rogamus
612 2102 685 2124 cum
722 2090 851 2127 fiducia.
887 2096 1051 2135 quatenus
1086 2091 1255 2125 Bartolum
1290 2090 1374 2125 Gutz
1411 2091 1452 2126 de
1487 2091 1705 2135 Flor(entia]‚
1736 2089 1958 2124 exhibitorem

105 2151 321 2195 presentium,
348 2149 541 2186 familiarem
571 2156 718 2186 nostrum
756 2151 922 2194 dilectum,
959 2151 1067 2186 velitis
1100 2155 1203 2186 nostri
1233 2151 1521 2186 commendatione
1555 2154 1586 2185 in
1617 2151 1756 2195 agendis
1784 2153 1854 2185 suis
1883 2161 1957 2185 eum

104 2209 293 2255 Bonosum)
321 2212 591 2258 contingentibus
621 2212 704 2246 adeo
733 2216 884 2258 prompte
913 2217 945 2246 et
973 2211 1129 2246 benivole
1157 2223 1370 2258 promovere⁷
1401 2211 1494 2254 Quod
1523 2211 1617 2246 vobis
1643 2222 1707 2256 quo
1733 2214 1805 2257 ipso
1824 2211 1959 2245 Bartolo

105 2273 219 2314 grates
248 2270 389 2306 reddere
417 2277 598 2308 teneamur.

414 2351 524 2381 (Jacobi
549 2353 610 2379 conl.
637 2352 745 2388 epistol.
770 2351 902 2378 Jobznnis
928 2353 1001 2386 regis
1026 2351 1179 2378 Bolia-miae.
1206 2353 1232 2377 S.
1261 2351 1308 2378 53.
1334 2361 1359 2378 n.
1389 2351 1473 2384 ¹¹9.)

1794 2643 1847 2671 114
