2184 2828
985 112 1057 147 5s3

99 230 351 276 pertinentilnis.
381 239 579 274 quoeunque
608 231 740 263 nomine
770 234 981 263 censeantur.
1012 240 1074 263 nec
1102 240 1167 262 non
1197 229 1340 262 dominia
1371 229 1540 274 Carniole,
1569 230 1735 273 Marchie,
1766 235 1797 264 et
1825 230 1941 264 Portus

98 291 225 325 Naonis
261 295 292 324 et
326 301 443 324 omnes
478 289 658 323 Comitatus
692 301 730 323 ac
766 290 926 324 dominia.
963 301 1037 323 cum
1065 289 1216 323 omnibus
1246 300 1359 322 eorum
1386 290 1530 334 juribus.
1561 296 1593 324 et
1621 291 1720 337 bonis
1745 291 1941 334 feudalibus,

99 354 273 397 omniaque
307 349 423 384 feuda.
455 351 546 394 jura,
583 354 614 383 et
647 350 835 392 libertates,
872 361 954 395 quas
983 350 1037 384 vel
1064 361 1128 395 que
1157 349 1262 383 dictus
1292 350 1368 384 Dux
1397 351 1554 385 Albertus
1590 351 1717 393 habuit,
1754 352 1808 385 vel
1837 351 1943 385 adhuc

99 412 214 455 hahet,
244 416 275 444 et
304 411 452 455 singula,
497 421 568 456 quae
604 410 644 444 ab
674 411 832 445 Romanis
867 410 1141 457 Imperatoribus,
1177 421 1235 444 seu
1271 410 1421 455 Regibus
1451 411 1609 446 hactenus
1637 415 1759 454 tenuit,
1796 416 1826 445 ct
1859 423 1943 457 pos-

97 473 180 507 sedit
211 475 368 506 universa
404 482 534 517 quoque
569 470 732 513 dominia,
763 473 941 505 Comitatus
972 476 1003 505 et
1031 470 1207 513 CivitateS,
1241 482 1315 504 cuul
1350 471 1501 505 omnibus
1535 475 1601 506 suis
1632 472 1764 517 Juribus
1794 484 1832 506 ac
1862 483 1944 518 per-

97 535 250 567 tinenciis
279 543 380 577 super
408 531 524 577 quibus
554 543 571 565 a
601 531 686 565 divis
714 531 984 578 Imperatoribus,
1016 543 1076 566 seu
1103 531 1252 576 Regibus
1282 531 1442 566 Romanis
1472 532 1547 566 Dux
1576 533 1733 567 Albertus
1763 532 1943 579 predictus,

96 592 196 627 habet
231 595 455 626 testimonium
489 592 647 635 litterale,
678 595 786 626 omnia
817 604 948 639 quoque
977 597 1007 626 et
1036 592 1164 637 singula
1194 592 1310 633 feuda,
1341 604 1404 638 que
1427 594 1496 636 jaun
1533 593 1636 627 dictus
1665 593 1825 627 Alhertus
1856 593 1943 627 Dux.

99 656 216 698 suique
244 656 489 700 progenitores,
519 655 550 686 in
581 653 718 695 Suevia,
749 653 892 696 Alsatia,
922 658 953 686 et
983 652 1078 696 alibi,
1109 652 1148 686 ab
1179 652 1320 698 Imperio
1349 639 1510 687 hactenus
1540 657 1732 697 tenuerunt,
1763 658 1795 687 et
1822 665 1945 700 posse-

98 714 227 757 derunt,
257 713 357 748 velud
386 713 610 747 Romanorum
641 713 727 756 Rex,
759 717 911 747 nomine.
942 718 973 747 et
1000 717 1076 748 vice
1105 717 1193 747 sacri
1222 713 1365 747 Romani
1392 713 1525 759 Imperii
1554 715 1769 757 contulimus,
1799 718 1831 748 et
1858 725 1945 748 con-

96 775 245 818 ferimus,
275 785 349 808 cum
379 774 531 808 omnibus
557 774 688 818 juribus
717 774 873 820 predictis
894 774 1111 816 libertatibus,
1141 773 1446 808 consuetudinibus.
1469 785 1507 808 ac
1527 778 1741 820 pertinenciis
1762 778 1943 813 universis,

97 840 194 882 prout
221 834 262 869 ab
291 837 433 880 antiquis
462 834 675 880 temporibus.
706 839 737 868 et
758 835 938 877 modernis,
968 835 1137 880 hucusque
1165 835 1356 868 devolutum
1386 834 1458 868 fore
1487 835 1677 869 dinoscitur.
1707 841 1739 869 et
1759 836 1944 869 deductum.

98 907 160 930 nec
188 907 255 930 non
283 899 442 929 universa
470 894 586 937 feuda,
622 906 685 940 que
720 895 798 928 Dux
830 896 989 929 Alliertus
1019 896 1182 941 prefatus,
1221 900 1253 929 et
1287 895 1396 929 felicis
1425 896 1674 930 recordacionis
1708 897 1841 930 illustris
1872 896 1946 929 Otto

97 956 263 1002 quondam
298 956 377 991 Dux
410 955 515 989 frater
547 959 651 1001 ipsius
685 955 725 989 ab
759 956 835 989 olim
870 956 1039 990 Ludovico
1068 956 1108 990 de
1136 955 1298 999 Bavaria,
1335 959 1388 1001 qui
1421 968 1457 990 se
1486 956 1724 1002 Imperatorem
1758 960 1945 997 nominarit,

97 1021 287 1060 tenuerunt,
318 1021 349 1050 et
377 1016 601 1062 possederunt
631 1027 690 1062 per
718 1020 827 1050 omnia
852 1018 948 1060 juxta
979 1028 1110 1051 suarum
1139 1021 1301 1052 tenorem.
1331 1021 1363 1050 et
1391 1021 1625 1051 continentiam
1651 1012 1841 1060 literarum,
1872 1028 1947 1051 cum

97 1078 246 1122 ejusdem
267 1077 426 1111 Ludovici
456 1076 721 1110 infeudaciones.
752 1082 782 1110 et
814 1078 919 1111 littere
949 1081 1022 1120 sint,
1053 1082 1083 1111 et
1113 1078 1231 1111 fuerint
1260 1078 1417 1121 invalide,
1448 1083 1479 1112 et
1508 1078 1627 1112 nullius
1648 1081 1774 1123 vigoris
1804 1082 1947 1124 penitus,

97 1139 151 1172 vel
181 1141 336 1172 momenti
364 1138 520 1184 predictis
544 1137 684 1171 Alberto
713 1137 808 1180 Duci,
839 1149 901 1171 nec
930 1149 995 1171 non
1024 1138 1177 1181 Rudotfo,
1207 1143 1239 1172 et
1265 1138 1437 1172 Friderico
1463 1142 1548 1173 natis
1577 1143 1697 1185 ipsius,
1727 1151 1766 1173 ac
1803 1143 1946 1185 ipsorum

97 1198 275 1233 heredibus
310 1198 351 1232 de
388 1209 476 1232 novo
511 1198 725 1232 contulimus.
764 1203 795 1231 et
823 1198 1026 1233 conferimus
1063 1198 1103 1232 de
1130 1198 1326 1233 liberalitate
1358 1202 1471 1244 regla,
1509 1204 1539 1233 et
1576 1202 1690 1244 gracia
1721 1200 1871 1246 speciali,
1909 1212 1949 1234 ac

98 1259 241 1293 eundem
279 1259 455 1293 Albertum
493 1258 619 1292 Ducem
658 1270 735 1292 suo.
773 1263 804 1292 et
846 1260 1066 1305 predictorum
1107 1259 1236 1294 Rudolfi
1274 1264 1305 1294 et
1343 1259 1504 1294 Friderici
1543 1260 1698 1303 liliorum,
1735 1265 1767 1294 et
1811 1261 1947 1295 aliorum

98 1320 256 1354 heredum
292 1323 395 1365 ipsius
431 1323 584 1361 nomine,
623 1325 721 1366 atque
751 1323 840 1353 vice.
878 1325 1009 1366 sceptro
1038 1325 1152 1354 nostro
1181 1321 1285 1365 regali
1315 1324 1568 1354 investivimus.
1607 1325 1637 1354 et
1677 1324 1873 1355 investimus
1908 1322 1949 1355 de

98 1380 205 1414 feudis
237 1381 444 1426 supradictis,
475 1380 625 1414 adhibitis
655 1380 938 1427 solempnitatibus
969 1380 1086 1414 debitis
1115 1385 1145 1414 et
1174 1384 1344 1415 consuetis
1371 1382 1568 1415 condicione
1597 1382 1663 1425 tali,
1693 1382 1780 1427 quod
1808 1383 1949 1416 illustres

99 1440 312 1486 Rudolphus,
359 1446 391 1474 et
423 1440 631 1475 Fridericus.
668 1441 782 1475 Duces
817 1443 899 1483 nati,
940 1441 1067 1475 Alberti
1103 1441 1205 1475 Ducis
1246 1445 1422 1488 prescripti
1460 1445 1630 1488 ceterique
1668 1446 1770 1489 ipsius
1806 1443 1948 1477 heredes

101 1502 250 1536 ducatus.
281 1505 498 1548 prfflcipatus,
529 1502 673 1535 dominia
705 1507 735 1535 et
764 1507 869 1536 terras
891 1501 1056 1548 predictas
1077 1513 1148 1535 cuin
1170 1503 1321 1537 omnibus
1341 1507 1409 1537 suis
1431 1507 1649 1550 pertinentiis.
1680 1508 1775 1549 prout
1796 1507 1949 1549 superius

101 1567 177 1597 sunt
209 1574 389 1608 expressa,
426 1574 444 1596 a
479 1563 575 1597 nobis
611 1566 642 1596 in
672 1562 805 1596 seudum
835 1562 1001 1596 debebunt
1031 1566 1186 1608 accipere
1215 1565 1311 1598 modo
1341 1564 1450 1598 debito
1479 1569 1511 1598 et
1539 1569 1718 1598 consueto.
1750 1564 1880 1610 quando
1909 1564 1949 1598 ad

100 1627 192 1669 ipsos
220 1623 343 1657 fuerint
371 1623 569 1657 hereditarie
599 1624 765 1657 devoluta.
796 1623 933 1669 Nosque
962 1627 1190 1669 promittimus,
1220 1629 1253 1658 et
1273 1625 1485 1671 spondemus,
1516 1625 1602 1671 quod
1631 1628 1662 1658 in
1692 1636 1771 1658 casu
1802 1625 1949 1670 predicto

101 1684 269 1730 Ducatus,
305 1684 534 1736 Principatus.
570 1684 745 1718 Domniia.
781 1690 813 1718 et
842 1689 947 1718 terras
981 1684 1114 1718 easdem
1149 1696 1222 1719 cuni
1258 1685 1410 1720 omnibus
1447 1689 1515 1719 suis
1544 1689 1752 1732 pertinentiis
1783 1685 1949 1731 predictis,

101 1744 264 1787 Rudolfo,
294 1750 327 1779 et
353 1745 526 1779 Friderico
555 1745 720 1779 Ducibus.
754 1749 785 1778 et
813 1756 926 1779 eornm
956 1744 1132 1779 heredibus
1160 1745 1315 1780 conferre
1344 1747 1514 1780 volumus.
1546 1752 1576 1780 et
1606 1751 1774 1780 tenemur.
1805 1745 1949 1790 quolibet

102 1808 342 1848 recusacionis,
373 1817 431 1840 seu
462 1806 632 1840 dilacionis
661 1806 794 1850 diffugio
823 1808 1049 1852 pretermiSSO,
1080 1817 1176 1851 quam
1205 1810 1342 1852 primum
1373 1807 1413 1840 ad
1443 1810 1547 1852 ipsos,
1577 1808 1631 1841 vel
1653 1818 1765 1839 eorum
1796 1806 1949 1850 aliquem,

103 1870 137 1900 ut
165 1869 373 1912 premittitur,
401 1868 476 1911 jure
506 1867 706 1901 hereditario
734 1866 855 1900 fuerint
883 1866 1049 1900 devoluta.
1078 1866 1116 1900 In
1136 1869 1229 1911 cujus
1248 1871 1296 1901 rei
1317 1871 1541 1901 testimonium
1571 1872 1746 1913 presentes
1768 1866 1948 1908 conscribi,

103 1931 137 1960 et
162 1926 348 1972 Majestatis
377 1932 490 1961 nostre
519 1928 630 1972 sigillo
655 1929 815 1971 jussimus
844 1929 1048 1961 communiri.
1092 1926 1211 1961 Datum
1241 1928 1365 1962 Seveld
1393 1928 1493 1962 Anno
1522 1928 1645 1962 domini
1673 1927 1847 1961 Millesinio
1876 1931 1950 1960 tre-

104 1990 288 2022 centesimo
307 1988 564 2033 quadragesimo
581 1993 712 2022 octavo.
734 1988 911 2022 indictione
926 1991 1029 2033 prima
1048 1986 1164 2022 Nonas
1178 1988 1267 2022 Junii
1286 2000 1465 2033 regnorum
1482 1994 1669 2023 nostrorum
1687 1999 1773 2022 anno
1789 1987 1947 2021 secundo.

258 2056 299 2090 Et
339 2068 404 2103 ego
440 2057 598 2092 Nicolaus
639 2057 796 2092 Decanus
839 2057 1073 2091 Oloniucensis
1111 2058 1183 2091 aule
1224 2061 1317 2103 regie
1351 2058 1601 2092 Chaneellarius
1641 2061 1717 2091 vice
1750 2061 1781 2090 et
1817 2060 1949 2090 nomine

105 2117 283 2151 reverendi
317 2120 349 2152 in
385 2118 516 2152 Christo
551 2121 652 2165 patris
686 2119 807 2152 domini
845 2118 974 2151 Gerlaci
1012 2117 1269 2164 Arcliiepiscopi
1302 2119 1568 2165 Maguntinensis
1603 2119 1696 2152 Sacri
1732 2118 1862 2163 Imperii
1892 2129 1950 2163 per

107 2177 318 2212 Germaniam
346 2179 644 2213 Archicancellarii
673 2182 870 2224 recognovi.

415 2267 606 2301 (Abgeilrnrkt
636 2267 677 2293 hei
707 2268 818 2300 Stcvrcr
847 2269 986 2292 somnient.
1021 2266 1081 2291 add.
1112 2266 1163 2291 col.
1204 2266 1260 2292 118
1293 2275 1338 2293 aus
1363 2268 1421 2293 dcm
1448 2268 1472 2294 k.
1501 2268 1524 2293 ltus
1552 2264 1712 2292 llosarrliivi
1740 2274 1769 2290 zu
1796 2265 1884 2291 W'ien.
1916 2282 1943 2284 -

514 2319 694 2352 Liclmowskv
720 2319 754 2345 111
790 2319 835 2345 ssd.
863 2319 969 2352 tugost.
996 2318 1022 2343 S.
1049 2318 1223 2344 CCCCLXlX
1250 2328 1273 2345 n.
1302 2318 1406 2351 1483.)
