2184 2828
1032 118 1105 152 788

143 234 277 268 modice
315 245 512 268 coarcemur
541 238 574 267 et
602 238 878 277 coangustemur,
908 235 1160 268 considerantes
1199 239 1308 269 tamen
1339 239 1412 281 quia
1442 237 1621 271 secundum
1651 238 1854 283 apostolum,
1885 239 1995 272 Pietas

143 295 184 329 ad
212 296 321 328 omnia
352 294 453 331 valet,
483 298 514 327 et
543 293 629 339 quod
658 304 722 327 non
751 294 912 328 habemus
941 295 993 328 hic
1022 300 1207 329 manentem
1238 299 1405 330 ciuitatem
1434 296 1492 330 sed
1521 297 1661 331 futuram
1690 301 1896 343 inquirimus,
1925 310 1997 333 vo-

143 355 252 388 lentes
281 357 378 388 etiam
409 359 444 388 vt
472 354 617 387 diuinum
647 353 802 397 officium,
832 355 917 401 quod
947 358 978 388 in
1008 355 1105 388 domo
1134 361 1247 390 nostra
1285 357 1506 402 opitulacione
1534 357 1643 392 diuina
1673 358 1795 392 deuote
1824 362 1995 404 peragitur

143 426 189 448 ex
231 426 319 448 nunc
348 419 379 448 et
408 418 614 461 inposterum
652 413 703 448 dei
739 414 803 448 filio
840 419 872 448 et
909 426 969 449 sue
1004 415 1123 449 dilecte
1151 419 1304 460 genitrici
1333 416 1457 459 Marie,
1499 428 1562 451 nec
1595 429 1661 452 non
1696 421 1729 452 in
1762 418 1994 453 defunctorum

143 478 318 520 exsequiis
347 475 508 508 deuocius
538 474 698 509 deuocius
727 475 812 520 (sic)
841 486 937 520 quam
967 479 999 508 et
1027 474 1278 510 habundancius
1313 476 1500 519 arbitretur,
1530 482 1562 511 et
1591 482 1623 512 ut
1652 481 1756 512 eciam
1785 482 1888 513 nostri
1916 490 1994 513 me-

146 538 253 569 moria
283 546 357 569 cum
386 539 528 569 vocante
558 534 620 568 deo
649 534 689 568 de
718 535 781 569 huc
809 536 886 569 luce
915 537 1168 580 migrauerimns
1197 541 1261 570 tam
1290 539 1502 583 presencium
1537 549 1632 582 quam
1661 538 1843 572 futurorum
1871 545 1993 585 pecto-

143 595 235 632 ribus
263 598 416 642 pressius
445 595 649 639 iuculcetur,
678 606 745 629 non
774 598 846 630 sine
880 598 1061 630 intrinseco
1098 596 1181 631 facis
1217 597 1358 631 flaminis
1393 601 1513 631 attacta
1550 602 1584 631 ut
1613 609 1786 644 speramus
1816 599 1856 632 ad
1885 599 1992 634 dilec-

142 661 250 691 torum
293 656 435 690 filiorum
476 660 663 690 nostrorum
701 655 812 690 fratris
849 656 1011 690 Johannis
1040 656 1184 700 Prioris,
1218 657 1332 691 fratris
1369 657 1552 691 Hermanni
1589 658 1779 704 Supprioris
1821 662 1993 705 tociusque

141 719 424 761 congregacionis
454 721 569 750 nostre
597 716 723 750 scilicet
750 715 888 750 fratrum
916 716 998 750 soris
1026 717 1081 751 vel
1108 720 1196 752 intus
1233 721 1442 751 inanencium
1472 718 1625 752 humilem
1657 722 1848 765 petitionem
1884 724 1918 754 et
1951 720 1993 754 ad

140 780 317 812 instantem
346 778 388 812 de
416 781 564 813 vnanimi
606 778 854 812 deliberacione
890 783 921 812 et
950 788 1118 812 consensu
1155 781 1300 812 omnium
1334 781 1579 823 assignauimus
1613 784 1646 813 et
1674 780 1872 814 contulimus
1899 779 1993 814 libe-

140 838 256 872 raliter
288 841 320 872 in
358 843 551 885 perpetuam
585 831 815 884 emphiteosim
850 844 883 873 et
919 841 1172 885 possessionem
1201 850 1261 885 pro
1289 838 1427 873 infirmis
1455 843 1488 872 et
1515 850 1574 885 pro
1615 842 1752 885 pitantia
1790 846 1991 885 conventus,

140 898 253 932 villam
282 898 437 933 Ecclesie
465 904 589 943 nostre,
610 899 752 932 Branicz
780 902 811 933 in
841 897 992 934 Morauia
1021 902 1113 934 iuxta
1134 898 1355 933 Cunicensem
1385 899 1570 934 Ecclesiam
1598 903 1702 934 nostri
1723 900 1855 935 Ordinis
1883 904 1992 936 situa-

140 963 205 993 tam
232 959 339 994 libere
368 964 400 993 et
427 959 567 1006 pacifice
595 964 628 993 et
660 959 786 1004 absque
815 963 904 994 omni
939 962 1146 1006 repeticione
1179 964 1341 1005 perpetuo
1374 960 1608 1006 possidendam
1643 971 1717 994 cum
1754 960 1871 1005 Curia,
1908 959 1992 997 Μο-

139 1019 285 1059 lendino„
316 1019 428 1062 Siluis,
464 1020 580 1063 Pratis,
610 1019 759 1063 Pascuis,
790 1023 880 1065 agris
909 1020 1004 1054 cultis
1041 1024 1073 1054 et
1100 1021 1249 1063 incultis,
1280 1020 1413 1054 forestis
1442 1025 1474 1054 et
1502 1020 1653 1055 omnibus
1682 1021 1808 1055 iuribus
1837 1025 1906 1056 suis
1934 1022 1991 1056 fa-

139 1079 332 1114 uorabiliter
361 1085 393 1114 et
421 1080 541 1114 deuote
569 1084 603 1114 ut
631 1092 675 1114 ex
704 1080 765 1114 hac
793 1085 907 1115 nostre
935 1081 1161 1115 ordinacionis
1190 1081 1423 1127 prouidencia,
1453 1081 1506 1114 dei
1534 1080 1644 1114 famuli
1673 1092 1717 1115 ex
1745 1093 1834 1116 nunc
1863 1087 1896 1116 et
1923 1085 1992 1116 im—

138 1145 306 1186 posterum
337 1144 368 1174 in
398 1140 551 1174 Ecclesia
580 1146 695 1174 nostra
730 1144 761 1175 in
792 1141 844 1175 dei
874 1144 1018 1176 seruicio
1053 1144 1160 1186 magis
1188 1144 1358 1185 seruiant,
1388 1141 1505 1175 infirmi
1534 1144 1728 1175 accuracius
1756 1148 1989 1188 procurentur,

139 1205 171 1234 et
200 1204 272 1235 sani
302 1201 553 1235 habundancius
589 1206 802 1245 recreentur,
844 1202 917 1236 Hoc
949 1201 1079 1236 adiecto
1108 1202 1193 1247 quod
1223 1202 1263 1236 ad
1292 1206 1405 1236 nutum
1439 1206 1586 1236 nostrum
1614 1201 1654 1236 de
1682 1202 1823 1236 consilio
1851 1202 1989 1248 Prioris,

135 1262 330 1308 Supprioris
360 1267 392 1296 et
420 1263 559 1297 aliorum
588 1263 725 1297 duorum
755 1266 924 1297 seniorum
952 1266 1023 1309 ipsa
1053 1266 1197 1309 pitancia
1234 1266 1265 1296 in
1294 1262 1472 1296 refectorio
1501 1261 1598 1296 debet
1625 1262 1786 1306 distribui,
1815 1274 1879 1298 nec
1906 1263 1990 1306 foris

136 1322 263 1368 absque
298 1328 412 1358 nostra
440 1324 584 1358 licencia
613 1324 751 1370 speciali
779 1324 833 1358 vel
863 1325 998 1358 alterius
1027 1326 1080 1357 cui
1108 1334 1209 1369 super
1235 1323 1299 1357 hoc
1327 1328 1460 1357 nostros
1494 1325 1587 1357 vices
1614 1326 1896 1368 commiserimus,
1925 1324 1989 1359 hec

136 1382 255 1417 eadem
283 1387 428 1429 pitancia
457 1395 475 1418 a
504 1395 670 1430 quoquam
700 1384 818 1419 debeat
847 1384 1005 1430 expendi.
1033 1383 1104 1418 Nos
1133 1388 1242 1417 autem
1262 1382 1451 1417 Fridericus
1480 1382 1532 1417 dei
1560 1383 1771 1429 prouidencia
1802 1384 1989 1431 Steynuel-

135 1443 250 1478 densis
292 1443 396 1478 abbas
441 1448 638 1478 auctoritate
673 1450 826 1490 paterna,
862 1449 893 1478 et
935 1447 1131 1479 auctoritate
1165 1444 1358 1478 Reuerendi
1394 1444 1516 1477 domini
1549 1447 1581 1477 et
1614 1443 1719 1477 Patris
1757 1448 1860 1479 nostri
1897 1445 1988 1490 Ade,

135 1503 458 1539 Premonstratensis
498 1504 642 1548 abbatis,
685 1508 794 1539 vicem
832 1517 898 1540 vna
932 1516 1007 1539 cuin
1042 1504 1226 1539 venerabili
1261 1505 1393 1539 domino
1432 1504 1482 1538 Th
1503 1532 1511 1539 .
1532 1531 1540 1538 .
1574 1503 1693 1538 abbate
1726 1504 1848 1539 Montis
1891 1505 1986 1552 Syon

134 1566 302 1608 gerimus,
338 1567 371 1598 in
408 1565 612 1611 plenitudine
644 1569 837 1611 potestatis,
872 1577 1005 1599 necnon
1043 1570 1075 1599 et
1107 1565 1246 1611 Capituli
1289 1565 1473 1610 generalis,
1518 1570 1709 1611 presentem
1743 1566 1987 1600 ordinationem

131 1627 274 1670 pitancie
316 1629 382 1659 tam
423 1625 638 1670 solempniter
676 1631 708 1659 et
735 1626 948 1660 concorditer
975 1626 1168 1671 dispositam
1201 1625 1403 1659 celebratam
1432 1625 1663 1660 confirmamus
1692 1630 1725 1660 et
1752 1629 1857 1660 nostri
1886 1627 1987 1671 sigilli

135 1688 344 1732 appensione
382 1685 579 1720 roboramus
618 1685 678 1720 sub
717 1689 985 1721 interminatione
1017 1687 1082 1720 late
1117 1689 1310 1729 sentencie,
1350 1698 1445 1732 quam
1488 1689 1520 1720 in
1554 1686 1615 1730 hijs
1652 1690 1784 1732 scriptis
1813 1687 1986 1722 inferimus

130 1746 370 1780 interdicentes
399 1757 441 1780 ne
470 1749 642 1792 quisquam
671 1750 702 1781 in
732 1752 901 1794 posterum
930 1747 1116 1781 huiusmodi
1146 1747 1385 1780 ordinationem
1416 1751 1583 1793 presumat
1602 1747 1846 1791 quomodolibet
1873 1750 1986 1793 impo-

131 1811 257 1840 sterum
287 1807 434 1850 violare,
464 1812 500 1841 vt
537 1812 645 1841 autem
681 1807 744 1841 hec
773 1811 883 1842 onmia
912 1808 1037 1842 firmius
1070 1807 1170 1841 robur
1198 1811 1369 1853 optineant
1410 1812 1583 1853 presentes
1612 1807 1723 1840 literas
1751 1806 1891 1841 fecimus
1926 1819 1987 1853 per

131 1867 373 1901 venerabilium
404 1868 609 1901 dominorum
645 1873 773 1913 patrum
809 1869 938 1902 scilicet
975 1868 1015 1903 T.
1044 1867 1288 1902 Haburnensis.
1326 1867 1388 1902 Th.
1417 1867 1589 1901 Lucensis.
1619 1866 1655 1901 C.
1685 1866 1982 1902 Lutomissilensis.

130 1928 170 1962 R.
209 1928 434 1962 Gradicensis.
477 1928 512 1962 P.
541 1929 745 1962 Jeracensis.
776 1929 837 1963 Th.
874 1929 1202 1963 Sabarduwicensis.
1240 1928 1275 1962 P.
1314 1929 1523 1974 'sepelensis
1557 1927 1596 1961 H.
1636 1925 1829 1962 Milocensis
1858 1928 1985 1962 Eccle-

129 1991 253 2023 siarum
283 1988 448 2031 abbatum,
479 1989 602 2044 in
632 1988 670 2022 G.
701 1992 859 2036 prepositi
890 1989 1086 2038 Qinicensis
1114 2000 1177 2023 nec
1206 2000 1274 2023 non
1303 1988 1492 2023 Conuentus
1521 1990 1624 2022 nostri
1651 1988 1840 2032 Sigillorum
1871 1991 1985 2022 muni-

129 2052 216 2083 mine
254 2049 491 2095 perpetualiter
525 2052 729 2094 consignari.
785 2051 873 2084 Acta
898 2039 985 2084 ¹sunt
1026 2055 1135 2084 autem
1173 2049 1235 2084 hec
1263 2052 1295 2083 in
1324 2049 1477 2083 Ecclesia
1507 2048 1677 2094 Syloensi,
1720 2048 1820 2082 Auno
1849 2048 1983 2083 Domini

128 2109 362 2144 MOCCCOVIO.
392 2110 428 2144 In
458 2110 510 2144 die
538 2109 635 2144 beate
666 2110 846 2145 Gerdrudis
876 2113 1028 2156 virginis.

438 2172 524 2204 (Nach
549 2172 609 2198 dem
633 2169 713 2205 Orig.
745 2173 791 2198 auf
812 2173 886 2207 Perg.
916 2174 962 2198 mit
997 2172 1013 2198 9
1039 2172 1235 2206 auhangenden
1260 2172 1372 2206 Sigillen
1395 2172 1428 2197 im
1452 2170 1568 2197 Archive
1598 2170 1645 2196 der
1668 2170 1876 2197 Praemonstrat.
1901 2171 1982 2197 Abtei

545 2232 585 2249 am
609 2223 751 2250 Strahowe
775 2232 806 2250 zu
829 2224 906 2258 Prag.
933 2222 1469 2267 Vertrrlssijssa-udss*Silinstnbj-SO.)

988 2246 1003 2258 ὓ

1010 2317 1113 2353 167.

271 2358 412 2422 Konig
439 2377 585 2412 WVenzel
621 2388 689 2411 von
723 2378 874 2412 Bohmen
907 2378 1074 2413 iiberlasst
1106 2378 1179 2412 dem
1214 2376 1336 2424 Hynek
1372 2387 1439 2410 von
1468 2375 1582 2419 Duba,
1611 2367 1785 2421 Burggraf
1809 2388 1848 2410 zu
1877 2376 1976 2422 Prag,

125 2435 190 2470 und
228 2435 351 2470 dessen
380 2437 494 2472 Sohne
529 2438 669 2484 Hynek,
704 2437 891 2473 Domherrn
929 2451 969 2473 zu
999 2439 1087 2484 Prag
1123 2438 1184 2473 auf
1216 2438 1415 2473 Lehenszeit
1452 2436 1510 2470 das
1540 2436 1626 2471 Dorf
1650 2437 1867 2472 Holisowice.
1922 2437 1976 2471 Dt.

122 2496 270 2540 Brunae,
300 2496 372 2530 VII.
403 2498 543 2534 Kalend.
572 2499 699 2545 Aprilis
729 2498 807 2544 (26.
837 2498 949 2543 Marz)
981 2499 1092 2534 1306.

433 2559 500 2589 (Das
532 2560 607 2594 Orig.
639 2561 671 2586 im
702 2560 818 2586 Art-hire
848 2561 896 2587 des
928 2561 1027 2595 Prager
1058 2561 1299 2587 erzbischofliclien
1327 2558 1567 2593 Kapitelarchives.
1615 2560 1679 2586 Eine
1711 2560 1849 2586 Abschrit‘t
1883 2561 1917 2586 im
1947 2560 1974 2586 k.

535 2612 624 2638 bohm.
650 2612 793 2644 llluseum.)
