2184 2828
1114 119 1159 151 2⁴2

218 236 413 282 documque,
443 240 476 270 et
503 239 802 282 quocienscumque
830 238 933 281 ipsam
961 247 1083 270 vacare
1121 238 1295 279 contigerit
1322 235 1424 269 libere
1452 236 1645 281 prouidebit.
1675 238 1711 272 ln
1741 248 1877 283 quorum
1907 240 2050 271 onmium

218 299 437 330 testimonium
466 301 499 330 et
525 299 715 330 memoriam
744 299 988 342 sempiternam,
1018 300 1187 342 presentes
1214 296 1323 330 literas
1349 296 1430 339 fieri,
1457 301 1490 330 et
1514 298 1619 342 sigillo
1639 301 1766 341 maiori,
1787 301 1891 332 nostri
1912 297 2051 344 Capituli

217 356 356 391 fecimus
384 360 542 391 attencius
570 356 731 390 roborari.
762 355 880 391 Datum
909 361 941 390 et
969 357 1088 390 Actum
1118 356 1296 390 Olomuncz
1319 357 1418 390 Anno
1447 356 1566 391 domini
1593 358 1768 392 Millesimo
1789 358 2049 401 Trecentesimo,

217 417 402 451 Tricesimo
432 416 568 459 Quarto,
598 415 703 450 Nonis
732 416 897 451 Octobris.

523 505 594 537 (Aus
617 504 676 530 dem
701 504 774 538 Orig.
799 505 831 530 im
857 505 971 530 Archive
995 504 1043 530 des
1067 504 1200 530 Olmutzer
1223 503 1401 538 Domcapitels
1425 504 1635 538 abgeseliriebeu
1657 506 1687 531 A.
1712 505 1840 535 Boczek.)

1095 641 1168 676 29.

215 719 384 753 Nili-olaus
412 731 475 752 ron
504 718 685 752 Zbrdslaw
713 719 873 752 seltenlfe!
902 720 974 752 dem
1007 719 1150 752 Klosler
1184 719 1422 753 Maria-saal
1452 721 1484 753 in
1520 719 1689 753 Altbrmm
1724 720 1793 752 alle
1820 721 1914 753 seme
1944 720 2051 754 Gener

462 781 495 812 in
525 779 717 813 Zbrcislaw.
747 779 806 813 Dt.
837 779 972 817 Brzmoe,
1003 779 1050 813 II.
1080 779 1158 812 Idus
1189 778 1344 813 Octobris
1378 779 1458 821 (14.
1490 780 1658 821 October)
1692 780 1800 813 1334.

367 855 547 909 Nouerint
574 876 718 908 vninersi
748 878 896 907 tenorem
926 877 1134 920 presencium
1163 876 1377 919 perspecturi,
1408 874 1501 915 Quod
1538 874 1611 919 Ego
1640 874 1760 908 Micolo
1789 874 1829 908 de
1858 874 2047 918 Braczlabs,

212 946 278 969 non
307 939 441 969 coactus
470 946 534 968 nou
563 934 751 980 conp111511S,
782 934 839 968 sed
868 946 948 968 sana
978 934 1235 977 deliberacione,
1265 934 1363 968 libera
1392 940 1422 968 et
1457 940 1638 980 spontanea
1668 935 1849 978 voluntate,
1879 938 1987 969 omnia
2017 940 2049 970 et

212 996 341 1039 singula
370 995 455 1029 bona
486 1007 557 1029 mea
586 995 705 1029 ibidem
734 997 765 1028 in
795 995 973 1029 Braczlabs
1002 1006 1074 1028 cum
1112 995 1321 1040 agricultura,
1357 1006 1430 1028 eum
1465 995 1579 1038 laneis,
1617 996 1795 1037 curticuliS,
1833 998 1923 1040 agris
1952 996 2048 1031 cultis

212 1061 244 1089 et
271 1056 413 1098 incultis,
449 1055 564 1097 Pratis,
607 1055 776 1098 Pascliuis,
811 1055 922 1099 Siluis,
958 1054 1168 1092 Nemoribus„
1204 1058 1307 1101 aquis,
1348 1067 1503 1101 aquarum
1538 1056 1742 1094 decursibus,
1787 1056 2047 1099 l’iscaciouibus,

213 1116 312 1159 Ortis,
343 1128 381 1150 ac
410 1119 514 1150 eciam
543 1116 674 1149 dimidio
703 1119 918 1162 equirriorum
947 1127 1076 1161 campo,
1106 1120 1138 1149 et
1165 1127 1238 1149 cum
1267 1115 1413 1149 omnibus
1442 1118 1665 1162 pertineneijs,
1691 1128 1896 1162 quocumque
1915 1120 2048 1151 nomine

211 1181 422 1219 censeantur,
452 1179 540 1210 omni
568 1179 651 1219 iure,
681 1188 720 1210 ae
749 1177 890 1210 dominio
919 1188 971 1210 me
1005 1188 1048 1210 ex
1082 1176 1242 1210 diuisione
1276 1175 1475 1219 hereditans,
1513 1177 1597 1210 saeta
1634 1180 1717 1210 inter
1752 1188 1803 1210 me
1838 1188 1882 1211 ex
1909 1189 1987 1217 vna,
2017 1182 2049 1212 et

211 1238 374 1271 dominam
402 1237 553 1271 Elizabet
581 1236 812 1271 Contlioralem
843 1248 947 1270 meam
977 1242 1069 1283 parte
1098 1249 1139 1270 ex
1176 1237 1289 1280 altera,
1323 1240 1540 1279 continencia,
1578 1237 1822 1271 venerabililms
1857 1242 1890 1271 et
1922 1238 2049 1273 deuotis

210 1298 352 1332 Domine
380 1297 560 1331 Katlierine
594 1297 786 1335 Abbatisse,
822 1301 944 1343 totique
965 1298 1150 1331 Conuentui
1170 1297 1360 1341 Monasterij
1390 1298 1463 1330 aule
1491 1297 1742 1340 sam-1‹.=il1ai·ie,
1773 1302 1836 1331 tam
1866 1309 1924 1344 pro
1949 1310 2047 1342 nunc,

211 1370 306 1405 quam
329 1363 450 1392 extunc
468 1361 660 1403 resingnani
681 1362 712 1392 et
732 1361 902 1403 resingno,
924 1358 1043 1392 donaui
1065 1362 1096 1391 et
1118 1359 1203 1392 dono
1224 1357 1428 1404 presentibus
1456 1358 1608 1399 tenenda,
1631 1358 1778 1403 regenda
1805 1363 1837 1392 et
1861 1358 2047 1393 vtifruenda

210 1431 249 1453 ac
278 1419 358 1452 Jure
388 1419 585 1452 hereditario
614 1424 771 1464 perpetuo
801 1419 1011 1464 possidenda.
1042 1419 1256 1452 Renuncians
1285 1421 1369 1452 omni
1396 1418 1477 1454 Juri.
1507 1422 1715 1464 exeepcioni,
1744 1424 1778 1453 et
1805 1422 1944 1463 accioni,
1972 1431 2047 1466 que,

210 1480 317 1526 quoad
351 1479 495 1513 eiusdem
531 1479 723 1513 donacionis
760 1482 1011 1513 imnutacionem
1051 1480 1145 1513 mielii
1176 1483 1310 1525 possent
1337 1478 1578 1525 quomodolibet
1613 1480 1797 1524 suffragari.
1828 1479 1895 1514 Sed
1923 1484 1959 1514 vt
1986 1480 2047 1514 hec

211 1543 319 1574 omnia
366 1539 506 1573 debitum
544 1539 643 1573 robur
678 1540 836 1573 lirmitatis
871 1540 1048 1583 obtineant,
1085 1540 1233 1584 Sigillum
1277 1550 1393 1581 meum,
1436 1550 1507 1572 cum
1551 1540 1664 1583 sigillis
1705 1539 1859 1574 nobilium
1901 1543 2047 1575 virorum

212 1601 416 1634 dominorum
462 1600 732 1646 subscriptorum.
774 1601 812 1633 ad
851 1611 996 1634 mearum
1031 1612 1165 1646 precum
1201 1602 1402 1635 instanciam.
1439 1599 1644 1645 presentibus
1679 1605 1731 1634 est
1771 1612 1962 1646 appensum.
2006 1601 2047 1635 Et

212 1672 273 1694 nos
301 1661 471 1694 Julianues
501 1661 540 1694 de
575 1661 667 1707 Lipa,
703 1660 877 1694 llartlebus
906 1661 946 1694 de
975 1660 1193 1694 Poseliowicz
1222 1661 1428 1694 Camerarius
1457 1660 1567 1693 (fzude.
1598 1660 1812 1703 Brunncnsis,
1841 1661 2046 1696 Theodricus

212 1721 251 1754 de
281 1721 388 1767 Spran
419 1721 599 1755 Czudarius
629 1721 845 1763 Brunnensis,
876 1721 976 1755 Pollio
1015 1721 1054 1755 (le
1090 1721 1336 1763 Wildenbercli,
1370 1720 1540 1754 Joliannes
1575 1721 1614 1754 de
1649 1721 1876 1765 l'oscliowicz,
1912 1721 2046 1755 VVocko

210 1782 250 1815 de
286 1781 506 1824 Benescliaw,
542 1781 773 1815 W'ernliardus
807 1782 945 1816 nechim
988 1785 1130 1815 omnium
1172 1785 1402 1828 premissorum
1440 1786 1541 1815 testes
1576 1786 1608 1815 et
1642 1783 1778 1825 conscij,
1814 1782 1888 1815 ‹licti
1924 1782 2045 1816 domini

210 1842 397 1888 Mycnlnnis
427 1842 579 1888 precibus
610 1843 766 1879 inclinati,
796 1847 906 1876 nostra
943 1842 1157 1887 appendimus
1195 1842 1297 1887 sigilla
1333 1844 1362 1874 in
1395 1844 1612 1875 testimonium
1642 1842 1778 1875 euidens
1807 1847 1839 1875 ct
1867 1845 2044 1876 munimen.

210 1903 328 1936 Datum
350 1903 482 1936 ssrmme
503 1903 601 1936 Anno
631 1902 752 1936 domini
772 1902 944 1936 lllillesimo
965 1902 1213 1937 'l'recentesimo
1234 1903 1413 1937 Tricesimo
1434 1902 1570 1943 Quarto,
1598 1902 1752 1936 Secundo
1773 1902 1860 1937 Ydus
1881 1903 2043 1937 Octobris.

517 1990 584 2019 (Das
615 1991 688 2020 (iria.
721 1991 767 2015 aul‘
795 1990 949 2021 l’ergament
981 1991 1024 2016 mit
1054 1990 1120 2015 Vlll.
1155 1990 1258 2016 kleinen
1295 1989 1521 2015 wolilerliullenen
1551 1990 1661 2020 sigillent
1692 1991 1724 2015 im
1757 1990 1870 2015 Areliive
1901 1990 2044 2016 desselben

620 2041 755 2068 lx'losters,
781 2043 812 2067 im
838 2051 869 2067 m.
896 2046 927 2068 st.
954 2042 1162 2068 Lamlesareliive
1188 2043 1223 2068 lit.
1248 2042 1278 2067 M.
1304 2050 1327 2066 n.
1354 2041 1396 2071 4.)

1096 2180 1169 2214 3⁰.

217 2256 406 2295 Elisabeth,
451 2257 604 2291 (iemalin
646 2257 704 2290 des
749 2257 914 2290 ‚x'ilmlaus
950 2270 1013 2291 rou
1049 2257 1240 2295 Zlnvislaw,
1271 2255 1341 2301 (sibl
1374 2255 1446 2288 ihre
1490 2237 1717 2300 Znslimmelny
1759 2268 1798 2289 zu
1839 2257 1899 2290 der
1939 2256 2044 2290 darc-lt

214 2318 307 2350 ihren
332 2318 450 2350 Gema!
476 2318 545 2351 dem
569 2318 709 2351 lx'losler
738 2317 979 2350 Maria-Sam
1003 2317 1202 2362 ymnos-lolem
1232 2315 1441 2359 Scleenlsuny.
1473 2315 1530 2349 Dt.
1563 2316 1696 2359 Brome,
1727 2316 1772 2350 ll.
1804 2316 1882 2350 Idas
1904 2316 2040 2351 Octobr.

927 2378 1007 2418 (Ill.
1031 2377 1189 2417 octobr.)
1220 2377 1326 2410 1334.

365 2453 542 2505 Ᾱυιιυιήηῑ
571 2477 631 2506 tam
663 2475 825 2518 presentis
854 2475 960 2509 etatis.
990 2483 1084 2518 «piam
1115 2472 1221 2506 sutore
1251 2474 1446 2518 posteritatis
1477 2470 1624 2504 homines
1661 2474 1817 2515 minei-si,
1847 2470 1940 2512 Quod
1968 2470 2041 2515 Ego

210 2532 357 2566 Elisalwt
385 2532 590 2565 Contlioralis
626 2534 745 2566 dommi
781 2532 953 2566 lllicolonis
988 2533 1028 2565 de
1059 2532 1232 2566 Braczlabs
1268 2532 1481 2565 domu-ionem
1511 2543 1568 2564 seu
1606 2534 1869 2573 1·‹.·si,‹‚rnacionem
1897 2534 2040 2565 omnium

210 2598 241 2626 et
272 2594 474 2637 singulorum
506 2592 662 2625 bonorum
693 2593 808 2626 ibidem
840 2596 869 2626 in
900 2592 1084 2627 Braczlabs.
1123 2592 1161 2625 ad
1198 2596 1301 2637 ipsum
1338 2594 1469 2624 racione
1498 2591 1666 2624 diuisionis
1695 2595 1779 2625 inter
1808 2604 1857 2625 me
1887 2603 1927 2625 cx
1957 2602 2035 2635 vna,
