2184 2828
1052 209 1153 243 141.

169 286 210 319 K.
243 287 398 332 leolple
428 288 551 321 melite!
580 289 650 321 dem
681 287 802 333 Doyen
830 298 872 321 zu
907 287 1051 332 Veuede'y
1079 289 1195 321 seinen
1224 287 1310 332 Se'eq
1337 287 1421 322 iiber
1451 288 1594 332 (tlalcar,
1624 289 1739 333 Ix'om'y
1769 301 1830 323 rou
1861 290 2024 324 Bassum.

322 348 382 382 Dl.
413 350 445 381 iu
475 350 602 381 castris
630 350 720 393 apud
755 348 926 393 l'elsbergs,
963 348 1017 383 VJ.
1048 349 1193 382 Kalend.
1225 348 1436 393 Septembris
1467 349 1548 391 (27.
1579 350 1733 394 ΑιᾳμιεΙ]
1767 350 1877 384 1275.

313 424 533 490 Rudolphus
572 444 622 478 dei
660 447 767 489 gratia
802 445 1028 479 Romanorum
1067 455 1128 478 rex
1161 455 1294 490 semper
1329 449 1490 489 augustus
1520 445 1698 490 magnifico
1728 448 1800 479 viro
1830 446 1962 481 domino
1993 453 2024 481 ct

167 504 241 539 duci
270 504 474 539 Venetorum
496 508 603 539 amico
624 517 683 539 suo
705 509 836 540 sincera
866 506 1052 540 dilectionis
1070 501 1211 539 'salutem
1232 516 1305 539 cum
1335 508 1451 550 regiae
1479 504 1694 550 benignitatis
1716 507 1849 542 affectu.
1882 511 2020 549 Quantis

167 564 355 612 opprobriis
375 570 407 599 et
437 565 607 611 probrosis
636 569 764 601 iniuriis
794 566 988 600 indesinens
1010 566 1214 613 reipublicae
1242 566 1445 600 disturbator
1463 568 1592 612 quidam
1609 570 1637 615 Ι)
1670 570 1708 604 Ο.
1739 579 1800 602 rex
1822 568 2021 603 Boemorum

167 626 281 670 illust.,
311 631 385 673 post
412 629 506 672 pacis
536 627 672 670 federa,
701 632 776 674 post
804 627 968 662 fidelitatis
999 627 1108 662 debite
1136 626 1231 661 nohis
1259 638 1320 674 pro
1349 627 1445 662 nobis
1483 640 1542 675 per
1576 633 1681 676 ipsum
1711 635 1870 678 praestita
1900 644 2023 667 sacra-

167 692 294 732 menta,
323 697 384 722 nos
412 688 587 734 impulerit,
617 693 650 722 ut
686 688 726 722 ad
763 691 834 724 eius
863 693 1002 723 conatus
1041 688 1189 723 nefarios
1221 688 1465 725 refraenandos
1493 693 1660 736 potentiae
1689 697 1824 727 nostrae
1852 693 2023 727 brachium

166 748 375 792 levaremus,
413 759 530 783 omnes
564 751 711 784 minores
739 760 814 783 cum
844 749 1023 784 maioribus
1052 760 1134 796 sepe
1168 749 1323 785 viderunt
1351 753 1511 796 apertius,
1542 755 1596 798 qui
1625 756 1911 799 conspirationes,
1941 766 2024 801 quas

166 809 253 843 idem
281 820 344 843 rex
364 808 528 843 adversus
556 815 703 844 nostram
733 811 872 845 salutem
891 810 1030 853 fecerat,
1061 810 1251 845 insidiarum
1279 812 1399 855 iacula,
1421 822 1507 857 quae
1536 813 1734 857 tetenderat,
1764 815 1917 860 laqueos,
1939 826 2022 862 quos

167 869 399 913 absconderat,
411 880 478 904 non
494 874 659 915 ignorant.
682 871 888 915 thuoniam
907 871 947 906 de
963 872 1122 916 regalium
1135 883 1351 906 successuum
1372 873 1641 918 praecordiorum
1657 879 1843 909 nostrorum
1865 876 2022 921 iniuria2J

166 930 334 965 credimus
367 934 399 965 in
433 931 555 977 gaudio
591 931 796 975 redundare,
833 935 1013 966 sinceritati
1049 937 1205 976 vestrae,
1240 945 1279 967 ea
1313 944 1375 979 qua
1413 937 1647 980 omnipotentis
1683 935 1734 969 dei
1771 939 1898 981 gracia,
1936 949 2022 982 quae

165 1002 287 1027 causas
316 994 410 1026 iustis
439 992 548 1037 dirigit
578 997 607 1026 et
637 993 820 1027 detestatur
848 996 991 1039 iniquos,
1023 996 1054 1027 in
1083 993 1178 1028 nobis
1207 998 1239 1027 et
1267 996 1406 1040 imperio
1434 995 1639 1041 resplenduit
1668 995 1717 1030 his
1746 996 1873 1040 diebus,
1903 1002 2023 1032 tenore

165 1056 393 1099 praesentium
432 1053 586 1087 duximus
621 1054 831 1088 declaranda.
889 1054 981 1088 Sciat
1022 1057 1132 1100 itaque
1169 1059 1281 1090 vestra
1317 1056 1545 1101 providentia,
1583 1057 1669 1103 quod
1704 1068 1766 1092 nos
1800 1059 1880 1092 l'eria
1911 1062 2021 1104 quinta

165 1117 316 1160 proxima
345 1119 420 1160 post
448 1114 567 1148 festum
598 1114 823 1149 Bartholomei
852 1126 892 1148 eo
922 1116 995 1149 loco
1025 1116 1209 1149 locavimus
1238 1121 1348 1150 castra
1377 1122 1504 1160 nostra,
1535 1118 1620 1164 quod
1650 1130 1667 1151 a
1698 1122 1871 1154 territoriis
1884 1117 1916 1165 3)
1945 1120 2021 1154 dicti

165 1177 257 1220 regis
284 1174 444 1209 Boemiae
473 1178 532 1209 vix
562 1176 601 1209 ad
631 1176 849 1220 stationem4)
879 1176 999 1210 dimidii
1036 1176 1183 1210 milliaris
1211 1176 1389 1211 theutonici
1419 1177 1633 1213 distabamus.
1663 1190 1761 1213 mane
1789 1191 1872 1214 vero
1901 1185 2022 1215 sextae

164 1235 249 1270 ferie
277 1236 510 1282 subsequentis
545 1248 608 1271 una
647 1248 721 1270 cum
757 1237 877 1271 dilecto
915 1237 979 1270 tilio
1018 1242 1049 1270 ct
1078 1240 1185 1271 amico
1220 1242 1334 1272 nostro
1363 1242 1538 1273 carissimo
1567 1239 1683 1273 illustri
1712 1251 1796 1285 rege
1824 1240 2021 1286 Hungariae

163 1297 386 1343 procedentes
417 1303 555 1332 cunctos
568 1296 599 1343 ⁵)
634 1301 778 1331 acierum
818 1302 1004 1331 nostrarum
1046 1298 1255 1333 adiunximus
1284 1302 1416 1334 stationi
1455 1299 1615 1343 hostium,
1652 1303 1700 1334 sic
1729 1301 1813 1346 quod
1844 1301 1925 1335 hora
1955 1302 2019 1336 diei

163 1360 258 1403 quasi
287 1363 382 1392 sexta
411 1361 496 1392 inter
524 1370 585 1392 nos
614 1358 811 1404 quamvisffj
842 1369 952 1404 pugna
983 1361 1172 1402 comittitur,
1202 1362 1234 1393 in
1263 1371 1325 1405 qua
1355 1360 1463 1395 dictus
1490 1372 1553 1395 rex
1582 1361 1740 1395 Boemiae
1768 1373 1861 1396 more
1890 1366 2018 1397 strenui

161 1419 283 1464 pugilis
319 1419 457 1454 vii-iliter
485 1431 522 1454 se
551 1420 745 1453 dell'endens
774 1420 906 1453 tandem
935 1419 1087 1454 devictus
1117 1419 1283 1465 occubuit,
1303 1432 1369 1455 non
1398 1433 1416 1454 a
1445 1426 1557 1456 nostra
1586 1425 1708 1456 virtute
1736 1427 1936 1469 prostratus,
1958 1424 2017 1458 sed

161 1479 244 1525 00⁷)
273 1483 380 1526 potius
399 1479 658 1527 impugnante&
688 1485 803 1514 contra
825 1480 1060 1526 rempublicam
1090 1481 1299 1516 deffendente
1319 1482 1466 1518 collisus.
1496 1485 1529 1517 in
1559 1494 1622 1528 quo
1652 1486 1750 1518 etiam
1780 1483 1866 1518 bello
1887 1484 2016 1519 nobiles

161 1545 257 1586 regni
286 1541 457 1584 Boemiae,
487 1547 520 1576 ut
549 1543 614 1584 alii,
645 1545 698 1586 qui
727 1553 800 1575 cum
831 1545 902 1587 ipso
931 1553 1012 1584 rege
1041 1547 1222 1585 venerant,
1251 1545 1408 1588 potiores,
1439 1548 1493 1578 aut
1521 1547 1640 1578 mortui
1670 1545 1780 1588 gladio
1810 1545 2015 1587 ceciderunt,

160 1608 215 1636 aut
244 1601 373 1648 victos']
406 1606 604 1645 certamine,
641 1603 715 1636 (lum
754 1603 793 1636 ad
829 1602 930 1647 fugae
965 1602 1166 1648 praesidium
1209 1614 1247 1638 se
1281 1608 1536 1648 converterent,
1573 1605 1614 1639 ab
1648 1606 1899 1651 insequentibus
1938 1612 2015 1640 sunt¹

158 1664 294 1698 detenti.
342 1663 466 1698 Verum
496 1675 568 1698 cum
599 1676 642 1697 ex
672 1667 761 1697 veris
791 1669 823 1697 et
851 1666 951 1697 certis
981 1662 1103 1697 inditiis
1133 1664 1317 1698 celsitudini
1346 1669 1481 1699 nostrae
1509 1671 1651 1709 constat,
1682 1667 1766 1711 quod
1798 1678 1865 1701 non
1895 1671 2010 1700 nostra

159 1726 218 1761 sed
239 1728 357 1761 summi
386 1726 449 1768 dei,
471 1726 608 1760 salutem
639 1730 784 1759 nost-ram
813 1727 845 1758 in
867 1729 955 1759 tanto
985 1724 1175 1758 discrimine
1195 1725 1454 1759 misericorditer
1474 1729 1690 1772 protegentis,
1716 1730 1862 1772 potentia
1893 1729 2013 1761 trium-

158 1787 284 1833 phavit,
321 1791 530 1833 praesentem
559 1787 765 1833 praeclaram
802 1787 973 1820 victoriam
1003 1784 1087 1820 illius
1115 1785 1215 1820 titulis
1244 1790 1277 1819 et
1312 1785 1431 1820 honori
1459 1786 1689 1831 adscribimus,
1720 1790 1773 1832 qui
1803 1788 1842 1821 ad
1875 1792 2012 1822 nostrae

159 1848 346 1883 humilitatis
375 1851 550 1893 augustias
587 1847 750 1882 liniendas
783 1849 966 1881 immensae
1004 1857 1087 1880 suae
1116 1846 1314 1880 clementiae
1342 1847 1577 1883 misericordes
1605 1847 1741 1882 occulos
1769 1853 1847 1882 tunc
1877 1851 2012 1882 miseri—

158 1908 302 1944 corditer
329 1909 519 1952 inclinavit,
556 1907 630 1943 dum
667 1913 840 1942 extremae
869 1910 1101 1942 neccessitatis
1130 1907 1310 1953 periculum
1339 1907 1541 1943 imminebat.
1596 1908 1667 1943 Vos
1701 1911 1800 1954 igitur
1828 1911 2009 1943 amicorum

159 1971 404 2014 sincerissime,
440 1980 641 2016 quaesumus
669 1973 781 2014 grates
810 1969 970 2003 altissimo
999 1967 1161 2003 refferatis
1196 1973 1229 2001 et
1263 1970 1296 2002 in
1331 1968 1502 2013 gloriosae
1536 1968 1662 2004 Mariae
1699 1972 1841 2014 virginis
1879 1969 2007 2013 laudes.

157 2040 295 2076 quorum
328 2030 506 2077 praesidiis
541 2033 606 2064 vita
642 2035 756 2065 nostra
792 2032 886 2064 morti
925 2031 1079 2075 proxima
1108 2029 1203 2063 salva
1232 2027 1401 2073 subsistit,
1435 2035 1469 2064 et
1501 2030 1643 2064 Romani
1678 2032 1805 2076 imperii
1842 2029 2005 2064 celsitudo

157 2088 407 2136 mirabiliterffl]
435 2094 608 2126 incurvata
638 2093 813 2137 respiravit
843 2093 965 2124 virtute
995 2089 1146 2133 mirabili,
1176 2091 1279 2123 vestri
1309 2089 1419 2124 cordis
1446 2093 1560 2125 intima
1589 2090 1779 2125 resolvatis.
1825 2090 1944 2124 Datum
1974 2094 2007 2125 in

156 2152 276 2185 castris
306 2151 390 2197 apud
418 2151 600 2199 Velsperg,
631 2152 651 2186 6
681 2152 812 2186 kalend.
844 2149 1052 2197 Septembris
1082 2153 1178 2196 regni
1206 2152 1308 2185 nostri
1337 2161 1424 2185 anno
1453 2155 1576 2197 quinto.

461 2231 625 2263 (Zeitschrist
657 2232 698 2257 sur
735 2232 777 2257 die
803 2230 962 2257 Gescliicbte
995 2229 1043 2255 des
1068 2228 1233 2255 Oberrheins
1261 2229 1305 2256 xl.
1331 2228 1378 2255 Bd.
1402 2229 1447 2256 111.
1473 2230 1543 2257 nen.
1581 2231 1607 2257 S.
1632 2229 1703 2256 292.
1739 2230 1785 2256 Hs.
1816 2238 1846 2256 zu
1871 2230 2005 2265 Venedig.

566 2284 651 2310 Codd.
676 2283 740 2310 Latt.
766 2283 798 2309 cl.
824 2282 892 2309 xlv.
919 2282 981 2308 cod.
1006 2281 1122 2307 xxxix.
1149 2282 1175 2307 S.
1203 2280 1268 2313 23.)

220 2428 243 2461 ¹)
267 2429 292 2455 L.
319 2429 460 2462 quondam.
486 2427 511 2462 ²)
528 2430 584 2456 hier
608 2432 696 2457 felilen
721 2432 809 2465 einigc
834 2429 942 2455 W'orte.
968 2430 1038 2455 ohne
1063 2428 1152 2455 Lm-ke
1178 2430 1226 2455 ‹ler
1249 2429 1295 2455 Hs.
1322 2427 1347 2463 ⁷⁴)
1372 2429 1389 2455 l.
1414 2431 1547 2457 tentoriis.
1573 2428 1598 2459 ⁴)
1617 2431 1631 2455 l.
1657 2431 1778 2464 spatium.
1806 2428 1831 2463 ᾖ)
1855 2431 1872 2458 Ι.
1890 2438 2002 2456 cuneos.

255 2481 281 2513 ι’)
306 2482 322 2507 Ι.
347 2488 447 2518 gravis.
474 2477 498 2511 71
523 2482 539 2506 1.
565 2483 626 2508 deo.
652 2484 677 2513 “)
701 2484 716 2508 Ι.
741 2485 948 2517 impugnantem.
976 2478 1001 2515 ¹³)
1027 2481 1043 2506 Ι.
1070 2482 1139 2506 vicu.
1168 2479 1207 2513 W)
1231 2481 1423 2508 miserabiliter.
