2184 2828
1048 101 1068 134 9

137 230 168 260 et
203 225 242 259 de
278 223 439 257 Eberaco.
475 221 751 255 Monasteriorum
787 219 963 254 Abliatum.
998 218 1098 252 Anno
1133 217 1255 251 domini
1288 216 1462 250 Millesimo
1497 217 1747 251 Trecentesimo
1781 216 1972 251 XXXIIIIO.

137 285 174 320 ln
203 285 256 319 die
284 284 495 318 Inuencionis
526 286 641 315 sancte
671 281 796 314 Crucis.

441 361 528 394 (On-ig.
555 360 601 385 auf
622 360 776 388 l‘erffainent
802 360 844 384 mit
869 359 885 384 2
917 358 1025 392 Sigillen
1054 358 1086 383 im
1118 357 1232 382 Art-inve
1261 356 1402 381 desselben
1433 356 1564 383 Klosters.
1594 357 1625 382 im
1651 365 1682 381 111.
1709 359 1740 382 st.
1766 356 1976 382 Landesarctnve

545 412 581 438 tit.
608 411 634 437 Β.
662 420 684 436 n.
712 412 754 440 Vl.)

1023 530 1094 565 11.

137 613 275 657 Hei-:419
304 611 471 645 Ait-olaus
499 622 562 644 ron
597 610 756 654 Troppaei
784 609 952 651 (adflat-et,
987 608 1066 642 (lass
1098 618 1136 641 er
1173 608 1235 640 den
1269 608 1302 640 z'n
1336 607 1555 651 Seefersdorf'
1579 607 1763 651 yelessenen
1805 607 1871 640 und
1907 607 1976 640 dem

142 673 367 709 Welelemder
395 672 537 705 Kloster
570 670 756 715 qelm'rz’qen
796 669 896 702 Teii-li
927 669 1050 702 wieder
1082 668 1281 712 leeryestellt
1317 667 1414 701 habe.
1452 667 1509 700 Di.
1550 669 1580 700 in
1613 668 1737 710 (ir-(etz,
1768 666 1828 702 [Γ.
1860 667 1978 701 ‚Nonas

839 730 926 773 Maji
954 730 1007 771 (4.
1037 729 1130 771 Mazj)
1163 727 1274 762 1334.

289 809 376 862 ⁴x0s
404 827 561 861 Nicolaus
591 826 643 859 dei
672 828 786 870 gracia
817 825 882 858 dux
912 824 1132 870 Oppauiensis
1162 824 1201 857 ad
1230 826 1462 857 vniuersorum
1492 825 1702 868 presencium
1730 833 1768 855 ac
1797 822 1978 856 futurorum

136 892 289 924 noticiam
331 887 539 934 presentibus
579 886 731 920 volumus
772 885 928 919 deuenire
970 884 1063 926 Quod
1092 896 1166 919 cum
1207 887 1292 918 inter
1325 884 1570 928 Religiosorum
1605 886 1751 917 virorum
1791 881 1980 916 Conuentus

135 949 325 993 Monasterij
362 947 638 992 lVelegradensis
676 947 751 980 villa
792 946 1020 981 Sisi-idezdorff
1056 949 1243 991 nuncupata
1287 948 1319 978 in
1363 949 1450 978 terra
1487 948 1598 977 nostra
1628 946 1700 977 sita.
1731 943 1861 977 Piscina
1891 948 1981 977 esset

140 1015 233 1056 rupta
263 1014 296 1043 et
323 1008 499 1043 destructa⁴
529 1019 591 1053 que
620 1010 763 1053 ipsorum
793 1006 906 1040 vsibus
935 1007 975 1040 ab
1003 1009 1097 1040 annis
1116 1005 1264 1052 pluribus
1285 1005 1466 1039 desei-uiuit
1486 1009 1515 1038 et
1537 1007 1600 1038 iam
1621 1015 1686 1038 non
1706 1015 1813 1049 pauco
1834 1009 1981 1049 tempore

137 1073 245 1105 extitit
279 1069 438 1112 desolata„
474 1080 535 1102 nec
565 1068 605 1102 01)
634 1070 736 1114 ipsius
763 1067 956 1111 Monasterij
987 1062 1128 1113 inopiam
1157 1066 1260 1100 valuit
1287 1070 1377 1099 tanto
1406 1070 1555 1110 tempore
1575 1064 1761 1107 reformari,
1782 1063 1851 1098 Nos
1871 1064 1979 1097 diuina

138 1134 215 1165 tacti
244 1133 430 1164 monicione
458 1132 706 1175 compacientes
736 1131 795 1174 ipsi
825 1128 1025 1162 Moimsterio
1061 1127 1103 1161 ob
1139 1128 1253 1161 salutis
1290 1130 1403 1160 nostre
1438 1125 1619 1159 remedium
1656 1125 1697 1158 de
1732 1128 1834 1171 ipsius
1871 1129 1981 1158 tamen

135 1192 326 1226 Conuentus
354 1201 520 1224 consensu
549 1193 653 1236 ipsam
681 1192 840 1235 piscinam
869 1192 1014 1234 cepimus
1042 1193 1074 1222 et
1101 1188 1353 1222 reformauimus
1390 1187 1533 1232 proprijs
1562 1185 1728 1220 laboribus
1764 1190 1796 1219 et
1822 1188 1980 1231 impensis

134 1256 306 1299 ipsamque
336 1253 508 1285 momentis
537 1250 603 1285 vile
631 1254 744 1284 nostre
772 1252 894 1283 nostris
923 1249 1036 1283 vsibus
1064 1253 1262 1294 vsurpantes
1292 1248 1332 1281 ad
1367 1250 1468 1282 vitam
1498 1247 1657 1280 duntaxat
1686 1249 1783 1280 vnius
1813 1257 1851 1279 ac
1880 1246 1980 1280 solius

135 1323 278 1359 persone
307 1316 430 1346 nostre.
462 1311 540 1346 Post
568 1313 661 1345 cuius
690 1311 886 1344 curriculum
922 1310 1098 1343 inmediate
1126 1312 1213 1343 omni
1249 1313 1437 1343 nostrorum
1479 1307 1636 1341 heredum
1673 1318 1711 1341 ac
1749 1317 1981 1341 successorum

135 1377 262 1409 semoto
290 1372 524 1418 impedimento
552 1371 685 1406 Juribus
721 1382 835 1405 eorum
872 1382 911 1404 ac
951 1370 1200 1404 condicionibus
1237 1380 1302 1403 non
1339 1368 1544 1403 obstantibus
1580 1367 1840 1412 quibuscumque
1876 1370 1981 1413 ipsam

136 1437 294 1481 piscinam
323 1444 397 1467 cum
426 1432 577 1466 omnibus
605 1431 738 1466 Juribus
768 1434 836 1466 suis
865 1433 952 1477 prius
987 1430 1105 1465 habitis
1147 1434 1330 1464 memorato
1364 1429 1569 1463 Monasterio
1608 1427 1843 1474 possidendam
1878 1427 1981 1461 libere

137 1495 344 1541 deputantes,
378 1493 440 1527 hoc
481 1496 652 1539 presertim
688 1492 827 1526 lucidius
862 1494 1085 1537 exprimentes
1120 1502 1173 1534 ne„
1209 1490 1295 1536 quod
1335 1489 1428 1528 absit„
1469 1489 1608 1523 heredes
1645 1500 1683 1522 ac
1719 1490 1844 1534 posteri
1879 1490 1981 1522 nostri

138 1559 259 1599 queant
287 1564 493 1599 quocumque
526 1564 607 1587 ausu
644 1556 803 1599 inpensas
840 1555 871 1585 in
907 1552 992 1585 dicte
1027 1554 1153 1597 piscine
1188 1550 1432 1585 reformacione
1470 1554 1501 1583 et
1543 1549 1655 1583 labore
1692 1548 1796 1582 factas
1832 1547 1871 1581 ab
1907 1550 1979 1594 ipso

138 1618 337 1649 monasterio
365 1617 535 1658 requirere
564 1614 631 1648 vllo
658 1613 767 1647 modo.
793 1613 985 1647 Addicimns
1012 1615 1116 1645 eciam
1135 1616 1171 1646 vt
1190 1614 1223 1645 in
1242 1611 1412 1645 obstaculo
1433 1610 1520 1644 dicte
1545 1612 1671 1656 piscine
1697 1611 1722 1643 si
1749 1611 1797 1642 eis
1823 1608 1982 1654 placuerit

139 1675 281 1710 habeant
308 1674 411 1708 libere
439 1685 498 1721 pro
526 1674 617 1708 libito
646 1674 880 1707 molendinum.
911 1672 960 1706 Ne
989 1684 1071 1715 erg-o
1105 1672 1225 1706 dictum
1259 1674 1497 1705 monasterium
1525 1674 1673 1704 nostrum
1707 1674 1780 1715 post
1808 1669 1982 1703 decessum

139 1747 198 1783 per
226 1735 367 1770 heredes
396 1735 451 1769 vel
484 1746 699 1769 successores
728 1739 861 1768 nostros
890 1732 1050 1778 quoslibet
1083 1732 1256 1767 frustretur
1289 1731 1524 1766 iurisdiccione
1560 1742 1632 1773 sua,
1662 1734 1717 1763 aut
1746 1729 1920 1763 incomoda
1949 1732 1981 1762 in

139 1797 256 1831 eadem
285 1799 411 1842 piscina
441 1796 548 1840 aliqua
579 1798 726 1841 paciatur
745 1798 776 1828 in
797 1799 908 1828 nostre
927 1805 1060 1827 camere
1080 1793 1284 1839 dispendium
1305 1798 1336 1826 et
1355 1803 1538 1838 grauamen
1559 1791 1674 1825 damus
1696 1793 1756 1836 ipsi
1776 1789 1980 1824 Monasterio

137 1857 390 1902 Conuentuique
419 1867 479 1890 5110
509 1860 639 1890 nostras
668 1860 819 1902 patentes
848 1855 958 1888 literas
988 1854 1092 1899 Sigilli
1122 1856 1225 1888 nostri
1254 1856 1388 1887 maioris
1418 1855 1595 1886 munimine
1620 1851 1793 1885 roboratas
1823 1854 1854 1884 in
1885 1853 1981 1883 testi-

137 1921 280 1952 monium
309 1928 408 1963 super
436 1928 487 1950 eo.
518 1916 636 1950 Datum
666 1919 696 1950 in
726 1916 833 1950 Grecz
874 1916 973 1949 Anno
1003 1915 1124 1948 domini
1157 1914 1332 1948 Millcsimo
1370 1914 1624 1947 Trecentesimo
1662 1914 1828 1946 tricesimo
1866 1915 1981 1956 quarto

137 1978 247 2013 Nonas
276 1977 366 2022 Maij.

443 2056 552 2084 (Vidini.
580 2056 713 2081 Absrlirist
740 2064 798 2080 vom
824 2054 847 2080 J.
879 2054 966 2081 1402,
991 2055 1021 2079 im
1048 2054 1162 2079 ,ωλι-111110
1186 2053 1327 2079 desselben
1353 2053 1483 2079 Klosters.
1509 2061 1540 2077 nn
1565 2052 1645 2077 11111111.
1669 2051 1753 2076 stand.
1770 2050 1979 2076 Landesareliive

546 2108 591 2134 Lit.
621 2109 650 2133 ,1.
677 2116 700 2133 n.
732 2107 791 2137 ¹2.)

1032 2226 1086 2261 ¹0)

1060 2249 1100 2261 m·

139 2305 211 2339 Der
245 2305 276 2338 Ιί.
312 2306 502 2341 bolemiselie
541 2306 837 2341 lsi}lerlm‘nmwrer
880 2305 1033 2341 ttillwlm
1066 2316 1128 2338 ron
1167 2304 1349 2337 Lamlstein
1382 2303 1562 2337 selelielelel
1605 2301 1687 2334 iiber
1729 2301 1878 2344 ,4017109
1921 2301 1979 2333 «les

138 2366 359 2410 Marlrsffasen
388 2368 477 2401 Isarl
503 2369 564 2401 den
594 2368 704 2401 Sireit
734 2367 898 2401 ziz-iselam
927 2367 987 2398 den
1018 2365 1196 2409 Seleoppele
1227 2365 1291 2397 mid
1318 2364 1474 2407 Βᾰιῃθνη
1505 2374 1565 2395 rou
1598 2362 1703 2405 lfslan.
1738 2361 1793 2394 ΠΙ.
1827 2361 1977 2405 lylariw.

534 2427 702 2461 sablntlleo
726 2431 805 2472 pos!
836 2428 1076 2460 decensionem
1109 2426 1244 2459 Domini
1273 2429 1287 2463 (
1297 2425 1327 2457 7.
1359 2425 1451 2465 Μαί)
1487 2423 1592 2456 1334.

330 2502 338 2513 v

293 2502 379 2554 lxo<
409 2521 604 2556 Wilhetnms
633 2523 673 2556 (10
702 2523 870 2556 Lantstein
903 2521 1009 2563 Regni
1030 2520 1164 2554 Boemic
1187 2519 1472 2553 Subcamerarius.
1494 2518 1655 2551 Constare
1686 2517 1834 2550 volumus·
1865 2521 1978 2549 tenore

138 2585 335 2627 presentium
366 2585 539 2625 vniuersis,
571 2583 663 2623 Quod
693 2594 753 2616 nos
782 2583 822 2616 (10
852 2581 1002 2615 mamiato
1031 2586 1061 2614 et
1098 2583 1292 2614 auctoritate
1321 2579 1441 2613 1101111111
1475 2581 1577 2612 nostri
1614 2577 1779 2622 lilagnilici
1809 2579 1977 2622 principis.

1857 2636 1875 2664 2
