2184 2828
1097 138 1168 172 614

213 256 342 289 menda.
376 255 553 289 Abbatissc
575 257 677 300 ipsius
699 257 889 288 monasterii
909 259 941 288 et
962 257 1034 299 ejus
1056 254 1253 289 ol'licialibus
1274 254 1458 288 huiusmodi
1479 255 1632 289 iudicium
1652 256 1856 302 reliquendo.
1888 256 2053 302 talemque

213 317 442 350 nichilominus
473 316 640 349 abbatisse
670 320 702 348 et
730 315 928 349 monialibus
960 318 1037 360 ipsis
1065 318 1213 358 graciam
1242 315 1407 357 faciendo,
1438 320 1473 349 vt
1493 315 1641 350 homines
1671 328 1781 350 earum
1813 328 1971 362 nusquam
1994 328 2053 362 pro

212 388 419 421 quacumque
448 387 548 409 causa
579 376 740 408 criminali
770 377 821 409 uel
851 376 949 410 ciuili.
972 378 1141 420 occupari,
1172 378 1385 420 impignoravi
1408 375 1458 408 uel
1479 380 1634 410 arrestari
1656 380 1791 422 possint7
1822 380 1885 410 nisi
1906 380 2054 422 primitus

213 437 252 470 ab
277 437 443 470 abbatissa
465 439 586 469 eteius
616 436 814 469 ol'i‘ieialibus
844 439 970 469 iusticia
991 438 1148 480 requisita
1177 440 1208 468 et
1235 440 1403 474 recusata„
1433 436 1484 469 uel
1504 441 1654 481 patenter
1675 438 1846 470 maliciose
1874 442 2053 483 protracta,

213 498 266 531 vel
296 500 358 530 nisi
390 497 539 530 homines
570 499 630 541 ipsi
660 496 781 529 fuerint.
810 500 839 529 in
870 499 1007 529 crimine
1037 495 1254 540 deprebensig
1290 496 1346 529 sed
1386 501 1419 529 et
1451 501 1526 530 tunc
1547 508 1661 530 omnes
1682 498 1777 542 culpe
1807 501 1878 531 siue
1899 498 2052 539 emende„

212 561 242 591 in
278 557 395 603 quibus
433 558 515 590 tales
554 557 786 601 condempnati
824 556 961 591 suerint,
996 556 1157 589 dictarum
1193 556 1361 589 abbatisse
1397 561 1429 589 et
1463 558 1650 591 monialium
1693 558 1808 591 'vsibus
1847 558 2054 602 integraliter

211 619 428 663 applicenturq
459 621 554 662 prout
582 617 643 650 liec
673 620 780 649 onmia
811 620 841 649 in
872 617 975 649 literis
1006 619 1125 649 nostris
1154 616 1224 650 aliis
1253 617 1409 662 predictis
1439 617 1565 662 plenius
1593 622 1812 651 continentur.
1844 618 2054 664 Quapropter

213 677 306 711 vobis
336 680 502 711 vniuersis
532 682 564 710 et
591 677 729 721 siugulis
750 677 809 710 sub
831 676 964 709 obtentu
985 679 1099 720 gracie
1120 680 1224 720 regieis
1255 677 1406 710 districte
1435 678 1645 722 precipiendo
1675 678 1868 711 mandamus
1896 678 2051 712 volentes

210 741 342 771 omnino
379 739 549 778 Quatenus
585 741 818 771 monasterium
855 740 959 782 ipsum
996 748 1156 782 personas
1195 741 1226 770 et
1263 737 1367 774 bona„
1411 748 1464 770 res
1505 742 1537 770 et
1578 738 1726 771 homines
1766 741 1837 771 eius
1867 738 2053 771 huiusmodi

210 801 441 843 exempcionis
476 803 590 831 nostre
623 801 736 842 gracie
775 798 877 831 libere
913 802 944 830 et
981 801 1090 842 quiete
1119 798 1243 843 perfrui
1274 798 1509 842 pcrmittendm
1539 798 1577 831 ad
1613 799 1767 832 iudicium
1799 798 1883 831 zude
1912 801 1985 832 siue
2013 799 2054 832 ad

210 862 421 904 presenciam
451 863 608 896 vestram„
640 858 724 891 nulla
754 861 936 891 occasione
964 869 1126 903 personas
1156 863 1190 891 et
1218 858 1368 891 homines
1396 861 1499 904 ipsius
1530 862 1720 892 monasterii
1752 870 1904 904 vinquam
1925 870 2053 893 vocare

210 919 260 953 uel
291 919 422 952 trabere
451 922 659 964 presumatis.
690 919 741 951 uel
764 918 921 959 iudicare„
953 923 1008 952 aut
1028 921 1132 952 eciam
1153 922 1317 964 personis,
1348 918 1532 952 hominibus
1551 920 1605 953 vel
1625 919 1719 952 bonis
1741 919 1924 962 antedictis,
1953 919 2054 953 vllum

209 984 324 1013 contra
354 983 513 1025 premissa
546 979 598 1012 vel
626 990 739 1021 eornm
770 979 891 1023 aliquid
920 978 1044 1012 inferre
1072 990 1268 1023 grauamein
1299 984 1395 1024 prout
1424 980 1668 1024 priuilegiorum
1690 985 1719 1013 et
1742 979 1927 1013 libertatum
1955 982 2053 1024 regi-

209 1051 300 1073 arum
337 1041 517 1073 violatores
552 1043 718 1073 temerarii
754 1040 925 1073 nolueritis
962 1039 1117 1079 iudicari,
1157 1051 1196 1072 ac
1232 1039 1370 1085 proinde
1405 1051 1509 1085 penas
1537 1051 1555 1073 a
1583 1040 1678 1073 nobis
1708 1040 1834 1073 debitas
1864 1040 2050 1086 prestolari.

208 1100 333 1134 Harum
354 1105 553 1138 nostrarunn
585 1100 702 1146 quibus
724 1100 865 1144 sigillum
887 1103 1066 1133 maiestatis
1087 1104 1200 1133 nostre
1220 1111 1401 1145 appensum
1422 1105 1482 1141 est„
1512 1103 1699 1134 testimonio
1720 1101 1901 1134 literarum.
1931 1100 2052 1134 Datum

210 1161 317 1203 Frage
351 1161 478 1194 decima
515 1160 567 1193 die
603 1160 809 1206 Septembris
845 1171 933 1193 anno
969 1160 1090 1194 domini
1126 1161 1302 1194 millesimo
1339 1161 1589 1194 Trecentesimo
1630 1161 1886 1205 quadragesimo
1919 1164 2051 1195 octauo.

209 1221 399 1265 Regnorum
430 1225 617 1254 nostrorum
647 1232 735 1254 anno
766 1224 880 1254 tercio.

515 1300 599 1331 (Nacli
625 1300 683 1325 dem
710 1301 783 1329 Oris.
809 1300 841 1325 im
868 1300 1175 1325 l'ursterzbiscbossiclien
1202 1300 1318 1325 Arrhive
1342 1309 1372 1325 zu
1397 1300 1540 1328 Kremsier,
1565 1300 1777 1334 abgescliriebcn
1803 1301 1834 1326 Α.
1859 1300 1988 1332 [ΞΜ-κείς)

1081 1420 1187 1455 845.

209 1497 284 1530 Der
313 1498 447 1541 Prqqer
466 1496 823 1540 E1·:-l11‘s‹·l10fErnesl
852 1497 1017 1541 besta'le'gyl
1046 1498 1099 1531 die
1127 1509 1190 1531 ron
1220 1498 1291 1531 (lem
1315 1498 1486 1531 Olmillz-er
1504 1497 1667 1541 Bt'scliofe
1686 1498 1834 1535 Jolnnmq
1864 1498 1918 1531 als
1952 1498 2052 1533 Voll-

208 1558 364 1591 slivclcer
392 1558 450 1590 des
475 1557 688 1590 Testamenta·
716 1558 802 1591 nach
834 1558 1001 1591 Nikolans
1030 1558 1247 1594 Rolrezaner.
1275 1560 1484 1603 yelmffeneie
1522 1558 1755 1602 Verfi‘lyuugyen
1785 1558 1962 1603 bez-agylich
1991 1559 2052 1592 der

212 1619 393 1662 Grumlmigy
415 1618 480 1651 med
500 1618 670 1662 Dotirweq
690 1620 783 1651 eines
804 1618 1379 1652 Benedihtinei·-Nonuenhffosters
1407 1621 1439 1652 in
1467 1619 1571 1663 Pray.
1601 1618 1661 1652 Dt.
1683 1619 1810 1663 Frage,
1840 1619 1904 1653 XI.
1927 1621 2050 1653 mensis

775 1679 987 1723 Septembris
1018 1679 1098 1721 (⁷11.
1130 1679 1351 1723 September)
1384 1677 1492 1712 1348.

363 1753 452 1806 NOS
481 1773 669 1815 Ariiestiis‚
699 1773 751 1807 dei
780 1778 812 1807 et
840 1774 1031 1820 apostolicae
1060 1774 1149 1808 sedis
1182 1777 1290 1818 gratia
1319 1779 1441 1808 sanctae
1470 1773 1646 1818 pragensis
1676 1775 1832 1808 ecclesia·
1862 1774 2051 1820 archiepis-

209 1844 324 1878 copns.
347 1834 386 1867 ad
408 1836 638 1867 universorum
660 1837 863 1879 presentium
884 1837 1108 1880 inspectorum
1130 1835 1322 1868 deducimus
1352 1838 1508 1876 notitiam,
1538 1835 1623 1878 quod
1644 1835 1848 1868 venerabilis
1868 1838 1899 1868 in
1921 1834 2052 1868 Christo

208 1899 302 1939 pater
334 1899 366 1927 et
401 1894 550 1927 dominus
588 1894 738 1928 dominus
773 1894 946 1928 Joliannes
982 1899 1160 1941 episcopus
1197 1895 1429 1929 Olomucensis
1464 1894 1566 1928 frater
1594 1899 1707 1928 noster
1736 1895 1831 1928 nobis
1861 1895 2052 1940 significare

209 1957 352 1989 curavit.
390 1954 474 2000 quod
509 1954 629 1987 dudum
666 1955 759 1988 bona*
796 1959 962 1989 memoriae
997 1955 1156 1989 Nicolaus
1190 1955 1380 1990 Romane&
1421 1955 1582 2000 quondam
1621 1958 1704 1988 civis
1740 1957 1873 1999 majoris
1909 1958 2052 1989 civitatis

211 2014 401 2059 Pragensis„
432 2015 506 2048 dum
536 2015 641 2048 adbuc
671 2020 787 2060 ageret
815 2019 845 2049 in
874 2015 1025 2050 humanis
1053 2017 1160 2050 locum
1190 2017 1329 2062 aliquem
1358 2016 1548 2060 religiosum
1569 2018 1707 2061 cupiens
1737 2021 1869 2050 terrena
1897 2021 1928 2050 et
1957 2020 2053 2050 tran-

209 2079 319 2109 sitoria
358 2087 415 2121 pro
450 2078 582 2109 aeternis
620 2076 707 2109 felici
743 2080 944 2110 commercio
982 2082 1185 2111 commutare
1218 2081 1421 2122 conceperat
1455 2080 1487 2109 et
1522 2081 1745 2121 proposuerat
1777 2088 1815 2110 ac
1851 2079 1985 2110 omnino
2018 2079 2052 2110 in

210 2138 319 2169 animo
354 2147 414 2168 suo
450 2135 643 2169 firmaverat
675 2147 733 2181 pro
768 2148 835 2170 suae
871 2142 904 2171 et
938 2140 1188 2183 progenitorum
1217 2148 1350 2171 suorum
1385 2139 1565 2170 animarum
1595 2141 1875 2182 peccatorumque
1903 2137 2051 2171 remedio

210 2201 242 2229 et
270 2196 376 2229 salute
405 2201 602 2230 construere
630 2201 663 2230 et
692 2197 831 2231 fundare
860 2201 1032 2243 ipsumque
1061 2209 1121 2243 pro
1149 2209 1209 2233 suo
1237 2209 1337 2244 posse
1365 2197 1478 2231 dotare
1502 2201 1534 2230 et
1555 2196 1669 2239 ditare,
1699 2197 1786 2242 quod
1815 2202 1924 2231 tamen
1952 2197 2052 2231 infir-

210 2259 321 2289 mitate
357 2261 388 2289 et
424 2257 553 2290 demum
589 2261 694 2290 morte
729 2263 919 2303 praeventus
948 2269 1012 2292 non
1042 2258 1201 2304 perfecit,
1231 2262 1294 2292 imo
1323 2269 1385 2291 nec
1419 2259 1516 2290 etiam
1550 2257 1730 2292 inchoavit.
1785 2257 1912 2299 Nolens
1940 2263 2051 2292 tamen

211 2319 281 2360 ipse
315 2316 490 2353 Nicotaus.
526 2322 561 2351 ut
595 2320 646 2351 sui
682 2318 837 2352 desiderii
871 2322 1043 2365 proposito
1071 2318 1286 2353 frustraretur
1312 2318 1365 2352 vel
1394 2320 1426 2351 in
1455 2318 1563 2362 aliquo
1591 2317 1819 2362 fraudaretur,
1853 2319 1911 2352 sed
1940 2322 2052 2364 potius

213 2380 404 2410 executioni
426 2378 650 2419 mandaretur7
680 2378 755 2411 licet
786 2379 933 2412 infirmus
963 2390 1104 2424 corpore
1133 2384 1164 2412 et
1178 2383 1224 2413 «in
1253 2380 1337 2413 lecto
1365 2378 1566 2421 aegritudinis
1587 2382 1796 2415 constitutus.
1826 2382 1857 2412 in
1879 2390 1943 2425 quo
1962 2379 2052 2412 fina-

204 2436 286 2475 liter
314 2447 444 2470 eursum
474 2450 541 2471 siue
569 2441 647 2472 vitae
675 2438 790 2481 linivit„
821 2450 921 2473 sanus
942 2444 1052 2473 tamen
1073 2444 1104 2473 et
1132 2443 1264 2484 integer
1282 2442 1391 2472 mente
1411 2442 1637 2471 testamentum
1659 2440 1814 2485 condidit„
1845 2444 1876 2473 et
1903 2439 2051 2483 ejusdem

216 2500 403 2529 testamenti
435 2501 666 2532 executionem
696 2499 782 2532 dicto
812 2500 944 2533 domino
973 2502 1131 2545 episcopo
1152 2500 1364 2533 Olomucensi
1392 2497 1484 2531 fratri
1506 2503 1620 2532 nostro
1640 2503 1815 2539 commisitq
1846 2502 2053 2533 constituens

216 2561 247 2589 et
275 2556 436 2602 deputans
473 2571 544 2591 oum
582 2561 796 2604 principalem
833 2565 865 2593 et
900 2560 1079 2605 specialem
1116 2565 1330 2594 executorem
1368 2569 1436 2591 sure
1464 2563 1621 2592 extremae
1652 2565 1684 2593 et
1712 2561 1830 2593 ultimae
1858 2560 2050 2601 voluntatis,

212 2627 336 2661 rogans
365 2621 396 2650 et
425 2617 609 2662 deprecans
639 2623 722 2653 inter
751 2625 861 2653 cetera
892 2620 1033 2654 eundem
1063 2620 1228 2654 dominum
1258 2622 1463 2665 episcopum7
1492 2623 1525 2652 ut
1553 2624 1769 2664 praetaxatum
1799 2631 1892 2654 suum
1921 2630 2051 2666 propo-
