2184 2828
85 227 289 260 Fundatores
317 236 406 270 saepe
435 224 510 258 dicti
540 224 746 270 ttlonasterij„
775 229 830 259 aut
858 225 940 259 alter
959 227 1157 270 quicunque.
1179 227 1239 270 ipsi
1261 224 1464 260 Monasterio
1487 226 1546 261 sub
1568 230 1681 273 specie
1707 228 1926 265 defensionis.

87 288 139 321 vel
169 288 229 321 alia
259 288 377 330 quavis
407 288 587 318 occasione
616 286 714 319 ullam
742 285 849 320 infere
878 290 1001 331 queant
1028 285 1198 319 offensam.
1229 285 1265 319 In
1294 297 1357 330 quo
1387 290 1412 319 si
1442 299 1540 321 secus
1568 288 1675 330 fieret.
1706 289 1746 321 ad
1776 288 1857 329 Nos.
1896 294 1927 323 et

83 348 306 381 Successores
327 345 467 379 Nostros
488 345 621 379 debebit
641 345 753 380 haberi
773 357 942 380 recursus.
974 346 1165 380 pra—missas
1186 349 1308 392 itaque.
1330 346 1596 393 Exemptioneim
1619 352 1650 382 et
1670 348 1925 389 libertatmnem.

83 419 121 442 ac
150 406 280 440 Gratias
309 409 370 451 ipsi
400 405 614 441 MonasteriO.
644 418 707 440 nec
726 418 793 440 non
812 406 1015 449 Abbatissae‚
1036 411 1067 440 et
1088 406 1297 440 Monialibus.
1320 410 1519 453 caeterisque
1539 409 1704 454 personis.
1727 409 1925 453 bominibus,

83 472 115 501 et
143 466 240 500 bonis
270 468 342 510 ejus
370 466 546 512 praedictiS.
577 466 793 512 praesentihus
822 467 988 510 videlicet.
1017 471 1049 501 et
1077 466 1206 509 futuris7
1241 478 1302 512 per
1335 467 1423 505 Nos.
1459 473 1490 501 et
1524 469 1751 503 Successores
1786 469 1925 504 Nostros

82 527 196 572 Reges
225 526 394 560 Bohemiae
423 530 641 572 promittimus
670 527 756 561 bona
785 527 849 561 fide
878 530 1049 574 perpetuis
1079 527 1282 573 temporibus
1311 527 1547 562 inviolabiliter
1567 530 1754 564 observari.
1787 530 1925 564 Deinum

81 591 189 621 omnia
224 587 329 630 bona,
364 587 546 629 Baronum.
584 588 637 621 vel
668 588 814 622 Civium.
851 594 905 622 aut
938 590 1091 625 aliorum,
1130 599 1200 633 qua?
1235 588 1380 633 prfefatae
1416 588 1578 623 Moniales
1613 591 1652 623 ad
1687 590 1925 624 Monasteriuin

80 659 174 681 suum
204 648 403 691 donationis,
433 648 486 681 vel
518 651 707 693 emptionis.
738 659 796 681 seu
833 649 1007 693 legationis
1044 650 1133 682 titulo
1166 648 1384 684 obtinuerint..
1418 650 1473 683 vel
1507 654 1750 693 contraxerint.
1786 655 1859 685 sive
1895 656 1925 686 in

81 708 294 751 Civitatibus,
333 708 439 743 vittis,
475 708 627 753 oppidis,
657 711 774 753 curiis,
804 709 983 753 Ecclesijs.
1014 709 1142 755 Sylvis‚
1172 709 1433 755 piscationibus.
1464 714 1583 755 pratis.
1614 715 1756 756 campis.
1792 715 1865 746 sive
1894 715 1925 746 iu

85 769 158 813 alijs
187 768 435 813 quibuscunque
465 768 576 807 rebus.
606 773 637 802 et
666 768 882 814 proventibus
912 769 1105 812 habeantur.
1136 775 1253 803 cuncta
1283 773 1362 816 ipsis
1393 770 1610 809 Monialibus,
1647 776 1677 804 et
1711 784 1822 806 earum
1860 784 1925 818 po-

80 832 189 865 steris.
220 829 305 862 bona
326 828 511 873 hujusmodi
533 840 605 862 cum
627 829 777 862 omnibus
798 830 997 868 utilitatibus,
1021 835 1051 864 et
1073 830 1329 864 obventionibus
1350 831 1543 868 eorundem.
1567 831 1606 864 ad
1628 843 1705 865 usus
1726 833 1922 867 Abbatissa’.

82 894 113 923 et
144 889 346 931 Monialium.
376 893 408 922 et
435 888 628 933 Monasterij
658 889 816 935 praeffictt,
847 894 896 924 eis
925 893 956 924 in
988 895 1178 936 perpetuum
1208 890 1411 925 conferimus
1435 893 1511 935 jure
1532 891 1752 926 baereditario.
1775 893 1815 926 ab
1837 897 1922 927 omni

80 953 254 992 servitute.
276 954 307 982 et
326 960 429 983 onere
449 960 582 995 semper
603 950 717 983 libera.
739 955 771 983 ut
792 951 989 996 praedicitur,
1012 952 1222 996 possidenda.
1255 951 1359 992 Quam
1381 951 1603 986 donationem.
1627 957 1658 986 et
1678 953 1922 988 libertationem

80 1010 118 1044 ad
149 1021 264 1043 omnes
294 1009 450 1043 Posteros
484 1009 623 1043 Nostros
658 1011 792 1044 extendi
827 1011 978 1045 volumus
1011 1015 1042 1045 in
1076 1011 1125 1045 bis
1159 1014 1306 1058 scriptis.
1343 1012 1538 1056 adjicientes
1573 1013 1800 1047 nibilominus.
1838 1015 1924 1059 quod

80 1071 271 1117 praedictum
301 1070 540 1104 Monasterium
572 1082 644 1104 cum
681 1071 832 1104 omnibus
866 1074 935 1105 suis
974 1076 1036 1105 tam
1073 1072 1192 1109 rebus.
1227 1083 1322 1117 quam
1359 1076 1533 1118 personis.
1568 1077 1672 1111 ouini.
1711 1079 1742 1108 et
1781 1079 1924 1109 maxima

82 1130 240 1164 libertatis
269 1134 438 1177 perpetuis
467 1132 670 1177 temporibus
699 1132 760 1165 frui
792 1132 910 1165 debeat
939 1136 1057 1177 gratia.
1087 1138 1120 1167 et
1147 1134 1306 1178 gaudere.
1338 1146 1409 1179 qua¹
1438 1145 1497 1179 per
1517 1133 1598 1168 Nos.
1630 1138 1703 1169 sive
1724 1135 1924 1169 Pra·deces-

79 1202 175 1225 sores
203 1191 344 1225 Nostros
373 1202 515 1236 unquam
545 1195 576 1225 in
607 1192 725 1236 Regno
755 1192 922 1226 8011911113λ
942 1197 1092 1239 cuiquam
1114 1194 1321 1239 dignoscitur
1340 1206 1419 1228 csse
1440 1195 1539 1228 sacta.
1572 1195 1622 1229 Ad
1645 1207 1741 1241 quam
1764 1196 1925 1230 libertatis

78 1255 232 1296 gratiam.
268 1255 374 1297 ipsum
411 1252 629 1298 praesentibus
665 1253 705 1286 de
740 1258 830 1286 certa
865 1256 1003 1286 seientia
1039 1254 1283 1288 confirmamus.
1340 1255 1539 1289 Mandautes
1573 1259 1739 1290 universis
1774 1257 1925 1290 fidelibus

78 1311 209 1346 Nostris
239 1311 434 1345 Baronibus.
465 1312 650 1346 Nobilibus.
684 1314 829 1346 vasallis.
860 1314 1045 1355 clientibus,
1077 1315 1315 1360 Burggravijs.
1345 1316 1555 1360 Justiciarijs.
1586 1316 1724 1351 Villicis.
1755 1317 1925 1351 Judicibus

74 1374 204 1416 juratis.
235 1377 265 1406 et
295 1373 439 1407 civibus.
469 1376 667 1418 caeterisque
697 1373 902 1407 (⁷)t'ticialibus
932 1374 1072 1409 Nostris.
1103 1380 1133 1408 et
1162 1376 1300 1410 subditis
1330 1380 1383 1422 qui
1413 1381 1497 1414 sunt.
1529 1382 1561 1411 et
1589 1381 1642 1423 qui
1680 1389 1738 1423 pro
1774 1383 1925 1424 tempore

82 1432 215 1472 suerint,
245 1432 496 1478 quibuscunque
525 1439 726 1467 censeantur
755 1434 953 1470 nominibus.
983 1440 1016 1469 et
1045 1437 1270 1481 cujuscunque
1299 1437 1478 1482 dignitatis.
1509 1439 1719 1474 conditionis.
1742 1443 1796 1472 aut
1817 1443 1922 1472 status

82 1496 239 1535 existant.
270 1498 302 1527 et
330 1493 390 1527 sub
420 1494 553 1527 obtentu
583 1498 696 1539 gratia*
726 1495 854 1528 Nostra·
884 1496 1030 1529 tirmiter.
1060 1501 1091 1529 et
1119 1497 1287 1534 districte.
1323 1509 1365 1531 ne
1399 1509 1596 1544 quocunque
1629 1499 1742 1533 colore
1774 1503 1922 1543 quaesito.

80 1553 218 1593 directe,
248 1554 302 1587 vel
331 1554 507 1588 indirecte.
538 1555 808 1601 Exemptionem.
840 1561 870 1589 et
900 1556 1137 1590 libertationem
1176 1561 1365 1603 praemissas
1394 1564 1595 1605 praesumant
1629 1559 1832 1604 infringere.
1868 1561 1922 1594 vel

79 1619 155 1647 ante
184 1614 303 1647 dictum
333 1614 570 1648 Monasterium
600 1627 774 1661 personas.
804 1617 858 1650 vel
889 1616 973 1650 bona
1003 1619 1075 1660 ejus
1096 1629 1300 1664 quincunque
1320 1624 1433 1653 contra
1456 1625 1603 1654 tenorem
1629 1632 1741 1654 earum
1763 1623 1793 1654 in
1815 1621 1923 1666 aliquo

78 1675 267 1711 molestare„
299 1680 393 1721 prout
421 1676 679 1719 indignationem
717 1677 871 1715 Regiam.
910 1682 939 1710 et
977 1678 1153 1712 districtam
1188 1683 1318 1713 evitare
1353 1680 1518 1714 voluerint
1554 1682 1720 1715 ultionem.
1778 1682 1812 1715 Si
1847 1682 1923 1727 quid

78 1739 186 1768 autem
215 1740 331 1769 contra
360 1740 542 1781 pra‘missa.
572 1738 625 1770 vel
648 1740 790 1782 ipsorum
812 1739 953 1782 aliquod.
984 1742 1015 1772 in
1044 1740 1267 1784 praejudicium
1298 1752 1386 1786 swpe
1406 1741 1481 1775 dicti
1503 1742 1697 1786 Monasterij
1720 1742 1921 1784 Abbatissze.

79 1794 280 1838 Montanum.
311 1807 542 1842 personarum.
573 1798 626 1831 vel
658 1797 816 1831 bonorum
847 1800 918 1842 ejus
954 1811 1012 1844 per
1046 1803 1231 1846 quempiam
1267 1804 1445 1846 contigerit
1479 1805 1684 1848 attemptari.
1722 1802 1783 1835 boc
1820 1807 1921 1836 totum

80 1866 121 1888 ex
151 1860 237 1899 tunc.
269 1861 364 1902 prout
391 1868 434 1890 ex
462 1869 551 1891 nunc
580 1861 703 1891 irritum
733 1870 809 1892 esse
838 1859 1057 1893 decernimus.
1089 1865 1121 1893 et
1149 1863 1259 1895 inane.
1290 1862 1326 1895 In
1356 1864 1450 1905 cujus
1479 1866 1526 1896 rei
1561 1868 1727 1909 perpetua¹
1763 1863 1922 1897 firmitatis

83 1918 247 1958 vigorem.
278 1922 309 1951 et
339 1928 381 1951 ne
411 1929 511 1963 super
540 1922 727 1964 prwniissis.
758 1920 811 1952 vel
841 1923 983 1964 ipsorum
1014 1921 1121 1965 aliquo
1152 1922 1247 1955 ullum
1278 1925 1492 1968 imposterum
1522 1935 1582 1969 per
1611 1926 1796 1969 quempiam
1818 1927 1922 1968 possit

82 1974 212 2009 dubium
242 1977 396 2020 suboriri,
430 1984 612 2024 praesentes
647 1980 761 2013 literas
795 1980 885 2013 lieri.
922 1985 953 2013 et
988 1980 1113 2014 Nostra·
1148 1981 1332 2026 Majestatis
1368 1983 1483 2028 Sigttto
1517 1986 1678 2028 jiissimus
1714 1987 1920 2017 communiri.

85 2035 170 2068 Acta
211 2042 284 2070 sunt
324 2037 393 2071 liaec
435 2038 550 2083 Pragae
595 2039 814 2084 pra’sentibus
849 2039 1104 2074 Venerabilibus
1142 2042 1284 2075 Gerlaco
1320 2043 1531 2087 tttognnuno.
1575 2049 1605 2078 et
1641 2045 1786 2078 [λι-110511)
1823 2044 1920 2087 Prag:

86 2094 307 2130 Ecclesiarum
344 2098 683 2145 Archi-Episcopis.
719 2112 756 2133 ac
793 2100 912 2134 lllustri
949 2101 1121 2146 Rudolpbo
1158 2102 1250 2136 Duce
1287 2103 1463 2138 Saxoniw.
1509 2109 1540 2138 ct
1583 2104 1772 2137 Venerabili
1810 2104 1922 2138 Ulrico

84 2154 248 2201 Episcopo
277 2156 438 2192 Curiensi.
470 2160 676 2206 Principibus
705 2161 836 2194 Nostri>v
866 2161 1002 2203 dilectis7
1042 2162 1230 2208 devotoque
1265 2163 1386 2198 Nostro
1425 2165 1570 2198 Henrico
1607 2165 1787 2209 Pru-posito
1823 2164 1919 2209 Prag.

83 2214 218 2249 Notario
247 2216 358 2251 Terra}
388 2219 495 2264 Regni
527 2220 711 2254 Bobeniiw.
749 2227 845 2267 atque
884 2222 1031 2255 fidelibus
1067 2222 1197 2255 Nostris
1235 2223 1411 2258 Wilhelmo
1448 2226 1488 2259 de
1524 2225 1700 2259 Landstein
1740 2224 1921 2270 Capitaneo

80 2275 251 2311 Moraviae.
282 2278 416 2312 Andrea
447 2281 488 2314 de
516 2281 610 2314 Duba
648 2282 791 2315 Zudario
832 2282 925 2319 l'raff.
963 2282 1132 2328 Stephano
1167 2284 1207 2316 de
1244 2284 1445 2327 Sternberff.
1482 2286 1649 2319 Josstwne
1684 2285 1724 2318 de
1759 2285 1921 2320 Krawarz

81 2335 272 2369 Camerario
302 2336 524 2383 Olomucensi,
555 2341 726 2387 Stephano
755 2342 795 2375 de
825 2342 1013 2385 Camenicz,
1043 2343 1212 2377 Jesskone
1241 2345 1281 2378 de
1310 2345 1520 2380 Boskowicz.
1543 2345 1701 2379 Wolzone
1730 2346 1771 2379 de
1791 2345 1921 2380 Holen-

83 2399 180 2435 stein.
211 2401 241 2430 et
277 2397 347 2430 aliis
382 2399 526 2443 pluribus
562 2402 624 2435 side
660 2403 780 2445 dignis.
838 2403 956 2436 Datum
993 2404 1109 2443 Anno,
1146 2404 1337 2448 Millcsimo7
1377 2409 1626 2448 trecentesimo,
1664 2406 1920 2452 quadragesimo

82 2461 215 2490 octavo.
248 2457 431 2491 Indictione
460 2463 572 2504 prima,
604 2462 636 2495 6.
668 2463 805 2496 Kalend.
837 2463 1053 2508 Septembris.
1085 2464 1276 2508 Regnorum
1306 2471 1491 2500 nostrorum
1522 2469 1628 2500 tertio.

387 2520 577 2553 (Aligedruckt
600 2523 641 2549 bei
667 2524 903 2550 llammersrluuidt
929 2525 1043 2550 ..biston
1070 2522 1144 2555 mou‘f
1165 2527 1192 2551 S.
1218 2527 1329 2560 Spiritus
1354 2528 1444 2561 Praga·
1473 2527 1562 2554 1715.
1603 2528 1630 2554 S.
1666 2528 1723 2554 133
1759 2530 1830 2554 &c.“
1856 2528 1920 2554 Eine

490 2572 578 2599 bobm.
604 2575 806 2605 Uelina-semma
831 2585 877 2602 aus
901 2577 960 2602 dein
980 2577 1046 2603 XVl.
1072 2576 1162 2603 dete.
1189 2579 1212 2603 111
1237 2578 1296 2603 dem
1320 2579 1475 2611 Fragniente
1501 2580 1575 2605 eines
1600 2580 1700 2606 alteren
1719 2581 1921 2614 Copiarbucbes

490 2625 513 2649 111
539 2625 586 2650 der
610 2627 762 2659 Sammlung
788 2630 835 2653 des
861 2631 892 2654 A.
919 2628 1024 2654 Boczek
1049 2630 1081 2654 im
1106 2630 1188 2655 malis.
1215 2630 1302 2657 stand.
1328 2631 1539 2656 Laudesarctiive
1564 2640 1588 2657 n.
1615 2632 1721 2661 2559.)

1716 2682 1774 2710 τω
