2184 2828
1041 107 1116 142 828

1032 275 1138 311 227.

153 357 267 401 Kom'y
295 357 432 391 Joleann
465 368 529 390 ron
563 356 714 390 Bo'hmen
747 359 914 399 yestattet
952 356 1014 388 deu
1050 352 1208 387 Brildern
1236 352 1421 386 Berulmrd
1453 353 1519 386 und
1551 353 1715 393 Mathias,
1745 353 1903 397 Brit-{seru
1931 364 1995 386 von

154 417 283 453 Brmm.
313 418 377 451 den
396 418 542 460 Anlmuf
562 418 655 450 eines
680 419 714 450 in
737 409 914 450 (jer-nomio
939 415 1126 459 yeleyenen
1152 414 1272 457 Hofes.
1304 413 1385 447 Dlo.
1410 413 1560 456 Brmme,
1588 413 1651 448 XI.
1686 413 1832 447 Kalend.
1866 413 2000 458 Aprilis

890 476 970 519 (22.
1000 475 1120 517 Mara)
1153 474 1264 508 1325.

308 548 397 600 Nos
425 565 596 600 Joliannes
625 564 677 598 dei
703 567 818 609 gracia
844 563 984 597 Bocmie
1011 566 1042 595 et
1066 561 1204 595 Polonie
1228 560 1317 599 Rex,
1345 571 1384 593 ac
1403 558 1702 604 Lucemburgensis
1723 559 1854 603 Comes,
1874 559 1994 594 Notum

151 625 290 660 facimus
319 631 434 660 tenore
453 628 665 672 presencium
695 627 871 664 vniuersis,
905 622 999 664 Quod
1029 633 1090 656 nos
1119 633 1159 655 ea
1187 631 1251 667 que
1280 620 1388 654 dilecti
1416 620 1513 654 nobis
1532 620 1762 654 Wernhardus
1793 624 1826 653 et
1855 617 1998 654 Mathias

152 686 281 725 fratres,
312 686 411 721 Ciues
440 689 545 721 nostri
574 686 767 720 Brunenses
797 684 896 718 nobis
926 682 1161 724 exhibuerunt,
1191 686 1223 715 ct
1248 680 1408 715 exhibere
1433 685 1587 726 poterunt
1610 683 1751 715 seruicia
1772 679 1997 723 attendentes,

150 747 235 793 Ipsis
273 747 313 781 de
356 747 550 781 liberalitate
585 746 693 791 Regia
731 745 969 789 indulgemus.
1012 743 1098 789 quod
1140 742 1271 776 Curiam
1310 744 1341 775 in
1378 741 1455 775 villa
1490 740 1717 775 Schirnawicz
1756 744 1863 784 sitam,
1901 751 1998 786 quam

151 807 315 853 quondam
353 806 587 841 Wernliardus
624 807 770 843 Institor,
809 804 920 838 Socer
956 806 1058 849 ipsius
1088 802 1225 845 Mathia,
1263 805 1334 835 iure
1371 801 1571 836 hereditario
1603 805 1717 844 tenuit,
1754 806 1786 835 et
1822 801 1862 834 ad
1895 804 2000 847 ipsam

151 879 252 912 agros
280 867 401 902 ibidem
431 880 449 902 a
477 867 670 914 quibusdam
709 866 906 910 sagittarijs,
942 867 996 909 qui
1030 864 1160 898 villicos
1196 863 1400 905 Brunenses,
1437 865 1582 907 ipsorum
1617 873 1772 906 agrorum
1806 864 2000 904 occasione,

149 939 217 962 non
244 929 342 963 11111115
372 930 525 972 seruicijs
553 930 800 962 consueueruut
828 927 1016 970 respicere,
1046 927 1131 958 iusto
1165 925 1359 969 conparauit
1393 922 1497 968 tytulo
1531 925 1727 969 empcionis,
1757 921 1894 956 liberam
1925 932 2001 955 cum

150 992 219 1023 51115
255 988 448 1024 Vtilitatibus
487 987 713 1023 vsufructibus
752 989 843 1032 agris
880 985 1057 1032 predictis,
1096 988 1128 1018 et
1165 984 1237 1027 alijs
1275 986 1343 1018 suis
1381 984 1595 1028 pertinencijs
1632 982 1894 1028 quibuscumque
1938 984 2001 1028 ipsi

148 1049 304 1093 heredes,
334 1054 366 1083 et
394 1059 614 1085 successores
643 1059 756 1082 eorum
787 1052 904 1081 tenere
934 1050 1096 1092 perpetuo
1125 1043 1268 1090 debeant
1304 1049 1337 1077 et
1364 1043 1499 1086 hahere,
1527 1042 1575 1077 Ita
1602 1042 1688 1088 quod
1718 1042 1758 1076 de
1787 1045 1859 1088 ipsa
1888 1041 2000 1085 Curia,

149 1115 181 1144 et
215 1113 305 1155 agris
338 1110 507 1156 prelibatis
542 1121 616 1143 cum
653 1112 773 1143 ceteris
817 1111 886 1143 suis
921 1107 1140 1152 pertinencijS
1175 1104 1262 1139 nulla
1298 1103 1405 1147 nobiS,
1439 1102 1614 1137 heredibus
1652 1104 1706 1137 vel
1743 1101 2000 1137 successoribus

149 1174 285 1211 nostris,
324 1171 512 1217 Capitaneis
548 1169 712 1211 Moravie,
751 1169 808 1203 vel
848 1171 953 1202 eciam
993 1166 1111 1201 villicis
1144 1164 1385 1205 Brunensibus,
1424 1167 1478 1209 qui
1513 1175 1600 1198 nunc
1636 1168 1721 1203 sunt,
1761 1163 1816 1197 vel
1853 1165 1907 1207 qui
1940 1172 2001 1208 pro

148 1236 298 1277 tempore
326 1231 460 1274 fuerint,
489 1231 648 1277 specialia
677 1234 710 1263 et
738 1234 887 1275 tempore
923 1227 1146 1273 predictorum
1183 1228 1431 1270 sagittariorum
1465 1228 1624 1259 consuetu
1652 1223 1722 1257 fieri
1751 1225 1907 1266 seruicia,
1937 1222 2002 1257 de—

147 1291 250 1325 beant
286 1294 448 1326 secuturis
482 1290 684 1337 temporibus
718 1289 897 1324 exhibere.
941 1288 979 1322 ln
1017 1290 1110 1321 001115
1147 1290 1196 1320 101
1231 1288 1452 1320 testimonium
1487 1289 1662 1330 presentes
1699 1285 1827 1318 litteras
1862 1283 1935 1317 fieri
1969 1287 2003 1317 et

149 1353 258 1397 sigillo
287 1356 401 1386 nostro
430 1354 588 1386 iussimus
617 1352 826 1384 communiri.
857 1349 979 1383 Datum
1008 1347 1144 1382 Brunne
1180 1346 1239 1380 XI.
1268 1345 1409 1380 Kalend.
1440 1345 1575 1391 Aprilis,
1604 1345 1703 1379 Anno
1738 1344 1859 1379 domini
1887 1342 2002 1378 Mille-

149 1416 231 1447 simo
261 1412 527 1455 Trecentesimo,
557 1414 718 1446 vicesimo
749 1410 883 1452 Quinto.

460 1491 527 1521 (Das
558 1492 633 1524 Orig.
673 1490 718 1515 aus
746 1490 822 1523 Pcrg.
863 1490 908 1514 mit
939 1490 1025 1514 einem
1059 1486 1182 1513 ziemlich
1216 1486 1288 1512 wohl
1321 1485 1477 1511 erlialtenen
1507 1483 1701 1518 Doppelsigille
1739 1484 1773 1509 im
1802 1483 1920 1510 Archive
1953 1482 2003 1509 der

562 1543 642 1569 Abtei
666 1543 791 1575 unigeni,
816 1541 843 1567 F.
871 1541 895 1567 d,
922 1540 953 1567 11.
981 1540 1024 1571 2.)

1019 1694 1126 1729 228.

146 1777 260 1821 Kom'q
286 1777 423 1810 Johazm
451 1787 514 1809 von
543 1775 695 1809 Bolmeen
724 1774 889 1818 bestatiyt
927 1749 999 1806 dem
1028 1772 1188 1805 Bramzet·
1216 1770 1352 1814 Bar-(jer
1380 1769 1533 1803 Malln'as
1566 1768 1628 1801 den
1656 1769 1689 1800 in
1721 1760 1898 1800 Cernowz'c
1926 1777 2001 1799 αη-

229 1837 414 1882 qelcauslen
442 1836 522 1880 Hof.
552 1835 634 1869 Dto.
665 1837 698 1868 ’ἱιι
728 1835 847 1868 Broda
879 1833 1084 1878 anyaricali,
1114 1832 1162 1865 II.
1195 1831 1339 1865 Kalend.
1371 1830 1505 1875 Aprilis
1535 1828 1615 1871 (31.
1643 1828 1764 1870 Ms'tssrz)
1796 1826 1907 1861 1325.

303 1906 393 1959 Nos
422 1923 594 1958 Johannes
627 1922 680 1956 (101
715 1926 830 1967 gracia
863 1921 1003 1955 Boemie
1037 1925 1071 1954 et
1102 1919 1240 1954 Polonic
1273 1919 1360 1961 Rex,
1399 1929 1438 1951 ac
1465 1915 1763 1959 Lucemburgensis
1793 1913 1926 1957 Comes,
1956 1912 1998 1947 ad

145 1990 379 2021 vniuersorum
408 1987 562 2019 noticiam
590 1984 741 2018 volumus
770 1988 892 2017 tenore
932 1983 1145 2028 presencium
1174 1981 1364 2026 peruenire,
1393 1977 1488 2019 Quod
1516 1980 1590 2023 quia
1617 1975 1766 2009 Dilectus
1795 1974 1891 2009 nobis
1921 1973 2002 2008 Ma-

145 2046 252 2084 thias,
291 2045 380 2080 Ciuis
418 2050 533 2080 noster
570 2044 749 2078 Bruncnsis
787 2043 958 2090 quandam
996 2041 1126 2076 Curiam
1169 2044 1201 2074 in
1238 2039 1470 2074 Schirnawicz
1508 2041 1598 2071 tenet
1635 2040 1667 2069 et
1704 2035 1869 2081 possidet,
1903 2045 2000 2080 quam

146 2107 310 2153 quondam
348 2105 593 2148 VVernhardus,
631 2104 780 2141 Jiistitoi',
828 2104 918 2138 Ciuis
954 2102 1151 2141 Brunensis,
1190 2112 1287 2136 socer
1325 2102 1441 2145 ipsius,
1483 2100 1554 2131 iure
1589 2095 1791 2129 hereditario
1829 2098 1934 2129 tenuit
1970 2099 2004 2128 et

144 2168 307 2214 possedit,
337 2172 368 2200 et
397 2167 437 2200 ad
467 2166 606 2200 eandem
636 2176 747 2210 agros,
778 2164 999 2212 quorumdam
1030 2163 1299 2207 Sagittariorum,
1335 2160 1465 2204 Regum
1498 2162 1530 2191 et
1555 2157 1666 2201 Regni
1693 2156 1832 2190 Boemie
1860 2157 2001 2201 specia—

144 2228 222 2262 lium
250 2231 460 2270 seruitorum,
491 2229 674 2273 empcionis
704 2227 813 2271 tytulo
842 2227 1051 2271 conparauit,
1086 2222 1157 2257 Nos
1192 2222 1231 2256 ad
1270 2223 1374 2267 ipsius
1402 2218 1524 2253 Mathie
1557 2222 1589 2251 et
1616 2216 1768 2261 Mauricij
1801 2227 1840 2250 ac
1867 2215 2002 2249 Wern-

144 2289 249 2325 hardi,
278 2288 416 2322 fratrum
447 2298 593 2330 suorum,
623 2287 750 2320 Ciuium
779 2286 1020 2323 Brnnensium,
1049 2283 1146 2318 nobis
1177 2283 1372 2316 dilectorum
1397 2283 1492 2324 grata
1518 2282 1549 2311 et
1575 2282 1710 2323 accepta
1732 2276 1830 2311 nobis
1851 2275 2001 2310 exhibita

146 2354 179 2383 et
206 2348 395 2383 exhibenda
425 2351 566 2383 seruicia
595 2352 708 2382 nostre
737 2347 884 2381 liberalis
914 2345 1147 2380 munificencie
1176 2343 1292 2377 oculos
1321 2343 1566 2381 conuertenteS,
1596 2337 1735 2372 eandem
1766 2336 1898 2371 Curiam
1923 2346 1998 2370 curn

147 2409 298 2444 omnibus
326 2413 394 2443 suis
425 2408 653 2455 prouentibus,
681 2419 720 2441 ac
744 2409 970 2453 pertinenciis
990 2416 1128 2453 prorsus
1154 2403 1289 2438 liberam
1316 2401 1376 2437 sibi
1402 2400 1529 2442 damus,
1557 2398 1758 2432 conferimus
1786 2402 1817 2431 et
1841 2397 2002 2431 donamus

151 2469 327 2504 tenendam
356 2474 387 2502 et
416 2469 600 2503 habendam
630 2479 689 2515 per
717 2479 791 2502 cum
824 2480 863 2502 ac
896 2477 1114 2502 successores
1143 2476 1221 2499 suos
1249 2467 1320 2497 iure
1347 2459 1557 2497 hereditario,
1588 2470 1627 2492 ac
1655 2462 1887 2504 inperpetuum
1916 2467 2003 2503 pos-

148 2530 329 2566 sidendam.
361 2529 492 2564 Dantes
522 2532 570 2563 eis
599 2534 631 2563 et
658 2531 837 2573 vnicuique
871 2538 986 2562 eorum
1015 2530 1117 2573 ipsam
1148 2525 1280 2559 Curiam
1314 2519 1491 2561 vendendi,
1525 2519 1692 2564 obligandi
1720 2517 1940 2565 permutandi,
1969 2521 2001 2550 et

146 2595 180 2626 in
208 2602 289 2626 Vsus
317 2600 395 2625 suos
438 2595 601 2635 tamquam
640 2601 709 2623 rem
746 2592 913 2635 propriam
953 2586 1182 2628 conum-tendi,
1220 2585 1274 2619 vel
1304 2585 1372 2629 quit
1408 2580 1484 2626 quid
1518 2580 1604 2613 aliud
1638 2583 1698 2623 015,
1733 2579 1788 2613 vel
1821 2580 2000 2624 vnicuique
