2184 2828
986 104 1060 138 947

96 219 251 254 deficiant
278 223 311 252 et
340 222 542 254 necessariis
570 221 717 265 gaudeat
744 220 844 255 rebus
868 225 1024 267 quantum
1051 221 1080 255 id
1106 224 1312 267 oportunitas
1336 226 1492 267 exegerit
1510 228 1543 256 et
1562 223 1763 268 possibilitas
1786 227 1948 270 pacietmu

97 279 207 313 habito
240 290 340 325 super
374 280 437 313 hoc
472 285 610 315 tractatu
640 281 789 326 diligenti
823 286 855 315 et
890 281 1137 315 deliberacione
1169 292 1333 327 perpensa
1370 294 1430 317 nos
1460 283 1639 329 supradicti
1669 283 1772 318 abbas
1801 289 1833 318 et
1861 295 1948 318 con—

98 345 218 374 ventus
248 342 352 386 ipsius
380 339 574 375 Monasterii
603 342 644 376 ad
673 341 736 375 hoc
764 344 798 376 in
826 342 976 388 Capitulo
1004 346 1118 376 nostro
1146 342 1337 388 specialiter
1365 347 1542 377 convocati
1572 348 1605 377 et
1632 345 1806 379 coadunati
1829 349 1950 392 provi-

98 401 206 435 dimus
235 405 269 434 et
297 400 556 435 deliberavimus
586 402 671 436 bona
700 407 814 436 nostra
851 406 882 436 in
919 403 972 436 tali
1002 403 1075 437 loeo
1104 413 1177 436 cum
1208 403 1359 437 omnibus
1389 404 1512 437 iuribus
1541 405 1626 438 silva
1655 415 1826 439 nemorum
1856 409 1948 450 agris

96 462 194 496 cultis
223 466 257 495 et
284 462 417 495 incultis
446 465 579 507 pascuis
608 466 710 508 pratis
746 466 840 509 aquis
875 468 907 497 et
941 462 1093 497 omnibus
1129 463 1200 496 aliis
1235 466 1421 497 attinenciis
1457 469 1525 498 suis
1562 466 1616 499 tali
1646 465 1949 512 lllfirdadaneioff)

98 532 175 556 esse
203 521 380 556 vendenda
408 533 468 567 pro
496 527 587 556 certa
617 526 800 569 quantitate
828 526 970 569 pecunie
999 523 1046 558 lta
1077 529 1185 558 tamen
1215 524 1300 569 quod
1333 529 1443 558 teneat
1471 525 1555 559 idem
1585 520 1842 561 mercadaneins'
1864 527 1949 561 dicta

98 582 185 616 hona
215 593 321 628 usque
356 582 395 616 ad
433 587 582 630 tempora
617 586 685 618 vite
720 595 780 618 sue
817 584 857 617 de
895 595 957 629 qua
993 587 1134 631 pecunia
1171 584 1363 619 utilitatibus
1399 591 1432 619 et
1466 586 1723 624 necessitatibus
1758 590 1950 621 monasterii

98 643 256 677 antedicti
290 643 524 689 provideretur
559 649 590 677 ut
625 650 676 678 est
710 648 919 678 conveniens
957 650 1056 690 atque
1091 645 1227 679 decens.
1266 645 1353 679 unde
1387 646 1429 679 ‹le
1462 650 1628 681 communi
1662 652 1777 682 nostro
1811 647 1950 682 fratrum

98 708 286 738 nostrorum
324 706 467 737 omnimn
506 710 538 738 et
575 710 762 739 conventus
797 704 989 739 Monasterii
1028 709 1129 739 nostri
1158 716 1342 748 consensu„
1381 711 1477 751 grata
1518 712 1551 741 et
1588 707 1672 741 bona
1710 709 1883 743 voluntate
1919 714 1951 742 et

99 767 244 798 omnium
273 768 463 799 nostrorum
491 765 713 810 predictorum
743 766 879 799 fratrum
909 766 1081 812 sollempni
1117 766 1364 800 deliberacione
1397 779 1437 801 ac
1473 772 1612 801 tractatu
1642 768 1752 803 habito
1780 780 1882 816 super
1910 780 1951 803 eo

98 825 184 859 dicta
212 824 298 859 bona
329 836 403 859 cum
433 826 584 859 omnibus
619 825 742 860 iuribus
777 827 861 860 silva
898 838 1034 861 nemore
1068 830 1159 871 agris
1193 827 1287 861 cultis
1322 832 1354 861 et
1384 828 1515 862 incultis
1552 832 1684 874 pascuis
1718 832 1821 875 pratis
1858 832 1951 875 aquis

98 890 132 919 et
160 885 311 919 omnibus
340 886 411 920 aliis
447 889 635 920 attinenciis
671 887 850 921 eorundem
888 888 975 921 (licto
1011 888 1244 922 mel-cadancio
1282 888 1489 923 vendidimus
1525 900 1585 935 pro
1620 893 1797 934 sexaginta
1829 893 1952 925 marcis

100 948 230 991 argenti
261 950 291 979 et
320 946 523 992 possidenda
554 946 745 980 tradidimus
775 958 879 993 nsque
909 948 947 981 ad
977 951 1151 982 terminum
1189 952 1256 982 vite
1291 960 1361 991 sue,
1398 949 1445 983 Ita
1475 950 1561 995 quod
1590 956 1666 996 post
1694 953 1798 997 ipsius
1827 951 1951 986 obitum

100 1006 141 1040 ad
170 1011 316 1041 nostrum
353 1010 589 1041 monasterium
620 1011 736 1041 iterum
767 1013 981 1042 revertantur
1010 1021 1083 1043 nam
1115 1012 1163 1044 sic
1192 1021 1317 1044 cavere
1352 1009 1542 1044 volitatibus
1574 1013 1665 1054 (sic)
1696 1014 1801 1046 nostri
1829 1011 1953 1046 Mona-

101 1070 192 1101 sterii
222 1068 376 1101 volumus
405 1072 436 1100 ut
467 1071 568 1113 ipsius
600 1068 683 1102 bona
714 1080 778 1102 non
809 1069 992 1103 alienemus
1021 1070 1079 1103 sed
1109 1071 1335 1104 concedamus
1365 1070 1405 1104 ad
1435 1076 1565 1117 tempus
1593 1076 1757 1117 quatenus
1783 1083 1843 1118 per
1864 1084 1952 1107 con-

99 1131 289 1161 cessionem
327 1128 511 1162 lminsmodi
547 1129 784 1163 Monasierium
823 1133 853 1163 in
891 1133 959 1163 suis
994 1131 1250 1165 necessitatibus
1288 1130 1470 1168 relevetur.
1507 1135 1727 1177 promittimus
1763 1132 1834 1167 Civi
1870 1144 1952 1168 vera

100 1188 164 1221 lide
193 1188 279 1234 quod
308 1200 380 1222 eum
411 1189 485 1222 ‹lum
515 1193 637 1223 vixerit
665 1202 730 1224 non
761 1191 1016 1236 inquietabimus
1046 1203 1108 1225 nee
1137 1191 1375 1237 inpulsabimus
1412 1192 1466 1225 vel
1495 1195 1691 1239 impetemus
1720 1205 1780 1239 per
1808 1205 1869 1229 nos
1898 1195 1953 1229 vel

100 1252 325 1295 interpositam
354 1261 533 1296 personam
565 1254 595 1284 in
626 1254 842 1296 possessione
872 1251 1033 1285 dictorum
1064 1252 1223 1286 bonorum
1253 1256 1407 1297 quatinus
1436 1253 1522 1287 idem
1551 1253 1806 1289 Mei-cadancius
1835 1254 1951 1288 eadem

101 1309 186 1343 bona
224 1313 254 1343 in
293 1313 358 1344 vita
397 1322 456 1344 sna
496 1311 668 1356 possidere
706 1312 816 1346 valeat
854 1318 884 1345 et
926 1313 1052 1346 l'ruetus
1088 1317 1264 1359 percipere
1302 1324 1345 1347 ex
1380 1314 1505 1347 eisdem
1542 1314 1601 1348 sed
1636 1325 1767 1348 omnem
1803 1314 1953 1349 dabimus

101 1381 238 1417 operam
267 1376 299 1405 et
329 1371 487 1405 auxilium
517 1376 615 1418 atque
643 1373 814 1406 consilium
852 1377 1062 1419 oportunum.
1093 1374 1180 1419 quod
1214 1376 1245 1407 in
1277 1374 1446 1408 usufructu
1483 1378 1515 1408 et
1542 1377 1760 1421 possessione
1789 1375 1950 1410 dictorum

103 1430 262 1466 bonorum
292 1443 351 1478 per
380 1437 480 1466 totum
511 1437 638 1479 tempus
670 1436 736 1466 vite
766 1445 826 1467 sue
855 1439 987 1467 maneat
1017 1434 1155 1480 pacifice
1184 1439 1216 1468 et
1245 1437 1365 1480 quiete.
1397 1435 1621 1470 Promittimus
1651 1438 1756 1470 eciam
1787 1441 1851 1470 etc.
