2184 2828
998 116 1070 151 253

110 247 312 271 eonsensum
341 240 373 269 et
401 245 576 269 assensum
605 234 793 268 beniuolum
828 239 860 269 et
895 244 1114 280 expressum,
1153 232 1290 266 eosdem
1318 232 1464 266 redditus
1493 233 1579 266 dicte
1608 233 1761 267 Ecclesie
1789 236 1958 279 perpetuis

110 297 311 343 temporibus
340 295 379 329 de
408 300 498 329 certa
528 299 641 329 nostra
661 298 807 329 sciencia
837 306 876 328 ac
904 299 1069 340 potestate
1088 293 1300 339 plenitudinis
1329 293 1436 337 Regie
1465 296 1735 339 appropriantes,
1766 299 1798 327 et
1825 297 1960 328 omnino

110 357 169 392 Jus
202 356 287 402 quod
320 359 352 389 in
387 356 512 390 eisdem
546 354 642 389 bonis
670 355 844 390 habuimus
873 361 904 389 et
941 355 1036 389 nobis
1063 353 1290 399 competebat,
1321 353 1407 387 dicte
1426 353 1580 387 Ecclesie
1606 354 1754 388 cedimus
1784 354 1961 388 liberaliter

111 423 143 451 et
176 417 349 450 donamus.
405 415 442 450 In
478 419 572 449 euius
609 419 656 449 rei
691 419 913 449 testimonium
948 426 1087 462 presens
1123 417 1280 460 scriptum
1322 418 1438 448 nostro
1479 415 1588 458 sigillo
1624 414 1764 448 fecimus
1799 414 1960 448 roborari.

111 477 230 511 Datum
263 476 372 521 Frage
408 479 440 510 in
469 476 536 510 die·
556 475 742 510 Natiuitatis
777 476 874 510 beate
912 476 1015 510 Marie
1049 475 1195 520 Virginis
1220 475 1321 508 Anno
1350 474 1472 508 domini
1508 474 1680 509 Millesimo
1709 475 1962 521 Trecentesimo

112 536 497 582 Quadragesimoprimo.

420 615 507 648 (Nach
531 615 579 641 der
602 614 676 649 orig.
695 615 1011 649 Bestatiguugsurkuude
1035 615 1082 641 des
1106 613 1274 648 Markgrasen
1299 613 1361 639 Karl
1385 621 1437 639 von
1462 614 1569 639 Malu-cn
1595 614 1656 639 dilo.
1684 615 1803 642 Breslau,
1826 614 1884 640 Vll.
1903 614 1963 639 Juni

527 666 618 700 1342,
643 668 677 693 im
702 667 804 701 kouigl.
831 667 946 693 Areliive
971 676 1002 693 zu
1026 667 1134 693 Breslau
1159 665 1319 699 mitgetlieilt
1342 674 1404 691 vom
1429 666 1560 691 Areliivar
1583 666 1628 691 Dr.
1654 666 1858 699 Wanenbach.)

987 787 1093 822 355.

112 868 224 912 Kom'gs
251 866 389 901 Jolaann
417 877 482 900 con
501 865 654 899 Bohmen
679 864 753 910 qibt
788 865 858 898 (lem
889 864 1014 907 Peter,
1042 868 1191 910 qemmnt
1226 863 1324 907 Plik,
1353 864 1408 897 (Iz'e
1436 865 1468 897 ite
1497 864 1569 897 (lem
1598 863 1768 897 Dis-triete
1795 864 1966 909 Ellboqen

110 928 297 973 yeleyenen
335 927 453 969 (iliter,
482 926 609 960 welche
635 926 756 959 desseu
784 925 887 959 Γαῖον
915 925 1045 969 besass,
1075 937 1116 959 zu
1136 924 1268 967 Leleen,
1298 925 1364 958 und
1387 925 1521 968 fordert
1550 925 1613 958 den
1632 924 1857 969 IlIurqurafen
1876 925 1968 959 Isarl

112 999 174 1023 ron
205 988 349 1022 Mithrem
377 988 447 1031 aas,
478 987 532 1021 ileu
562 987 660 1020 clarite
689 998 730 1020 z-ec
758 986 930 1020 schulz-en.
961 986 1020 1019 Di.
1042 986 1167 1030 Praqe,
1198 987 1230 1019 ἱιι
1258 985 1377 1030 viyz'lia
1405 985 1444 1019 S.
1465 985 1601 1019 ΜαΙΙισί
1626 989 1738 1030 apost.
1770 986 1851 1028 (20.
1869 985 1965 1030 Sep-

894 1046 1041 1090 tember)
1074 1045 1182 1080 1341.

269 1124 359 1178 Nos
394 1142 566 1177 Johannes
601 1142 653 1176 dei
687 1145 803 1187 gracia
838 1142 973 1176 Boemie
1011 1142 1087 1176 Rex
1120 1153 1159 1176 ac
1192 1141 1499 1187 Lucemburgensis
1528 1140 1649 1176 Comes
1677 1141 1798 1175 Notum
1826 1141 1967 1175 facimus

115 1210 231 1239 tenore
265 1195 491 1251 presencium>
512 1206 700 1246 Vniuersis,
738 1202 834 1244 Quod
868 1208 1049 1249 pensantes
1085 1207 1180 1248 grata
1211 1202 1377 1236 fidelitatis
1414 1204 1573 1245 seruicia,
1618 1213 1681 1248 que
1716 1202 1821 1236 fidelis
1856 1206 1968 1236 noster

115 1266 254 1300 dilectus
282 1264 400 1299 Petrus
429 1265 535 1299 dietus
564 1264 635 1298 Plik
664 1263 829 1306 exhibuit,
860 1268 891 1297 et
917 1263 1079 1297 exhibere
1107 1266 1249 1309 potuerit
1276 1265 1445 1308 promcins
1475 1265 1507 1296 in
1527 1262 1688 1306 futurum,
1719 1262 1848 1308 singula
1868 1262 1966 1305 hona,

114 1337 179 1373 que
207 1325 372 1372 quondam
401 1325 572 1359 Conradus
601 1325 707 1358 dictus
741 1324 811 1358 Plik
846 1324 944 1358 Pater
970 1327 1092 1369 ipsius,
1127 1327 1160 1357 in
1189 1323 1346 1357 Districtu
1376 1322 1565 1366 Cubitensi,
1595 1323 1762 1369 possedit,
1792 1328 1825 1357 et
1852 1327 1968 1365 tenuit,

115 1392 147 1421 et
175 1386 364 1433 specialiter
392 1386 546 1420 Castrum
576 1385 733 1431 Neydek,
763 1396 837 1418 cum
866 1384 961 1418 Villis
990 1383 1164 1429 Tyrbach,
1193 1382 1465 1429 Hermansgriin,
1505 1389 1538 1418 et
1572 1384 1645 1428 alijs
1674 1387 1765 1429 agris
1795 1383 1908 1426 cultis,
1937 1388 1969 1417 et

115 1448 265 1490 incultis,
294 1446 450 1489 Pascuis,
478 1446 604 1489 Pratis,
634 1449 746 1491 aquis,
776 1445 993 1490 Aquarumve
1022 1444 1231 1488 decursibus,
1253 1444 1369 1485 Siluis,
1400 1444 1618 1486 Nemoribus,
1644 1444 1801 1487 Rubetis,
1823 1444 1968 1490 Campis.

115 1507 268 1551 Mericis,
297 1506 482 1550 Montibus,
512 1507 641 1549 Planis,
672 1506 895 1548 Connallibus,
924 1505 1191 1549 Venacionibus,
1221 1505 1534 1551 Aucupacionibus,
1564 1505 1830 1548 piscacionibus,
1861 1505 1968 1539 Stan-

117 1567 268 1613 nifodijS,
306 1567 474 1602 Censuum
510 1567 756 1610 solucionihus,
792 1578 831 1601 ac
860 1566 1010 1600 omnibus
1039 1570 1071 1599 et
1099 1566 1238 1611 singulis
1267 1568 1505 1612 pertinencijS,
1535 1565 1743 1608 vtilitatibus,
1773 1570 1806 1599 et
1837 1565 1970 1599 obuen-

116 1629 268 1664 cionibus
287 1639 351 1674 que
370 1640 459 1663 nunc
478 1631 510 1662 in
531 1628 658 1662 eisdem
678 1628 774 1662 bonis
795 1632 889 1669 sunt,
910 1627 963 1661 vel
984 1626 1186 1660 succedente
1206 1631 1354 1673 tempore
1374 1631 1531 1673 possunt,
1553 1631 1584 1660 et
1604 1629 1768 1672 potuerint
1788 1626 1972 1671 aliqualiter

117 1693 272 1733 euenire,
304 1689 370 1735 Ipsi
398 1689 496 1723 Petro
524 1688 733 1731 Heredibns,
763 1693 796 1722 et
816 1686 1076 1722 Successoribus
1105 1690 1172 1720 suis
1201 1687 1352 1721 omnibus
1379 1687 1514 1721 Juribns
1544 1692 1575 1721 et
1603 1687 1824 1729 libertatibus,
1855 1686 1972 1732 quibus

117 1750 246 1795 singula
275 1750 441 1796 predicta,
471 1750 577 1784 dictus
605 1754 700 1795 pater
728 1751 831 1795 ipsius
861 1748 1026 1794 possedit,
1056 1752 1089 1780 et
1117 1750 1220 1781 tenuit
1249 1750 1279 1781 in
1301 1748 1434 1782 feudum
1456 1747 1661 1791 honorabile,
1692 1752 1724 1781 et
1743 1747 1974 1781 hereditarium

117 1810 369 1845 concedendum
410 1810 580 1854 duximus,
621 1815 653 1844 et
688 1809 914 1856 presentibus,
955 1808 1190 1850 concedimus,
1232 1808 1454 1851 conferimus,
1497 1813 1530 1842 et
1558 1809 1735 1848 donamus,
1781 1819 1840 1853 per
1885 1810 1974 1852 ipsos

117 1871 313 1914 tenendum,
356 1870 562 1914 habendum,
606 1876 639 1904 et
671 1870 870 1904 hereditario
911 1869 990 1902 Jure
1023 1868 1111 1902 feudi
1149 1868 1382 1914 possidendum
1424 1869 1562 1915 pacifico
1600 1873 1631 1902 et
1672 1872 1791 1914 quiete.
1847 1868 1900 1901 Ac
1941 1869 1973 1900 in

119 1934 276 1965 maiorem
304 1936 418 1966 nostre
447 1931 641 1965 donacionis
669 1931 852 1973 cumulum,
882 1929 942 1964 sibi
965 1928 1168 1971 llcrcdibus,
1198 1940 1237 1962 ac
1258 1929 1513 1964 successoribus
1544 1932 1612 1964 suis
1643 1932 1674 1963 in
1695 1929 1835 1973 siugulis
1863 1927 1969 1970 bonis,

118 1991 159 2025 ad
187 1991 307 2026 dictum
337 1991 488 2026 Castrum
517 1991 677 2038 Neydek,
707 1990 948 2037 spectantibus,
984 1994 1015 2022 et
1043 1992 1074 2022 in
1104 1989 1297 2034 quibusdam
1327 1991 1400 2034 alijs
1429 1990 1542 2033 bonis,
1572 1994 1641 2025 suis
1671 1989 1765 2023 bonis
1794 1990 1969 2032 contiguis

119 2063 182 2098 que
218 2063 276 2098 per
310 2055 414 2098 ipsum
450 2052 582 2087 Petrum
618 2052 657 2086 ad
693 2052 811 2086 dictum
842 2052 991 2085 Castrum
1029 2052 1212 2095 empcionis
1250 2051 1373 2095 tytulo,
1409 2051 1449 2084 de
1477 2055 1588 2084 nostra
1618 2050 1755 2083 licencia
1783 2052 1971 2093 comparata

120 2113 258 2155 fuerint,
295 2112 459 2147 Judicium
497 2112 620 2159 Capitis
658 2113 733 2146 licet
766 2112 796 2146 id
831 2112 869 2145 ad
907 2122 967 2144 nos
997 2114 1150 2155 spectare
1186 2110 1378 2144 dinoscatur
1406 2111 1522 2145 danius
1551 2115 1583 2144 et
1610 2109 1841 2150 concedimus,
1872 2119 1911 2142 ac
1939 2110 1970 2142 in

119 2176 209 2219 ipsos
244 2173 503 2208 transfundimus
534 2174 632 2220 pleno
659 2173 760 2216 Jure,
790 2173 916 2207 Dantes
946 2174 1024 2217 ipsis
1060 2170 1189 2214 singula
1220 2175 1392 2215 prenotata
1422 2171 1540 2205 eodem
1575 2171 1656 2204 Jure
1692 2169 1795 2212 feudi,
1826 2168 1969 2209 tenendi,

120 2232 307 2276 vendendi,
335 2234 558 2279 permutandi,
588 2239 621 2268 et
649 2236 680 2267 in
710 2245 793 2268 vsus
823 2232 985 2279 placidos,
1022 2231 1075 2265 vol
1114 2242 1340 2276 quoscumque
1375 2232 1542 2265 voluerint
1573 2229 1805 2272 conuertendi,
1834 2229 1971 2263 liberam

120 2293 327 2329 facultatem.
362 2294 600 2328 Committimus
634 2297 732 2339 igitur
766 2293 885 2328 Illustri
921 2291 1045 2326 Karolo
1080 2290 1263 2324 marchioni
1299 2291 1467 2335 Morauie,
1503 2292 1745 2335 Priniogenito,
1781 2301 1820 2324 ac
1849 2292 1971 2324 ceteris

121 2357 244 2389 nostris
287 2353 471 2388 Heredibus
513 2366 552 2388 ac
590 2354 858 2395 successoribus,
903 2357 935 2386 ct
976 2352 1167 2385 mandamus
1211 2352 1349 2395 singulis
1390 2355 1514 2386 nostris
1556 2350 1776 2394 Osticialibus,
1819 2355 1852 2384 et
1887 2362 1971 2397 spe-

123 2415 251 2449 cialiter
287 2413 524 2458 Burebgrauijs
561 2418 592 2449 in
636 2415 770 2457 Cubito,
808 2419 839 2448 ct
877 2414 948 2457 alijs
983 2415 1103 2446 nostris
1136 2412 1285 2445 fidelibus
1319 2413 1527 2458 presentibus
1563 2416 1594 2445 et
1628 2411 1762 2455 futuris,
1800 2410 1971 2452 Quatenus

122 2478 228 2521 ipsum
258 2474 386 2508 Petrum
416 2474 566 2508 Heredes
594 2480 626 2509 et
654 2486 870 2509 successores
903 2484 981 2507 suos
1017 2476 1048 2506 in
1078 2472 1262 2506 huiusmodi
1301 2476 1403 2507 nostri
1437 2474 1687 2515 concessionis,
1717 2476 1750 2506 ct
1777 2472 1971 2505 donacionis

122 2537 253 2580 gracia,
283 2546 349 2569 non
379 2534 572 2580 impediant.v
609 2547 670 2569 nec
706 2539 817 2569 sinant
854 2545 912 2580 per
948 2535 1134 2578 quempiam
1170 2533 1337 2578 impediri,
1375 2533 1433 2567 sed
1463 2535 1578 2578 pocius
1606 2534 1638 2566 in
1667 2543 1705 2566 ea
1735 2536 1971 2566 manuteneant

121 2600 299 2641 protegant
326 2600 358 2629 et
393 2600 611 2637 conseruent,
648 2596 770 2629 Harum
798 2595 915 2641 quibus
936 2599 1083 2628 nostrum
1106 2596 1210 2627 maius
1231 2593 1380 2638 Sigillum
1412 2592 1665 2639 appendendum
1686 2593 1838 2627 duximus
1867 2595 1970 2627 testi—
