2184 2828
994 145 1064 180 281

112 264 320 306 abverkaut't⁷
349 262 493 297 sondern
522 262 683 297 vietmehr
711 262 867 297 dasselbe
895 262 991 297 dabei
1020 261 1190 307 geschiitzt
1218 259 1357 295 werden
1386 261 1478 296 solie.
1514 261 1566 296 Dt.
1595 261 1694 307 Prag9
1724 265 1755 296 in
1783 262 1836 296 die
1863 273 1951 296 con-

113 328 276 359 versionis
305 323 340 358 S.
370 323 460 357 Pauli
489 324 627 370 apostoli
656 323 734 369 (25.
764 323 906 369 Janner)
938 322 1045 357 1342.

419 402 505 437 [Nach
530 403 604 427 einer
625 402 762 428 Abschril't
785 403 818 428 im
843 402 868 428 k.
895 402 983 428 bohm.
1007 402 1124 428 Museum
1148 409 1195 427 aus
1219 400 1279 427 dem
1304 399 1378 434 Orig.
1404 400 1546 427 desselben
1570 401 1813 428 Klosterarcliives.
1853 402 1949 436 Abge-

521 454 617 480 druckt
647 454 688 479 bei
721 455 869 487 sternherg
898 454 1000 488 Kaspar
1028 453 1105 486 Gras,
1140 452 1314 479 Urkundenb.
1343 461 1390 478 zur
1415 452 1574 479 Geschichte
1599 453 1646 480 der
1671 453 1761 480 bohm.
1788 453 1952 488 Bel-gwerke

521 507 548 532 S.
575 506 612 532 76
638 514 662 532 u.
690 506 738 532 58.
764 506 878 532 Bolimer
902 506 971 532 Add.
997 506 1016 532 Ι.
1043 506 1070 532 S.
1096 504 1156 531 302
1182 513 1207 531 n.
1233 504 1320 537 444.)

979 625 1086 661 386.

256 685 398 749 Konig
433 703 565 739 Johann
600 715 667 738 von
702 703 851 738 Bohmen
886 703 1083 738 wiederholt
1115 702 1178 737 den
1207 702 1359 748 Burgern
1394 714 1460 737 von
1500 702 1624 737 Gorlitz
1652 703 1704 737 die
1731 703 1951 749 Bestatigung

111 765 169 799 des
203 764 451 810 lllagdeburger
485 764 648 808 Rechtes,
677 765 742 798 und
771 764 902 798 befiehlt
931 768 1058 799 seinem
1086 763 1327 809 erstgebornen
1356 763 1469 798 Sohne
1506 764 1601 807 Karl‚
1636 764 1850 810 Markgrafen
1886 776 1953 800 von

110 825 267 869 tuamen,
305 826 357 860 die
392 825 524 870 Burger
555 828 588 859 in
622 825 747 859 diesem
775 825 902 860 Rechte
938 837 977 859 zu
1006 824 1174 860 schulzen.
1230 824 1282 860 Dt.
1312 824 1436 870 Prage,
1474 825 1638 859 dominica
1667 826 1953 860 circumdederunt

111 886 190 932 [27.
220 886 364 932 Ja'nner)
394 885 503 920 1342.

419 965 535 998 (Kohler
558 964 624 991 Cod.
650 964 759 999 diplom.
785 964 871 991 Lusat.
896 973 986 999 super.
1015 964 1104 991 1851.
1129 965 1157 992 S.
1182 964 1268 996 263.)

981 1085 1087 1121 387.

110 1163 299 1209 Marquaf
320 1163 410 1197 Karl
435 1175 499 1199 von
528 1162 869 1197 Mcileren*verlee‘het
896 1163 956 1196 der
984 1162 1088 1197 stadt
1114 1162 1210 1208 qur
1238 1162 1408 1197 dz'eselben
1439 1163 1582 1199 Rechte.
1612 1165 1674 1197 wie
1701 1164 1818 1199 solche
1838 1164 1957 1198 Bruma

365 1224 437 1258 hat.
493 1224 551 1258 Dt.
584 1224 710 1269 Praqe,
740 1225 774 1257 in
802 1227 926 1257 octava
954 1223 984 1257 b.
1014 1223 1158 1268 Aynetis
1185 1225 1270 1269 riry.
1303 1223 1384 1266 [28.
1413 1224 1566 1266 donner)
1599 1224 1708 1259 1342.

256 1300 428 1358 Karolus
448 1319 572 1354 domini
599 1322 690 1364 regis
712 1319 847 1353 Boemie
876 1321 1126 1364 primogenitus,
1155 1319 1301 1353 marchio
1321 1319 1472 1353 Morauie
1499 1319 1625 1354 dilectis
1645 1319 1793 1354 fidelibus
1812 1324 1957 1366 paternis

111 1385 144 1414 et
171 1383 312 1415 nostris.
331 1407 338 1414 .
358 1408 364 1414 .
382 1383 542 1425 magistro
571 1380 754 1422 consulum,
784 1380 921 1414 consilio
942 1384 973 1413 et
994 1382 1217 1414 communitati
1246 1383 1365 1414 ciuium
1395 1385 1426 1414 et
1454 1380 1619 1414 hominum
1648 1384 1680 1414 in
1700 1380 1790 1425 Egra
1820 1381 1957 1415 salutem

111 1452 185 1475 cum
220 1441 423 1487 plenitudine
458 1443 565 1475 omnis
601 1440 689 1475 boni.
747 1440 848 1474 Grata
884 1440 1043 1474 babentes
1077 1444 1110 1474 in
1144 1441 1247 1475 oeulis
1280 1444 1401 1475 nostris
1437 1445 1548 1475 vestre
1583 1441 1749 1475 fidelitatis
1784 1441 1957 1487 obsequia,

113 1501 245 1535 domino
273 1504 417 1546 genitori
444 1506 577 1544 nostro„
607 1506 639 1535 et
667 1501 762 1535 nobis
791 1512 850 1547 per
878 1512 937 1535 vos
967 1500 1110 1534 exhibita
1139 1501 1356 1547 multipliciter
1384 1505 1415 1535 et
1449 1504 1621 1547 impensa,
1650 1506 1890 1547 sperantesque
1919 1513 1958 1536 ea

114 1561 393 1599 nobisbexliiberi
428 1565 625 1608 propensius
660 1565 691 1595 in
721 1562 881 1604 futurum,
917 1562 1011 1595 vobis
1046 1566 1078 1595 et
1110 1564 1231 1595 vestris
1268 1565 1409 1608 posteris
1443 1574 1482 1596 ao
1518 1562 1792 1605 suecessoribus,
1829 1562 1958 1597 ciuibus

113 1621 319 1667 Egrensibus
348 1622 486 1656 facimus
514 1625 655 1667 gratiam
683 1623 875 1669 specialeim
905 1622 1019 1655 dautes
1048 1626 1080 1655 et
1108 1622 1330 1656 concedentes
1361 1622 1455 1656 vobis
1475 1627 1505 1656 et
1527 1628 1674 1657 vestrum
1696 1623 1829 1657 cuilibet
1848 1626 1957 1657 omnia

111 1687 142 1717 et
175 1683 304 1727 singula
342 1685 411 1716 iura
446 1683 614 1717 libertates
643 1687 675 1717 et
703 1686 923 1716 immunitates
958 1683 1066 1716 ciuilia
1101 1685 1267 1716 ciuitatum
1302 1687 1333 1717 et
1361 1683 1493 1723 ciuiles„
1532 1695 1595 1729 que
1632 1687 1664 1717 et
1693 1695 1779 1730 quas
1807 1686 1958 1718 ciuitates

112 1747 225 1777 nostre
254 1748 285 1777 et
312 1744 500 1789 specialiter
526 1746 641 1778 ciuitas
664 1743 846 1778 Brunensis
873 1746 903 1776 in
925 1747 990 1776 toto
1012 1743 1237 1777 marchionatu
1265 1748 1379 1778 nostro
1407 1743 1557 1778 Morauie
1586 1743 1718 1787 habent,
1748 1755 1807 1778 seu
1836 1743 1959 1778 habere

113 1803 359 1849 quomodolibet
386 1804 612 1847 dinoscuntun
642 1804 794 1838 volentes
824 1816 898 1839 vos.
930 1804 1054 1838 eisdem
1085 1803 1218 1847 iuribus,
1247 1804 1504 1838 immunitatibus
1533 1809 1565 1838 et
1583 1804 1786 1838 libertatibus
1807 1804 1958 1838 omnibus

112 1865 277 1909 gaudere,
308 1864 411 1899 libere
440 1865 480 1898 de
508 1870 620 1899 cetero
650 1869 681 1898 et
709 1868 816 1911 potiri.
873 1864 1029 1898 Volumus
1058 1867 1162 1897 eciam
1192 1868 1224 1898 et
1251 1864 1476 1905 decreuinms„
1506 1865 1593 1911 quod
1622 1865 1748 1899 eisdem
1778 1869 1811 1898 et
1839 1867 1959 1898 consi-

114 1924 241 1959 milibus
261 1925 398 1968 iuribus,
427 1925 682 1959 immunitatibus
711 1930 743 1959 et
771 1925 985 1959 liberta¹.Ims.
1016 1927 1108 1958 ciues
1129 1929 1162 1958 et
1181 1929 1384 1959 mercatores
1404 1925 1564 1959 dictarum
1585 1928 1751 1959 ciuitatum
1772 1929 1958 1959 nostrarum

116 1988 146 2018 in
177 1984 337 2029 lllorauia‚
366 1989 397 2020 in
427 1986 513 2020 dicta
542 1985 686 2030 Egrensi
715 1989 847 2020 ciuitate
877 1990 907 2019 et
936 1985 1083 2018 districtu
1113 1996 1172 2018 seu
1201 1988 1363 2020 territorio
1393 1988 1496 2032 ipsius
1522 1989 1619 2032 potiri
1640 1985 1780 2019 debeant
1799 1989 1959 2031 perpetuo

115 2050 147 2079 et
175 2046 332 2090 gaudere.
387 2046 549 2080 Volumus
579 2050 689 2086 etiam,
720 2050 890 2080 statuimus
920 2051 949 2080 et
979 2045 1074 2080 vobis
1103 2057 1143 2079 ae
1172 2050 1283 2079 vestre
1311 2049 1435 2080 civitati
1464 2046 1606 2091 Egi-ensi
1635 2046 1848 2079 concedimus
1877 2057 1959 2091 per-

115 2109 212 2151 petuo
240 2110 271 2139 et
299 2106 477 2149 donamus,
514 2107 599 2153 quod
636 2119 697 2141 vos
733 2112 764 2141 et
800 2111 1000 2140 mercatores
1036 2108 1138 2139 vestri
1175 2117 1249 2139 cum
1285 2106 1384 2140 rebus
1414 2111 1447 2140 et
1475 2106 1639 2140 mercibus
1668 2117 1706 2139 ac
1735 2108 1957 2139 mercimoniis

116 2168 236 2199 vestris
271 2166 309 2199 ab
344 2166 494 2201 omnibus
530 2172 562 2201 et
596 2168 734 2212 singulis
770 2171 883 2209 [ιιιιῑὶεὖ
917 2166 1068 2200 theloniis
1102 2170 1133 2199 et
1167 2166 1316 2211 pedagiis
1351 2167 1601 2213 quibuscunque
1636 2169 1667 2199 in
1706 2170 1773 2199 tota
1811 2165 1959 2200 Morauia

116 2226 208 2260 liberi
237 2237 311 2259 esse
340 2227 486 2261 debeatis
515 2231 645 2273 penitus
675 2233 706 2261 et
734 2231 905 2261 immunes.
963 2226 997 2260 ln
1027 2237 1163 2271 quorum
1199 2230 1342 2260 omnium
1371 2230 1590 2261 testimonium
1620 2231 1716 2272 atque
1744 2225 1844 2259 robur
1872 2238 1955 2272 per-

116 2291 250 2332 petuum
290 2291 461 2332 presentes
494 2288 677 2331 conscribi,
713 2293 744 2322 et
781 2291 882 2322 nostri
919 2287 1017 2331 sigilli
1053 2289 1230 2320 munimine
1260 2290 1413 2321 iussimus
1443 2291 1646 2321 communiri.
1703 2286 1821 2320 Datum
1852 2287 1958 2332 Prage

120 2358 208 2380 anno
237 2346 367 2380 Domini
388 2346 550 2382 Milesimo
572 2348 825 2383 Trecentesimo
845 2347 1098 2394 ‹pizulragesimo
1127 2347 1285 2381 secundo.
1316 2348 1349 2381 In
1371 2353 1486 2382 octaua
1510 2349 1611 2382 Beate
1634 2348 1777 2391 Agnetis
1798 2346 1957 2392 Virginis.

429 2426 513 2458 (Nat-tn
538 2428 611 2453 einer
636 2427 773 2453 Abs-christ
797 2429 829 2453 im
855 2427 879 2452 k.
905 2427 993 2451 bolnn.
1020 2425 1135 2451 Museum
1161 2434 1208 2451 aus
1231 2426 1279 2451 der
1308 2426 1557 2459 Bestatigungsurk.
1583 2425 1612 2451 K.
1638 2425 1699 2451 Karl
1725 2426 1769 2452 lv.
1795 2434 1854 2452 vom
1878 2426 1959 2452 Jalire

532 2477 621 2510 13⁴7,
646 2481 670 2504 in
703 2481 776 2505 cinei·
810 2479 945 2505 Alisclirilt
975 2486 1034 2502 vom
1059 2477 1083 2502 .Ι.
1112 2477 1189 2502 1425
1222 2478 1349 2503 dasclbst.
1398 2476 1576 2511 Abgedruclxt
1599 2477 1640 2502 bei
1664 2477 1748 2504 Pelzel
1772 2477 1802 2503 Κ.
1828 2478 1888 2504 Karl
1915 2478 1957 2503 ΙΥ.

529 2529 548 2555 l.
573 2530 619 2556 Th.
646 2530 816 2557 [rkundenb.
843 2532 869 2556 S.
897 2529 929 2555 ,Ἡ
961 2538 984 2555 n.
1010 2529 1089 2555 XXX.
1137 2529 1251 2555 Bolimer
1275 2529 1326 2555 Ad.
1353 2529 1384 2555 ll.
1411 2531 1438 2555 S.
1465 2529 1523 2554 :545
1551 2537 1573 2554 n.
1601 2529 1664 2561 H.)

1817 2680 1856 2709 :36
