2184 2828
1046 111 1092 144 55

147 233 298 277 quatinus
327 228 477 262 eumdem
505 227 737 274 Inquisitorem
767 239 825 274 pro
860 228 971 262 divina
1000 232 1032 262 et
1060 227 1145 261 dicte
1173 226 1262 260 sedis
1291 238 1329 260 ae
1357 232 1468 261 nostra
1503 231 1692 262 reverentia
1721 227 1866 273 benigne
1894 232 1987 262 reci-

146 294 274 336 pientes
303 294 334 323 et
362 288 500 323 honeste
529 293 722 322 tractantes.
753 289 859 322 eidem
888 292 919 322 in
948 288 1010 322 hiis
1037 287 1209 322 consilium
1236 288 1393 321 auxilium
1423 292 1454 321 et
1481 287 1632 322 favorem
1652 289 1758 322 taliter
1778 289 1982 335 impendatis.

146 350 285 396 qualiter
324 352 395 395 ipse
433 349 529 383 Clero
565 354 598 382 et
631 349 751 394 populo
789 353 984 383 convocatis
1023 348 1217 394 generalem
1248 347 1505 393 predicati0nem
1534 351 1566 382 in
1603 348 1744 382 Civitate
1781 361 1819 383 ac
1861 350 1984 383 diocesi

145 410 301 456 predictis
329 409 384 443 ubi
412 414 443 443 et
471 412 623 456 quotiens
652 409 812 455 expedire
840 410 959 444 viderit
992 409 1119 443 faciens
1153 408 1334 454 predictum
1363 408 1504 442 officium
1534 409 1594 443 sihi
1623 412 1835 443 commissum
1864 414 1985 455 exequi

145 471 255 504 valeat
277 474 489 513 inconcusse,
510 481 636 516 nosque
656 473 858 504 sinceritatis
886 475 1000 504 vestre
1028 470 1133 504 zelum
1162 472 1325 515 possimus
1354 472 1385 502 in
1413 468 1555 503 Domino
1585 470 1692 513 dignis
1721 470 1870 504 laudibus
1891 482 1987 504 com-

146 531 314 565 mendare.
343 530 462 564 Datum
491 530 576 577 apud
604 530 741 564 Pontem
770 534 881 575 sorgie
909 532 1111 564 Avinionen.
1141 530 1236 563 Dioc.
1265 529 1325 563 XI.
1354 529 1427 563 Kal.
1458 529 1662 576 Septembris
1691 542 1777 564 anno
1806 534 1920 577 primo.

453 609 537 641 (Nacti
568 609 626 635 dem
659 608 732 643 Orig.
762 609 879 643 Reges-te
909 609 1010 644 Papst's
1039 609 1163 635 Benedict
1193 608 1250 635 ΧΠ.
1286 608 1310 634 J.
1336 609 1354 635 1.
1388 608 1430 634 Br.
1467 609 1536 634 763.
1572 610 1603 635 im
1629 609 1834 636 Yaticanischen
1860 610 1985 636 Archirc.

556 661 713 695 mitgetheilt
736 661 781 687 Dr.
807 661 835 687 B.
859 661 972 693 Dudik.)

1032 782 1102 817 75.

145 858 254 904 Papst
282 859 450 893 Benedici
478 859 562 894 XII.
592 859 761 905 empfieltll
789 860 859 894 dem
891 861 1022 905 lso‘m'qe
1055 860 1192 894 Jolmnn.
1225 872 1288 893 ron
1327 860 1477 894 Bolmeeu
1515 862 1577 894 (len
1613 873 1683 895 z-um
1714 861 1900 906 Inqm'sz'lor
1927 861 1987 894 det·

145 919 300 954 Haeresie
328 922 361 954 ιἰι
389 921 450 954 (Ier
477 920 626 954 Dion-ese
656 921 722 954 aad
739 920 842 955 Slmlt
866 921 995 954 Ulmettz-
1024 920 1201 954 beslellten
1221 921 1328 954 Peter
1357 932 1418 955 rou
1444 922 1618 955 Nax-erm
1648 922 1708 956 Dt.
1739 923 1830 966 opud
1851 926 1986 966 pontem

389 981 515 1026 Sorqe'e
542 982 701 1016 Ace’m‘ou.
731 982 818 1016 dioc.
848 982 912 1016 XI.
942 982 1086 1016 Kalend.
1116 981 1306 1026 Septembr.
1339 982 1420 1024 [22.
1451 982 1608 1027 Anyti-sl)
1640 983 1751 1017 1335.

298 1057 520 1111 Benedictus
547 1077 732 1123 Episcopus
761 1077 889 1111 Servus
918 1078 1098 1112 Servorum
1126 1077 1189 1111 Dei
1218 1077 1396 1111 Carissimo
1424 1080 1457 1112 in
1486 1078 1615 1112 Christo
1649 1078 1713 1112 lilio
1741 1079 1882 1113 Johanni
1902 1079 1986 1124 Regi

147 1135 283 1170 Boemie
311 1136 431 1171 Illustri
460 1138 599 1172 salutem
628 1142 660 1172 et
688 1138 914 1184 Apostolicam
942 1138 1216 1174 benedictionem.

299 1197 447 1232 Potentie
476 1198 635 1232 secularis
663 1203 694 1232 et
729 1202 904 1244 presertim
940 1198 1175 1233 catholicorum
1215 1199 1346 1244 Regum
1381 1203 1411 1233 et
1439 1199 1623 1246 Principum
1662 1203 1895 1247 cuiuscumque
1924 1206 1985 1235 sitit

144 1260 385 1303 preeminentie
414 1259 580 1304 dignitatis
615 1264 671 1293 aut
706 1264 811 1293 status
848 1260 1025 1293 materialis
1065 1259 1194 1304 gladius
1229 1263 1260 1293 in
1296 1259 1519 1294 fulcimentum
1555 1261 1782 1295 ecclesiastice
1818 1267 1986 1308 potestatis

145 1321 308 1353 institutus
337 1323 449 1353 existit
475 1324 540 1354 tam
568 1320 726 1354 divinitus
754 1332 850 1366 quam
879 1320 1062 1354 humanitus
1089 1323 1283 1366 provisione
1316 1320 1472 1355 videlicet
1507 1325 1668 1355 canonica
1699 1327 1729 1356 et
1757 1324 1844 1356 civili
1874 1328 1905 1357 ut
1935 1326 1987 1369 qui

145 1378 298 1413 iudicium
326 1380 380 1414 vel
408 1391 584 1414 censuram
614 1381 875 1415 ecclesiasticam
904 1380 1151 1426 dampnabiliter
1174 1381 1379 1427 vilipendunt
1399 1393 1459 1428 per
1477 1382 1600 1416 brachii
1622 1384 1810 1429 temporalis
1831 1385 1986 1418 auxilium

146 1440 366 1486 potentialiter
393 1442 632 1487 compellantur
661 1446 711 1475 est
740 1452 822 1486 ergo
851 1441 1052 1475 exerendum
1078 1445 1257 1488 promptius
1277 1445 1347 1488 ipse
1367 1442 1496 1487 gladius
1516 1447 1547 1476 et
1572 1447 1755 1488 rigorosius
1777 1445 1986 1478 exercendus

145 1506 262 1535 contra
291 1501 453 1547 quoslibet
482 1502 596 1536 hostes
624 1505 732 1536 crucis
762 1502 925 1536 dominice
954 1513 992 1536 ac
1021 1514 1086 1536 non
1115 1505 1220 1536 minus
1248 1503 1306 1537 sed
1334 1506 1442 1549 potius
1471 1508 1583 1537 contra
1619 1503 1784 1539 hereticos
1813 1505 1987 1539 credentes

144 1560 292 1596 fautores
320 1562 518 1597 defensores
546 1568 577 1597 et
606 1567 833 1609 receptatores
863 1574 976 1596 eorum
1005 1566 1058 1608 qui
1087 1567 1290 1598 maiestatem
1320 1568 1466 1598 eternam
1488 1565 1704 1610 periculosius
1725 1566 1893 1600 offendere
1921 1578 1986 1600 non

145 1627 324 1668 expavent.
354 1622 424 1657 Nos
461 1626 570 1669 itaque
604 1627 776 1670 cupientes
818 1624 946 1658 fervide
981 1634 1019 1657 ac
1052 1634 1147 1669 opem
1185 1629 1217 1658 et
1249 1635 1385 1670 operam
1422 1626 1552 1659 solicite
1586 1626 1814 1671 impendentes
1844 1632 1876 1661 ut
1905 1627 1986 1660 tales

144 1682 292 1728 pestiferi
320 1682 470 1718 homines
498 1687 551 1729 qui
579 1684 620 1717 ad
648 1688 810 1729 gremium
839 1689 953 1718 sancte
981 1687 1093 1718 matris
1121 1685 1264 1719 ecclesie
1287 1685 1397 1719 redire
1416 1686 1579 1720 noluerint
1600 1686 1848 1732 proscribantur
1867 1687 1987 1733 ubique

145 1743 185 1777 de
213 1754 296 1789 agro
316 1743 447 1778 Domini
475 1749 507 1778 et
535 1748 632 1779 etiam
662 1745 874 1779 desolationis
902 1745 1047 1779 ultimate
1075 1745 1251 1791 obprobrio
1280 1745 1523 1780 confundantur
1549 1750 1743 1781 auctoritate
1772 1760 1893 1782 sonora
1922 1753 1985 1782 tam

145 1814 204 1849 per
243 1815 305 1838 nos
342 1816 438 1851 quam
479 1816 539 1851 per
573 1806 655 1840 alios
688 1809 779 1840 viros
813 1805 989 1852 prudentes
1025 1810 1057 1839 et
1090 1805 1274 1840 orthodoxe
1310 1807 1385 1841 fidei
1420 1808 1582 1841 zelatores
1617 1808 1726 1852 vigilis
1768 1810 1983 1854 speculatoris

143 1867 357 1899 ministerium
373 1868 493 1910 iugiter
511 1877 710 1900 exercemus
730 1871 763 1900 ut
779 1871 891 1900 contra
909 1866 1092 1900 huiusmodi
1107 1866 1314 1901 execrabiles
1330 1867 1479 1901 homines
1502 1879 1561 1914 per
1575 1867 1664 1902 orbis
1681 1869 1851 1903 elimatam
1870 1870 1985 1916 quibus

144 1924 312 1959 christ-iani
352 1929 493 1960 nominis
533 1927 638 1961 cultus
675 1931 767 1972 viget
796 1938 861 1961 non
897 1927 979 1960 desit
1013 1926 1135 1971 indago
1169 1927 1309 1973 diligens
1348 1940 1410 1962 nec
1451 1929 1589 1963 desistat
1627 1929 1809 1963 huiusmodi
1844 1941 1985 1975 namque

147 1988 345 2031 provisionis
373 1987 535 2022 cautelam
564 1991 596 2021 in
624 1988 744 2033 Regno
774 1992 826 2022 tuo
856 1987 1101 2021 christianitatis
1138 1988 1227 2021 titulo
1255 1991 1410 2033 insignito
1445 1989 1603 2023 adhibere
1632 1990 1782 2024 volentos
1811 2002 1852 2024 ne
1880 1991 1984 2024 latens

146 2049 178 2080 in
205 2057 246 2081 eo
275 2050 378 2093 pestis
411 2047 557 2082 heretica
597 2059 670 2083 cum
710 2049 842 2094 vulpine
877 2051 1066 2093 sagacitatis
1102 2051 1222 2082 astutia
1255 2060 1390 2095 serpere
1423 2050 1534 2083 valcat
1571 2055 1603 2084 et
1637 2054 1826 2095 contagium
1862 2055 1985 2085 erroris

146 2109 256 2141 iacere
283 2111 315 2141 in
352 2109 519 2154 simplices
561 2112 687 2142 animas
723 2109 863 2143 fidelium
900 2109 1034 2142 aliorum
1072 2120 1110 2142 ac
1148 2108 1188 2142 de
1223 2109 1329 2143 dilecti
1364 2110 1418 2144 filii
1453 2110 1538 2144 Petri
1572 2111 1612 2144 de
1639 2110 1833 2145 Naczeracz
1861 2112 1985 2146 ordinis

145 2168 278 2201 fratrum
308 2171 467 2203 minorum
496 2170 668 2215 prudentie
698 2170 852 2204 industria
882 2174 912 2203 et
941 2170 981 2202 de
1010 2172 1111 2215 ipsius
1140 2169 1274 2203 fervore
1303 2170 1487 2204 devotionis
1517 2176 1549 2205 et
1577 2171 1650 2205 iidei
1679 2172 1719 2205 de
1746 2172 1862 2218 quibus
1890 2174 1984 2207 nobis

145 2240 163 2262 a
192 2228 254 2262 lide
283 2228 390 2273 dignis
418 2232 516 2263 etiam
545 2230 620 2264 dicti
649 2231 771 2264 ordinis
800 2230 962 2264 laudabile
992 2232 1211 2263 testimonium
1240 2230 1430 2276 perhibetur
1458 2232 1586 2277 plenam
1613 2235 1644 2266 in
1671 2232 1814 2267 Domino
1834 2234 1983 2268 fiduciam

144 2288 331 2323 obtinentes
359 2300 432 2323 eum
461 2290 622 2335 elegimus
651 2291 690 2324 ad
720 2291 902 2325 huiusmodi
923 2290 1137 2324 solicitudinis
1157 2302 1269 2324 curam
1294 2291 1481 2338 laborisque
1507 2295 1670 2326 sarcinam
1691 2297 1755 2327 tam
1775 2298 1983 2328 necessarias

145 2360 240 2396 quam
270 2349 419 2384 salubres
447 2351 488 2384 ad
523 2350 682 2385 honorem
711 2351 773 2385 Dei
808 2356 840 2385 et
880 2351 1114 2385 exaltationem
1150 2351 1223 2384 lidei
1266 2352 1423 2397 prelibate
1459 2353 1647 2398 specialiter
1683 2355 1924 2400 supportandas
1953 2361 1983 2388 et

146 2409 254 2444 debite
284 2421 322 2444 ac
354 2415 450 2456 prout
486 2415 565 2445 tanti
608 2415 732 2457 negotii
770 2413 914 2446 arduitas
948 2414 1051 2449 exierit
1085 2411 1302 2457 exequendas
1345 2413 1471 2446 solicite
1506 2424 1544 2446 ac
1586 2413 1765 2459 prudenter
1799 2415 1983 2462 dictumque

146 2470 277 2504 Petrum
307 2470 534 2516 Inquisitorem
564 2471 723 2506 hereseos
751 2475 783 2506 in
804 2472 944 2506 Civitate
973 2476 1003 2504 et
1031 2471 1164 2505 Dioccsi
1199 2472 1407 2506 Olomucensi
1436 2484 1494 2518 per
1523 2478 1653 2508 nostras
1681 2474 1804 2509 litteras
1831 2476 1982 2510 duximus

145 2531 365 2576 deputandum
402 2534 454 2576 qui
496 2534 583 2566 iuxta
621 2535 766 2566 instituta
803 2535 962 2566 canonica
1001 2543 1101 2578 super
1129 2532 1189 2566 hiis
1217 2534 1422 2578 promulgata
1451 2534 1547 2566 Clero
1577 2539 1607 2568 et
1642 2536 1762 2581 populo
1791 2540 1982 2570 auctoritat‹¹

145 2591 324 2636 apostolica
354 2595 548 2625 convocatis
575 2593 767 2637 generalem
796 2593 1052 2639 predicationem
1082 2595 1113 2626 in
1148 2593 1241 2626 dictis
1277 2592 1418 2627 Civitate
1453 2606 1491 2627 ac
1528 2594 1659 2629 Diocesi
1688 2596 1740 2630 ubi
1770 2602 1800 2630 et
1830 2600 1980 2642 quotiens
