2184 2828
1008 101 1080 136 529

125 225 157 255 et
185 219 374 266 Santhpach
403 229 477 252 cum
505 228 620 252 eorum
650 218 824 265 appendijs
860 217 982 252 suerint
1010 218 1216 263 integraliter
1253 218 1417 253 exsoluta.
1448 219 1608 253 Predictis
1640 219 1791 254 omnibus
1820 231 1880 266 per
1908 231 1968 254 nos

125 282 338 316 Czenkonem
373 279 514 313 finaliter
549 279 757 323 dtsbrigatis‚
794 279 959 325 expeditis
995 285 1028 313 et
1061 279 1268 323 integraliter
1305 279 1497 325 completis9
1534 280 1688 314 volumus
1724 281 1967 316 nichilominus*

122 342 208 388 quod
237 340 394 387 sepedicti
415 340 552 374 Patruus
581 344 614 373 et
642 339 746 373 frater
774 343 879 374 nostri
909 340 1074 374 karissimi
1103 352 1142 374 ac
1163 351 1277 373 eornm
1298 340 1443 374 heredes
1466 341 1557 374 Bona
1586 346 1697 375 nostra
1720 341 1968 387 Schaylzowicz

121 408 152 437 et
185 401 383 435 Hostradicz
418 412 492 435 eum
527 411 642 434 eorum
679 402 896 446 pertinencijs
932 404 1065 434 nomine
1093 403 1242 446 pignoris
1273 405 1428 443 teneant,
1464 401 1659 446 possideant
1687 413 1726 436 ac
1756 401 1967 443 vtifruantui·‚

120 462 228 496 donec
256 460 410 496 Castrum
440 460 583 495 Schritiz
612 472 684 495 cum
716 464 785 494 suis
815 461 916 495 Bonis
945 466 976 495 et
1004 463 1219 508 pertinencijs
1250 464 1417 495 vniuersis
1439 464 1519 507 ipsis
1540 462 1743 496 sufficienter
1771 467 1802 496 et
1829 463 1970 496 totaliter

120 522 218 557 fuerit
247 522 477 567 disbi·igatuu]‚
507 521 583 555 Istis
613 521 764 555 omnibus
793 523 998 566 generaliter
1026 523 1164 567 singulis
1193 533 1231 555 ae
1261 522 1474 566 singulariter
1502 525 1668 557 vniueisis
1705 527 1742 556 vt
1770 526 1969 569 premissum

120 587 172 617 est
199 582 239 616 ad
269 582 368 616 linem
397 583 540 616 totaliter
574 583 734 628 expletis.
765 587 795 615 et
825 594 884 628 per
912 594 974 616 nos
1004 582 1219 616 Czenkonem
1249 585 1320 616 sine
1351 582 1426 615 dolo
1456 582 1617 627 quolibet,
1650 583 1793 617 finaliter
1821 583 1971 617 deductis

118 643 188 678 Nos
226 643 403 677 Ileinricus
437 643 734 687 wissegradensis
772 642 926 677 Ecclesie
965 647 1168 689 prepositus‚
1199 654 1238 676 ac
1268 643 1445 676 Bertoldus
1483 643 1523 676 de
1552 642 1645 689 Lypa
1676 644 1814 689 predicti
1843 649 1971 690 partem

118 703 309 738 hereditatis
339 706 441 749 ipsius
470 703 591 737 domini
620 702 821 737 Czenlzonis.
853 708 964 749 vtputa
995 704 1199 737 Clirumnow
1228 715 1301 737 cum
1333 704 1408 747 alijs
1438 703 1552 745 Bonis,
1584 715 1656 737 enm
1686 716 1746 750 per
1775 704 1970 738 diuisionem

118 764 364 809 contingetibus
403 764 489 798 bona
525 768 557 798 et
593 767 724 798 sincera
761 769 875 798 nostra
915 765 978 798 lide
1008 768 1080 798 sine
1114 764 1188 798 dolo
1218 769 1249 798 et
1285 764 1476 798 difficultate
1505 764 1704 809 quibuslibet
1734 768 1795 811 ipsi
1834 776 1873 799 ac
1903 768 1972 799 suis

119 825 297 860 heredibus
325 827 503 859 restituere
531 829 563 858 et
592 828 623 858 in
654 828 724 858 eius
753 830 951 870 potestatem
983 825 1114 859 tradere
1150 828 1368 871 promittimus
1400 825 1541 859 finaliter
1570 829 1603 858 et
1632 824 1811 869 debemus„
1841 825 1972 859 Nicliil-

118 889 248 921 ominus
281 896 342 920 nos
377 885 555 919 Heinricus
588 887 778 931 prepositus
814 885 1110 930 wissegradensis
1145 885 1321 919 Bertoldus
1365 890 1397 919 et
1433 885 1569 919 Czenlio
1614 885 1654 918 de
1695 885 1788 932 Lypa
1834 886 1970 931 predicti

118 947 387 982 Renuncciamus
416 957 580 992 expresse
609 949 698 980 omni
727 946 797 980 Juri
827 949 955 980 accioni
985 949 1186 992 inipeticioni
1216 958 1277 980 sev
1297 949 1491 992 repeticioni
1513 946 1757 992 qualicumque,
1789 957 1851 991 que
1876 946 1971 980 nobis

118 1007 159 1041 ad
187 1010 351 1053 premissa
379 1006 554 1051 suffragari
583 1011 721 1052 possent
750 1010 781 1040 in
811 1008 933 1052 aliquo,
964 1007 1198 1041 Promittentes
1229 1007 1367 1041 tirmiter
1396 1011 1427 1040 et
1457 1010 1590 1040 sincere
1620 1010 1692 1040 sine
1729 1007 1821 1049 dolo5
1857 1011 1971 1040 contra

116 1068 266 1115 predicta
300 1071 410 1102 omnia
445 1072 477 1101 et
513 1068 644 1112 singula
680 1072 711 1101 et
753 1067 921 1113 quodlibet
953 1079 1067 1102 eorum
1104 1072 1136 1102 in
1172 1072 1239 1101 toto
1275 1068 1328 1101 vel
1365 1071 1395 1101 iu
1433 1072 1525 1113 parte
1561 1067 1601 1101 de
1631 1071 1702 1101 iure
1730 1068 1785 1101 vel
1815 1067 1856 1101 de
1885 1067 1972 1101 sacto

116 1129 304 1163 nullatenus
341 1127 455 1162 facere
488 1128 543 1162 vel
579 1131 715 1171 venire,
751 1128 875 1162 Harum
910 1128 1026 1175 quibus
1061 1128 1176 1174 Sigilla
1212 1133 1326 1162 nostra
1362 1133 1393 1162 et
1429 1128 1691 1174 subscriptorum
1730 1131 1911 1162 amicorum
1941 1133 1972 1162 et

118 1189 261 1224 fidelium
290 1194 493 1232 nostrorum⁷
523 1199 606 1234 quos
635 1200 694 1235 pro
724 1189 862 1223 testibus
892 1193 1084 1234 rogauimus
1114 1189 1228 1234 Sigilla
1258 1189 1298 1223 de
1327 1194 1419 1223 certa
1439 1194 1554 1222 nostra
1576 1192 1724 1222 sciencia
1754 1188 1970 1234 appendenda

119 1251 272 1284 duximus
302 1253 491 1284 testimonio
519 1250 702 1284 literarum.
758 1249 828 1284 Nos
858 1250 938 1283 Poto
968 1250 1008 1283 de
1038 1250 1205 1295 Tiirgow,
1234 1250 1369 1284 U‘anco
1399 1254 1431 1283 et
1459 1250 1560 1283 Jesco
1590 1250 1630 1284 de
1660 1250 1795 1284 Vt‘essel
1827 1250 1902 1283 dicti
1933 1249 1972 1283 de

117 1311 359 1355 Wartenherk‚
389 1311 496 1345 Hinco
525 1310 566 1344 de
594 1311 779 1356 Plessings‚
811 1310 886 1345 Otto
916 1311 956 1344 ‹le
982 1311 1108 1354 Mileim
1136 1311 1294 1345 Nicolaus
1323 1311 1482 1345 Gorwicz
1512 1316 1543 1344 et
1566 1310 1702 1344 Sdenlio
1729 1311 1770 1344 de
1799 1310 1972 1344 Trzebacz

117 1383 178 1418 per
205 1372 374 1418 predictos
402 1371 554 1406 dominos
583 1371 777 1405 Heinricum
807 1375 1010 1417 prepositum
1031 1372 1221 1406 Bertoldum
1251 1377 1283 1406 et
1303 1371 1518 1406 Czenkonem
1548 1371 1589 1405 de
1617 1371 1710 1417 Lypa
1739 1371 1779 1405 ad
1808 1374 1972 1417 premissa

116 1433 305 1479 specialiter
332 1436 440 1477 rogati
469 1443 528 1478 pro
557 1432 697 1466 testibus
728 1432 843 1481 Sigilla
874 1437 990 1466 nostra
1019 1444 1093 1466 cum
1123 1433 1240 1478 sigillis
1270 1444 1386 1467 eorum
1414 1432 1628 1479 presentibus
1658 1432 1801 1478 appendi
1830 1432 1973 1466 manda-

115 1497 222 1527 uimus
251 1496 284 1527 in
312 1496 472 1528 maiorem
500 1496 739 1539 premissorum
768 1493 999 1526 certitudinem
1029 1498 1063 1527 et
1091 1494 1268 1527 cautelam.
1324 1494 1444 1528 Datum
1477 1493 1613 1527 Brunne
1651 1493 1703 1527 die
1734 1493 1836 1527 Beate
1864 1492 1972 1527 Marie

115 1554 328 1600 Magdelene,
357 1554 458 1589 Anno
488 1554 611 1588 domini
639 1553 816 1588 Millesimo
847 1554 1100 1588 Trecentesimo
1131 1552 1399 1599 Quadragesimo
1430 1555 1593 1601 Septimo.

423 1660 508 1693 (Nacti
534 1661 610 1686 einer
634 1660 717 1694 Copie
743 1661 766 1685 in
793 1660 851 1685 (lem
877 1660 1036 1693 fragmento
1062 1660 1110 1685 dos
1127 1660 1344 1694 Papier-Coslex
1369 1660 1413 1686 Ni:
1437 1660 1497 1686 *264
1524 1669 1571 1686 ans
1596 1660 1643 1685 cler
1667 1660 1698 1685 ΙΙ.
1722 1659 1809 1685 Halste
1834 1659 1881 1685 des
1902 1659 1971 1685 xiv.

528 1711 743 1738 Jahrliundertes
768 1712 794 1738 S.
825 1712 871 1745 16,
897 1713 921 1737 in
947 1712 995 1737 dei·
1019 1712 1217 1738 Cerronisclien
1243 1713 1408 1745 Saminluug„
1433 1713 1466 1738 im
1492 1713 1574 1738 malir.
1594 1712 1680 1738 stand.
1698 1711 1936 1743 Laridesareliive.)

990 1884 1094 1919 717.

115 1980 262 2025 ιΙοΙιαηη,
291 1981 388 2016 Solen
412 1983 471 2016 des
499 1982 632 2027 Kom'qs
652 1993 717 2016 eon
737 1980 963 2015 Frank-reich.
994 1981 1197 2025 cerspre'cht.
1227 1982 1270 2015 K.
1300 1982 1393 2015 Karl
1418 1981 1480 2016 IV.
1509 1993 1618 2027 qeqen
1648 1981 1716 2014 alle
1736 1979 1864 2014 Fee‘nde
1893 1978 1973 2012 bei-

259 2043 379 2077 slehen
406 2055 448 2077 zu
476 2043 610 2077 vcolleu.
654 2043 714 2077 Dt.
746 2044 777 2076 ῖη
808 2043 966 2076 tentoriis
990 2053 1102 2086 prope
1130 2041 1329 2076 Lomberies
1357 2044 1411 2076 tle'e
1439 2043 1502 2078 Il'.
1533 2043 1683 2087 Auyuslc'
1713 2041 1822 2074 1347.

266 2134 459 2190 :lohannes
481 2159 721 2202 primogenitus
744 2156 829 2190 silius
852 2155 956 2199 Regis
978 2154 1122 2188 Francie
1147 2155 1214 2188 dux
1231 2154 1434 2190 Normandie
1450 2161 1483 2190 et
1504 2155 1685 2190 Generinic
1702 2153 1822 2187 Comes
1840 2152 1972 2186 Picauie

114 2213 316 2259 Andegauie
343 2220 376 2250 et
403 2216 622 2251 Senomausis
650 2217 806 2251 Facimus
842 2219 929 2250 scire
959 2215 1043 2261 quod
1073 2226 1135 2249 nos
1170 2215 1422 2251 considerantes
1452 2228 1599 2250 amorem
1630 2214 1808 2248 afinitatem
1838 2224 1973 2258 genea-

113 2275 222 2319 logam
253 2286 316 2321 que
345 2281 420 2310 sunt
447 2282 479 2311 et
507 2290 584 2312 esse
614 2278 725 2312 dicunt
753 2281 840 2311 inter
859 2276 1083 2311 excellentem
1111 2280 1143 2309 et
1169 2280 1399 2321 prepotentem
1419 2280 1601 2323 principem
1624 2276 1791 2308 dominum
1812 2273 1970 2308 Karolum

113 2335 164 2369 dei
193 2338 307 2379 gracia
337 2335 465 2381 Regem
495 2338 721 2373 Romanorum
751 2343 783 2372 et
813 2338 949 2371 ssoemie
978 2340 1127 2370 nostrum
1157 2339 1367 2370 carissimum
1397 2337 1533 2372 fratrem
1564 2336 1605 2370 ab
1626 2347 1691 2369 vna
1713 2339 1818 2381 parte„
1849 2339 1882 2369 et
1909 2345 1971 2369 nos

111 2400 145 2430 et
178 2400 311 2430 nostros
349 2407 471 2442 pueros
507 2410 586 2433 suos
623 2404 764 2445 nepotes
800 2398 840 2432 ab
879 2399 1003 2439 altera7
1040 2400 1258 2443 promittimus
1293 2396 1379 2431 bona
1415 2398 1479 2432 fide
1514 2402 1545 2431 et
1582 2398 1762 2430 iul-animus
1792 2395 1881 2441 quod
1909 2406 1971 2429 nos

113 2456 340 2490 custodiemus
376 2468 434 2502 pro
468 2463 581 2493 nostro
617 2471 718 2505 posse
747 2460 908 2494 bonorem
944 2457 1127 2503 profectum
1165 2462 1198 2491 et
1234 2462 1354 2492 statum
1384 2458 1459 2492 dicti
1489 2460 1591 2492 nostri
1620 2456 1754 2500 fratris‚
1785 2455 1825 2490 Et
1854 2459 1881 2490 si
1911 2466 1971 2489 nos

113 2519 258 2551 sciemus
293 2517 381 2562 quod
417 2517 516 2563 aliqui
551 2520 692 2554 eundem
723 2521 849 2554 vellent
877 2530 1022 2563 grauare
1061 2520 1093 2552 in
1122 2529 1266 2564 persona
1297 2518 1348 2552 uel
1386 2522 1418 2552 in
1448 2518 1541 2552 bonis
1571 2528 1632 2551 nos
1660 2520 1751 2563 ipsos
1781 2519 1828 2550 eis
1858 2527 1969 2562 oppo-

111 2588 247 2621 nemus,
283 2582 315 2611 et
352 2577 568 2623 impediemus
604 2584 670 2614 toto
705 2586 819 2616 nostro
850 2591 960 2627 posse.
1004 2579 1040 2613 In
1076 2581 1298 2613 testimonium
1338 2578 1434 2614 huius
1470 2590 1530 2612 nos
1566 2578 1706 2612 fecimus
1742 2577 1879 2621 sigillari
1909 2576 1968 2610 bas

1758 2637 1798 2666 67
