2184 2828
958 110 1028 145 589

78 229 269 263 Peschlinus
298 227 499 270 Smelczlinn
529 232 562 261 et
590 227 761 262 Elizabeth
790 239 878 262 vxor
907 231 989 266 eiusq
1019 232 1111 274 pater
1138 229 1242 272 ipsius
1270 225 1431 270 legauerit
1461 227 1600 271 singulis
1630 230 1724 260 annis
1745 228 1911 269 censuari,

77 293 133 324 vni
162 290 202 324 de
229 289 395 335 nepotulis
424 292 503 331 suis‚
533 299 678 322 marcam
700 300 822 323 census
842 288 1045 333 hereditarii,
1075 287 1161 334 quod
1182 290 1286 320 eciam
1307 287 1471 321 nitebatur
1496 287 1649 333 probare,
1680 287 1783 322 literis
1812 299 1913 333 super

76 353 271 384 testamento
301 348 475 392 confectis,
505 353 537 382 et
565 349 650 394 quod
680 349 813 383 Marcus
843 349 983 383 eundem
1012 359 1161 390 censum,
1191 351 1245 393 qui
1273 350 1389 393 pocius
1411 348 1448 381 ad
1470 349 1568 382 lilium
1598 359 1692 382 suum
1721 351 1913 393 pertineret,

75 413 170 444 annis
204 409 343 454 singulis
373 410 481 446 tollat.
518 420 591 442 eum
627 412 658 443 111
695 421 776 443 vsus
804 419 883 443 suos
912 412 1064 456 proprios
1092 408 1332 442 conuertendo.
1368 407 1501 442 Marcus
1530 420 1613 442 vero
1642 409 1680 442 ad
1712 408 1817 442 dictas
1847 413 1913 442 tres

76 473 297 516 querimonias
332 469 540 515 respondens
577 469 675 505 dixit,
710 469 794 516 quod
828 475 998 516 promptus
1039 473 1132 503 esset
1165 472 1250 514 pati,
1296 468 1337 502 de
1378 468 1638 515 quibuscumque
1674 469 1842 502 literarum
1882 473 1915 502 et

74 530 209 565 fratrum
240 541 375 564 suorum
403 530 492 564 Luce
520 534 552 563 et
579 529 742 564 Johannis
772 534 972 572 testimonio.v
1002 529 1154 564 Matbeus
1175 540 1247 562 eum
1269 532 1419 562 vinceret
1448 529 1552 563 forma
1574 529 1674 563 Juris.
1703 528 1774 563 Nos
1804 532 1915 574 itaque

74 591 185 625 Judex
219 595 251 625 et
285 591 390 625 Jurati
418 593 595 624 veritatem
624 591 665 624 de
693 594 864 637 premissis
897 594 1102 635 inuestigare
1136 590 1307 623 volentes.
1348 593 1542 623 vocauimus
1571 589 1707 623 fratrem
1735 588 1915 623 Lutherum

73 655 217 698 priorem
246 651 503 698 predicatorum,
533 651 698 685 dominum
728 651 1015 684 Wachsmundum
1044 650 1348 684 commendatorem
1382 649 1497 683 domus
1532 653 1563 683 in
1599 653 1730 696 antiqua
1767 649 1916 692 Brunna,

74 712 210 747 fratrum
247 712 373 746 ordinis
406 714 513 746 sancti
548 711 709 745 Johaunis
747 711 1021 754 Jerosolimita11i‚
1061 715 1092 744 et
1132 711 1298 744 dominum
1334 710 1466 744 Petrum
1509 710 1681 756 plebanum
1721 710 1762 743 de
1797 713 1916 744 sancto

73 772 212 815 Jacobo‚
242 777 419 818 querentes
449 771 489 806 ab
519 775 579 815 eis,
609 772 750 818 qualiter
777 771 910 806 Marcus
939 776 1168 806 testamentum
1198 774 1300 817 patris
1329 774 1378 804 sui
1408 774 1438 804 in
1461 770 1624 815 Ecclesijs
1645 781 1757 804 eorum
1787 773 1916 814 ageret,

75 838 183 868 vtrum
213 832 334 879 aliquid
362 832 402 866 de
422 832 690 877 contingentibus
710 837 742 866 et
760 832 920 866 ordinatis
948 832 1142 866 obmitteret.
1172 836 1203 865 et
1225 836 1330 865 Vtrum
1356 835 1459 877 ipsum
1482 831 1521 864 de
1542 831 1702 876 aliquibus
1722 831 1918 875 negliencijs

74 898 285 928 accusarent.
313 893 368 927 Ad
396 893 483 939 quod
512 892 758 927 Conmendator
785 898 817 927 et
846 892 1006 938 plebanus
1035 892 1289 938 responderunt.
1321 892 1406 936 quod
1434 891 1548 926 Marco
1578 903 1678 937 super
1707 895 1917 925 execucione

75 955 152 989 dicti
181 956 366 988 testamenti
393 964 460 987 non
489 953 695 988 ascriberent
723 954 852 999 culpam
882 954 936 988 vel
965 955 1184 998 neglienciam
1214 954 1402 999 aliqualem.
1441 953 1533 986 Prior
1562 963 1644 986 vero
1673 952 1918 997 predicatorum

75 1015 188 1049 literas
217 1014 375 1060 quasdam
404 1017 436 1048 in
465 1013 673 1048 Theutunico
703 1017 863 1060 scriptas²
894 1014 1010 1060 quihus
1039 1025 1184 1060 appensa
1214 1013 1344 1047 suerunt
1379 1016 1554 1059 prescripti
1584 1012 1728 1046 Conradi
1762 1012 1919 1046 Poherli-

75 1079 183 1118 czeri,
218 1075 392 1110 Bartuschi
427 1075 591 1120 quondam
627 1074 732 1108 Jurati
769 1074 856 1109 Ciuis
887 1074 1109 1117 Brunnensts,
1143 1079 1175 1108 et
1203 1074 1324 1108 domini
1352 1073 1480 1108 Nicolai
1516 1074 1556 1107 de
1584 1073 1721 1107 Telnicz
1755 1073 1920 1118 quondam

76 1137 237 1171 Canonici
266 1136 418 1170 Ecclesie
446 1138 552 1169 sancti
583 1135 671 1169 Petri
700 1139 730 1169 in
761 1135 896 1169 Brvnna
927 1136 1035 1180 sigilla
1064 1135 1222 1177 exhibuit,
1253 1134 1370 1181 quibus
1400 1134 1529 1180 publice
1558 1135 1663 1177 lectis,
1695 1134 1799 1167 dictus
1827 1133 1921 1166 Prior

75 1199 285 1242 recognoust,
307 1196 400 1241 quod
429 1199 462 1230 in
491 1196 563 1231 biis.
594 1208 658 1242 que
686 1195 819 1230 Marcus
849 1196 1019 1242 bucusque
1040 1196 1079 1230 de
1099 1196 1268 1242 sepedicto
1298 1200 1496 1230 testamento
1516 1195 1643 1229 fecerit.
1673 1197 1713 1228 sit
1733 1199 1918 1228 contentus,

76 1258 125 1292 Eo
155 1262 263 1291 tamen
291 1257 395 1300 saluo,
425 1259 454 1291 si
482 1260 513 1290 in
543 1261 714 1303 posterum
743 1268 809 1290 non
839 1257 942 1291 solum
971 1256 1135 1299 Marcum„
1165 1257 1223 1291 sed
1252 1261 1286 1290 et
1315 1256 1481 1290 Matbeum
1510 1253 1647 1290 Lucam*
1668 1260 1697 1289 et
1732 1254 1919 1289 ¹Iohannem

77 1330 176 1364 super
205 1317 366 1363 aliquibus
395 1320 427 1351 in
456 1317 542 1351 dicto
571 1322 767 1351 testamento
797 1317 969 1363 bucusque
998 1317 1216 1351 effectualiter
1244 1328 1308 1351 non
1339 1318 1521 1362 completis,
1553 1317 1593 1350 de
1622 1316 1757 1349 fratrum
1787 1326 1920 1349 suorum

77 1380 216 1413 consilio
236 1379 425 1412 decreuerit
444 1381 615 1424 impetere.
647 1389 705 1411 seu
726 1378 932 1411 ι111111011111101·
951 1381 1141 1412 conuenire.
1171 1378 1257 1412 Dicti
1279 1389 1409 1424 quoque
1430 1378 1550 1411 fratres
1570 1377 1677 1411 Lucas
1698 1381 1729 1409 et
1749 1376 1921 1409 Jobannes

77 1440 118 1473 de
146 1439 249 1473 tribus
277 1442 398 1473 marcis
427 1449 560 1481 census,
590 1450 673 1484 quas
700 1437 852 1472 Matlieus
882 1442 913 1472 in
942 1439 1087 1472 secunda
1117 1442 1320 1484 querimonia
1350 1442 1591 1480 nominauerat,
1621 1438 1661 1470 ad
1691 1448 1804 1470 eorum
1834 1447 1921 1470 con-

78 1503 258 1534 scienciam
286 1502 492 1544 interrogata
521 1499 797 1545 119511011110111111ἓ
827 1502 875 1533 eis
905 1500 1002 1532 nichil
1032 1500 1071 1533 de
1099 1499 1162 1533 hoc
1190 1504 1363 1542 constare2
1394 1499 1594 1541 adicientes,
1624 1497 1710 1543 quod
1739 1500 1848 1531 omnia
1879 1508 1923 1530 ex

78 1560 167 1595 obitu
195 1563 298 1606 patris
326 1571 439 1594 eorum
469 1559 509 1594 ad
539 1563 630 1606 ipsos
659 1559 824 1605 deuolutaff
855 1564 918 1593 tam
949 1563 981 1594 111
1011 1559 1178 1594 censibus.
1209 1571 1305 1606 quam
1335 1563 1367 1594 111
1397 1560 1469 1593 aliis
1498 1558 1671 1593 mobilibus
1707 1563 1737 1592 et
1766 1557 1923 1591 immobi-

78 1621 161 1655 libus
191 1624 276 1654 inler
303 1623 395 1667 ipsos
424 1625 457 1654 et
485 1620 605 1654 fratres
634 1631 748 1654 eorum
778 1619 925 1654 Marcum
955 1625 987 1654 et
1015 1620 1182 1654 Matbeum
1213 1625 1311 1663 sorte„
1342 1621 1416 1665 quid
1438 1623 1618 1666 vnicuique
1647 1619 1920 1669 cederet-missa.

77 1681 125 1716 Ita
161 1681 247 1728 quod
279 1681 379 1715 nichil
415 1680 574 1727 superflui
606 1684 803 1715 remanserit
840 1680 1012 1715 distributa
1042 1686 1117 1715 sunt
1144 1682 1304 1727 equaliter
1332 1686 1363 1714 et
1391 1681 1513 1723 diuisa,
1551 1685 1581 1714 et
1619 1680 1704 1726 quod
1741 1680 1826 1712 dicte
1854 1684 1923 1712 tres

79 1753 192 1776 marce
220 1753 355 1784 census,
384 1745 444 1788 ipsi
474 1741 588 1776 Marco
617 1747 647 1775 et
677 1745 744 1775 suis
774 1741 952 1775 heredibus
982 1744 1146 1775 cesserint
1174 1745 1376 1776 nominatim.
1426 1741 1534 1787 Super
1562 1744 1663 1774 tercia
1695 1751 1776 1773 vero
1806 1742 1924 1783 queri-

79 1806 204 1847 monia,
233 1803 319 1837 lecta
348 1802 405 1836 fuit
434 1802 574 1849 quedam
604 1803 696 1836 litera
726 1802 947 1845 'l'beutuuica‚
987 1813 1049 1847 que
1085 1805 1292 1836 mencionem
1328 1801 1470 1836 faciebat
1499 1802 1539 1835 de
1574 1813 1685 1835 marca
1714 1811 1836 1833 census
1865 1810 1924 1845 per

80 1863 267 1898 Conradum
286 1863 508 1898 Poherliczeri
530 1864 638 1898 taliter
666 1864 787 1908 legata.
817 1862 902 1908 quod
931 1866 1044 1896 senior
1071 1863 1154 1896 lilius
1183 1866 1269 1897 inter
1297 1863 1490 1897 sacerdotes
1514 1862 1554 1896 de
1575 1865 1754 1895 amicorum
1785 1859 1922 1893 consilio

81 1923 198 1958 dictam
231 1935 376 1958 marcam
413 1925 509 1958 alicui
548 1924 588 1958 de
624 1925 787 1970 nepotulis
827 1924 968 1957 Conradi
1008 1924 1079 1969 plus
1116 1923 1275 1967 indigenti
1312 1924 1390 1957 dare
1427 1923 1579 1957 deberet.
1617 1927 1645 1955 et
1682 1921 1798 1954 eadem
1829 1921 1922 1953 litera

81 1983 222 2018 habebat
250 1985 356 2029 sigilla
387 1989 515 2018 testium
546 1985 767 2031 quorundam.
797 1984 936 2029 sigillum
967 1988 1073 2017 autem
1104 1984 1268 2019 Chonradi
1297 1984 1530 2023 Poherliczeri„
1561 1983 1646 2029 quod
1675 1981 1863 2027 specialiter
1891 1983 1922 2013 111

82 2055 121 2078 ea
150 2045 389 2087 1101111111111111111τ
421 2045 483 2079 sibi
513 2056 696 2091 appensum
726 2057 790 2079 non
822 2044 974 2078 babebat.
1005 2044 1164 2079 Dominus
1185 2048 1290 2079 eciam
1311 2045 1429 2087 Lucas‚
1461 2049 1676 2078 executorem
1706 2042 1789 2075 dicte
1811 2051 1924 2074 marce

86 2117 122 2139 se
152 2108 335 2149 nominans,
365 2106 509 2148 dicebat,
539 2110 565 2140 si
589 2106 690 2140 frater
710 2117 788 2139 suus
809 2105 973 2140 Δ1111111005.
1004 2108 1107 2150 11151101
1138 2106 1179 2138 de
1209 2106 1293 2139 dicta
1322 2117 1447 2147 marca,
1478 2105 1538 2139 sibi
1568 2106 1755 2143 1011111115511τ
1786 2101 1923 2135 baberet

85 2170 117 2199 et
146 2164 245 2198 vellet
273 2168 443 2212 impeterc‚
473 2167 558 2211 quod
593 2167 655 2200 boc
683 2168 808 2200 faceret
840 2170 868 2199 iu
898 2166 1017 2200 iudicio
1046 2169 1225 2207 canonico.¹
1262 2166 1316 2200 vbi
1346 2171 1478 2212 paratus
1507 2165 1566 2199 sibi
1597 2168 1684 2197 esset
1720 2162 1760 2195 de
1797 2164 1923 2195 iusticia

85 2225 301 2271 respondere.
331 2226 382 2260 Ex
409 2227 560 2261 omnihus
590 2231 687 2272 igitur
707 2227 912 2273 supradictis.
943 2225 1012 2259 Nos
1034 2226 1110 2260 Otto
1131 2226 1237 2259 dictus
1258 2226 1385 2260 Niessel
1405 2227 1568 2271 Magister
1589 2226 1725 2257 Cinium.
1756 2225 1925 2268 ceterique

85 2286 189 2320 Jurati
218 2289 405 2332 prescripti,
434 2288 552 2322 Coram
581 2288 734 2322 Jobanne
764 2286 956 2328 liberum-di,
988 2286 1174 2320 Tbeodrico
1205 2287 1290 2320 dicto
1321 2287 1473 2322 Gleseiu.
1512 2291 1543 2319 et
1571 2283 1775 2322 Anscbelmo
1803 2282 1925 2316 Juratis

87 2350 249 2392 antiquis,
285 2357 414 2380 necnon
450 2359 562 2382 coram
597 2348 733 2394 prefatis
763 2348 920 2381 dominis.
959 2347 1072 2381 Priore
1102 2347 1362 2390 predicatorum,
1401 2346 1685 2384 commendatore„
1722 2348 1755 2377 et
1783 2343 1924 2390 plebano

88 2406 240 2441 Ecclesie
277 2409 380 2440 sancti
410 2406 544 2451 Jacobi,
580 2420 639 2454 pro
676 2408 789 2442 Marco
827 2408 1030 2441 ‹lisliuitiuam
1071 2408 1201 2441 tulimus
1238 2412 1443 2442 sentenciam
1480 2411 1509 2440 iu
1545 2406 1630 2439 bunc
1659 2405 1809 2447 modum,
1840 2403 1926 2449 quod

89 2471 160 2513 ipse
190 2472 221 2500 et.
259 2466 398 2500 heredes
427 2471 491 2510 5111,
521 2468 562 2502 de
590 2473 772 2515 prenotatis
807 2468 909 2502 tribus
938 2470 1152 2513 querimouijs
1181 2480 1241 2514 per
1268 2468 1433 2503 Mathe-um
1464 2479 1505 2500 ex
1535 2478 1593 2499 eo.
1624 2465 1708 2512 quod
1739 2469 1769 2499 in
1799 2464 1926 2510 proba-

90 2531 186 2562 cione
215 2527 347 2569 defecit,
377 2527 438 2560 sibi
469 2531 575 2572 motis,
605 2534 680 2564 sunt
706 2529 921 2564 Justicialiter
949 2528 1101 2571 absoluti,
1131 2540 1231 2574 super
1260 2528 1361 2563 tribus
1390 2531 1508 2562 marcis
1530 2538 1649 2560 census
1679 2530 1708 2560 111
1731 2526 1926 2567 Stiliowicz,

90 2599 154 2633 que
183 2589 222 2622 ad
251 2592 356 2634 ipsum
386 2587 550 2632 Marcum,
580 2593 612 2623 et
639 2589 780 2625 heredes
809 2601 887 2624 suos
917 2592 1004 2623 111510
1033 2588 1222 2624 hereditatis
1252 2590 1342 2624 titulo
1370 2587 1595 2635 pertinebunt,
1625 2590 1684 2633 ipsi
1717 2586 1865 2629 Matheo,
1895 2589 1928 2618 et
