2184 2828
1028 128 1102 162 8-10

298 248 332 282 ln
362 248 478 281 eodem
509 247 700 280 Smursau
729 246 772 290 iiij
804 245 902 279 lanei.

296 308 332 342 In
361 307 544 342 Desczna
575 310 606 340 vi
634 307 732 341 lanei.

296 368 332 402 In
362 367 566 402 Raczlabs
594 369 614 411 ij
645 368 742 402 lanei.

297 428 334 462 In
364 428 533 462 Suorow
563 429 594 472 iij
625 428 723 462 lanei.

296 489 332 523 In
362 489 555 523 Smursau
584 500 606 522 v
635 489 720 523 lanei
751 493 861 534 preter
890 491 1083 534 piscatores.
1115 486 1210 520 Prata
1238 485 1521 520 nenmra.laneos
1550 486 1726 521 censuales
1755 488 1791 520 ix
1818 487 1874 521 lot.

844 600 1030 633 l’rom'neae'a
1058 599 1289 643 anlicensis.

297 670 333 704 In
361 670 595 703 Slawanow
625 670 700 703 villa
730 669 901 703 Conradus
932 668 1029 702 babet
1057 670 1091 701 ix
1120 669 1235 702 laneos
1264 672 1297 701 et
1325 670 1381 701 viii
1411 666 1576 701 subsides.
1612 666 1837 702 Molendinum
1866 677 1942 700 eum
1971 668 1993 701 ii

144 734 223 765 rotis
252 733 325 764 item
357 742 455 764 vnam
486 730 685 764 Tabernam.

299 791 488 825 Oeliorns
518 791 596 825 villa
625 791 774 825 eiusdem
805 790 902 824 babet
931 802 953 824 x
983 791 1098 824 laneos
1128 794 1159 823 et
1188 800 1287 823 vnam
1317 787 1499 822 tabernam.

298 850 577 898 Czwoyanow
606 834 682 885 villa
712 851 862 885 eiusdem
892 850 989 885 habet
1019 854 1050 884 iii
1079 850 1194 883 laneos
1223 854 1256 882 et
1285 848 1486 882 Tabernam.

297 911 334 945 In
363 912 624 946 Uzrisanow:
654 912 805 945 Jenlinus
834 911 933 945 habet
962 914 993 944 iii
1024 911 1151 944 laneos.

298 971 334 1006 In
366 972 603 1006 Lukawicz:
634 972 760 1018 Stupan
791 972 887 1005 babet
918 975 961 1005 iiii
992 972 1118 1005 laneos.
1159 969 1323 1016 Tyczko
1351 971 1371 1013 ij
1402 969 1544 1003 laneum.
1574 967 1788 1002 Pzriwizlaus
1819 969 1840 1001 ii
1868 967 1996 1002 laneos.

145 1032 316 1067 Uonradus
345 1034 376 1077 iij
406 1033 532 1066 laneos.
563 1032 717 1066 Pitrolfus
747 1034 888 1066 laneum.

298 1093 444 1127 Roma:
472 1093 582 1127 Judex
611 1093 710 1127 babet
738 1096 758 1127 ii
788 1094 904 1127 laneos
935 1092 1099 1137 (Kladek)
1129 1091 1209 1125 Item
1240 1093 1259 1124 ii
1289 1090 1479 1124 Molendum
1509 1094 1541 1124 et
1569 1089 1769 1124 Tabernam.

301 1153 381 1187 Item
411 1157 441 1187 in
472 1153 675 1188 Uzrisleb:
704 1153 874 1187 Johannes
899 1153 998 1187 babet
1024 1156 1056 1187 iii
1076 1153 1290 1198 quadrantes.
1322 1153 1538 1187 Pzriwizlaus
1557 1151 1653 1186 habet
1673 1155 1694 1186 ii
1713 1152 1840 1186 laneos.
1870 1149 1999 1185 Siluani

147 1225 246 1248 vnum
275 1214 417 1248 laneum.
448 1213 592 1248 Com-adi
617 1216 628 1258 j
661 1214 802 1248 laneum.
833 1215 960 1248 Ductor
988 1225 1073 1259 aque
1101 1215 1124 1257 ij
1153 1214 1295 1247 laneum.

301 1274 381 1308 Item
411 1277 442 1308 in
472 1274 756 1309 Premaczow:
786 1274 938 1308 Jenlinus
966 1274 1066 1308 habet
1094 1277 1138 1308 iiii
1168 1275 1386 1308 laneos.item
1416 1273 1516 1308 habet
1543 1284 1639 1308 vnam
1669 1272 1868 1307 Tabernam.

300 1335 381 1368 Item
411 1338 442 1369 in
472 1335 591 1369 Raiez
621 1335 755 1369 Stiborii
784 1335 881 1369 babet
910 1346 931 1369 v
960 1335 1088 1369 laneos.

300 1395 383 1429 Item
412 1399 443 1429 in
474 1396 551 1430 villa
581 1395 741 1429 Scalice
771 1396 824 1429 lilii
854 1396 1007 1429 aduocati
1036 1395 1076 1429 de
1105 1394 1251 1441 Zabriey
1286 1394 1385 1428 babet
1417 1397 1462 1429 vii
1491 1394 1608 1428 laneos
1636 1396 1742 1427 minus
1771 1395 1816 1426 iiii
1845 1391 1998 1439 quartali.

301 1455 340 1490 In
374 1456 452 1491 villa
488 1456 686 1502 Maletyn:
726 1456 851 1490 Vllinus
888 1456 986 1490 habet
1018 1468 1066 1490 xv
1101 1459 1228 1501 virgas.
1267 1455 1377 1489 Judex
1412 1466 1460 1489 xx
1488 1457 1614 1500 virgas.
1652 1453 1733 1488 Item
1763 1457 1784 1487 ii
1812 1452 2002 1487 molendina

149 1528 223 1551 eum
252 1516 432 1551 minoribus
460 1520 540 1551 rotis
570 1521 602 1550 et
630 1516 829 1550 'l'abernanL

302 1576 384 1611 Item
419 1577 495 1611 villa
530 1577 716 1624 Rayckz:
754 1577 927 1612 Michaelis
967 1577 1065 1611 habet
1102 1579 1137 1610 xi
1176 1577 1351 1611 larieos.et
1388 1575 1610 1610 molendinum
1646 1585 1720 1608 cum
1757 1573 1884 1608 duabus
1920 1575 2002 1607 rotis

150 1637 341 1672 minoribus.

302 1698 382 1732 Item
412 1701 444 1732 in
474 1698 551 1733 villa
581 1697 714 1732 Zwol:
745 1698 838 1744 Tyez
868 1701 901 1732 iii
929 1699 1059 1732 laneos.
1090 1697 1172 1732 Item
1202 1696 1332 1731 Vllinus
1362 1696 1402 1730 de
1432 1694 1652 1730 Walherdorf
1676 1697 1711 1729 vi
1739 1695 1866 1729 laneos.

304 1758 389 1793 Item
418 1758 621 1792 Genlinus
650 1763 725 1792 ante
754 1758 928 1793 Ciuitatem
957 1758 1055 1792 habet
1083 1761 1105 1791 ii
1132 1759 1260 1792 laneos.
1292 1758 1397 1792 Soror
1425 1769 1484 1792 sua
1513 1759 1559 1791 iiii
1585 1757 1711 1790 laneos.

305 1819 343 1853 In
372 1818 564 1865 Luppene
594 1830 660 1853 vna
688 1824 820 1854 aratura
848 1824 882 1854 et
911 1822 955 1853 vii
984 1819 1148 1854 subsides.

847 1932 1035 1966 Prouc‘ucz‘a
1066 1932 1309 1965 Olonmcense‘s.

305 2000 512 2035 Lobodicz
542 2001 660 2035 villa:
691 2000 849 2035 Bludonis
875 2000 975 2035 habet
999 2012 1023 2035 x
1049 2001 1176 2035 laneos.
1206 2000 1287 2035 Item
1310 1999 1534 2035 Molendinum
1558 2009 1630 2033 cum
1656 2001 1677 2031 ii
1696 2001 1776 2032 rotis
1796 1997 1994 2032 maioribus.

152 2073 252 2096 vnam
281 2066 446 2095 araturam
475 2066 507 2095 et
535 2060 716 2095 tabernam.

306 2121 387 2155 Item
416 2124 449 2155 in
477 2121 717 2156 Zraeowiez
747 2134 768 2156 v
796 2123 922 2157 laneos.

308 2182 391 2216 Item
420 2182 661 2216 IIanowiez:
693 2184 768 2216 villa
800 2183 929 2216 Relicte
958 2182 1173 2219 Burathonis.
1203 2181 1301 2215 habet
1330 2185 1365 2215 ix
1391 2182 1505 2216 laneos
1528 2191 1550 2214 v
1576 2179 1728 2214 subsides
1749 2184 1781 2213 et
1801 2178 2001 2213 Tabernam.

309 2242 391 2276 Item
421 2246 451 2276 in
481 2243 720 2276 Praslavicz
750 2244 826 2276 villa
855 2246 1091 2277 canonicorum
1120 2242 1218 2276 habet
1242 2245 1287 2276 xii
1314 2242 1429 2276 laneos
1455 2246 1487 2274 et
1506 2239 1693 2274 Tabernam
1716 2245 1747 2274 et
1766 2239 2001 2274 Molendinum.

311 2302 578 2343 Qualeowiez
608 2303 686 2338 villa
716 2304 837 2337 domini
866 2303 1031 2350 Dywissii
1060 2303 1157 2337 habet
1187 2307 1221 2337 ix
1250 2304 1365 2338 laneos
1395 2307 1428 2336 et
1454 2312 1552 2335 unam
1580 2306 1758 2335 araturam.

311 2363 390 2396 Item
419 2363 708 2398 Mladieowicz
737 2368 769 2397 et
797 2366 829 2398 in
858 2376 880 2398 v
908 2364 1025 2398 villis
1060 2364 1352 2398 adiacentibus
1381 2363 1529 2397 dominus
1558 2361 1750 2406 Dywissiiis
1777 2361 1878 2396 habet
1904 2362 2006 2395 xxxii

157 2423 271 2456 laneos
301 2425 346 2456 iiii
375 2424 530 2458 tabernas
560 2429 593 2458 et
621 2436 644 2458 x
673 2424 838 2458 subsides.

311 2482 393 2516 Item
426 2484 577 2518 dominns
611 2484 813 2518 Franciscus
850 2489 882 2520 in
914 2485 1228 2520 Juzriohowicz
1266 2489 1297 2519 et
1330 2487 1362 2518 in
1395 2482 1659 2518 Theehanow
1694 2485 1791 2518 xxiiii
1828 2483 1946 2518 laneos
1980 2485 2002 2516 ii

158 2542 341 2586 Tabernas,
372 2549 403 2577 et
432 2556 529 2578 vnum
558 2545 793 2579 Molendinum.

313 2604 350 2638 In
378 2604 686 2651 Mladycowiez
716 2606 880 2641 Hem-icus
911 2606 1005 2641 Miles
1035 2606 1131 2640 babet
1160 2609 1204 2640 iiii
1233 2607 1359 2640 laneos.
