2184 2828
1019 108 1091 143 841

281 223 364 259 Item
384 223 535 259 dominus
555 224 779 260 Hartmannus
799 225 840 259 de
860 225 1168 260 Weczimericz
1192 224 1293 260 hahet
1313 225 1532 262 Ciuitatem
1553 231 1586 261 et
1606 229 1639 262 iii
1659 228 1757 263 villas
1778 228 1986 264 adiacentes.

280 284 362 319 Item
394 285 618 320 Hussowia
651 286 826 321 Ciuitas:
865 286 965 321 babet
997 289 1032 320 xi
1068 287 1184 321 laneos
1220 290 1253 320 et
1287 286 1512 322 molendinum
1547 299 1622 322 cum
1656 299 1723 323 vna
1758 289 1856 333 Rota,
1887 301 1985 336 quam

126 348 332 394 prouinciam
359 350 459 380 totam
488 351 601 381 tenent
629 352 769 394 nepotes
797 346 950 392 Magistri
980 346 1153 393 Stephani,
1183 346 1324 390 scilicet,
1353 346 1586 393 marquardus,
1615 348 1762 393 W00k0‚
1792 349 1926 385 Paulus.

282 406 366 441 Item
395 406 652 442 Grundorfer
679 407 781 442 habet
808 411 919 443 xxxvi
948 408 1065 442 laneos
1095 412 1128 442 et
1155 407 1219 442 duo
1248 408 1448 443 molendina.

281 468 362 503 Item
392 467 660 503 Thechauow
689 468 787 503 habet
816 480 839 502 x
868 469 996 512 laneos,
1027 473 1059 503 et
1087 467 1278 503 Tabernam
1307 472 1340 502 et
1368 468 1602 505 molendinum.

280 528 362 563 Item
390 528 649 563 arnoldorfer
677 528 777 563 habet
805 532 841 563 xi
871 529 985 564 laneos
1014 534 1046 564 et
1074 529 1313 564 Molendinum.

177 598 214 626 a:
279 589 361 624 Item
389 589 664 624 Rulendorfei·
692 589 790 624 habet
819 591 866 634 iiij
894 591 1023 624 laneos.

282 649 363 684 Item
391 649 585 685 VVazsow
615 649 715 685 hahet
742 652 787 696 iiij
818 650 933 685 laneos
964 655 996 684 et
1023 662 1125 685 vnam
1153 650 1354 685 Tabernam.

125 773 158 800 11.
185 772 243 802 IIII.

280 832 360 867 Item
389 832 593 876 Lomnice,
624 832 1009 876 Ditrichowalhota,
1037 832 1307 868 Muchoohow
1334 837 1410 868 sunt
1438 844 1526 868 noue
1554 834 1797 880 plantaciones.

280 893 364 928 Item
393 893 571 937 Brunsffl
602 897 772 929 ciuitas:
810 894 960 941 Nepotes
998 893 1148 939 Magistri
1185 892 1349 940 Stephani
1385 893 1485 928 habet
1521 895 1555 938 xj
1590 893 1706 928 laneos
1740 899 1772 928 et
1801 893 1879 929 Tria
1909 906 1988 929 mo-

127 953 259 989 lendina
287 965 361 988 cum
390 966 412 987 v
441 958 531 988 rotis.

279 1014 362 1049 Item
390 1015 646 1049 Welendors
670 1014 772 1050 habet
800 1018 821 1049 ii
850 1016 965 1050 laneos
994 1020 1028 1049 et
1055 1026 1158 1050 vnum
1186 1014 1412 1050 Molendinum
1441 1026 1516 1049 eum
1546 1026 1612 1050 vna
1641 1020 1727 1050 rota.

279 1075 362 1110 Item
391 1075 723 1110 Alhrechczdors
747 1075 846 1110 habet
874 1078 930 1121 viij
961 1076 1088 1112 laneos.

280 1135 363 1170 Item
391 1136 470 1170 villa
500 1136 677 1170 Genzidl
706 1135 806 1171 habet
835 1138 866 1181 vj
897 1137 1027 1172 laneos.

279 1195 362 1230 Item
390 1197 468 1231 villa
498 1196 756 1231 Scalcodorl'
781 1197 879 1231 habet
907 1199 951 1242 iiij
981 1198 1097 1232 laneos
1127 1201 1160 1232 et
1189 1197 1412 1232 molendinum
1441 1209 1514 1232 oum
1545 1201 1662 1233 minori
1691 1202 1773 1232 rota.

280 1256 359 1292 Item
387 1257 467 1292 villa
495 1257 725 1304 Tylendorf
751 1269 837 1292 nona
866 1259 1032 1305 plantacio
1061 1258 1180 1293 ibidem
1209 1263 1271 1293 est.

798 1371 998 1405 Prouincia·
1022 1371 1317 1407 Il'z'sselaeouiensis.

279 1439 441 1474 Dominus
469 1439 624 1487 Mylicius
653 1439 750 1474 habet
779 1443 812 1474 vi
841 1440 958 1474 laneos
988 1445 1082 1475 ante
1111 1440 1339 1476 Ciuitatem.
1379 1441 1461 1476 Item
1490 1440 1613 1475 Dirzko
1644 1440 1783 1476 fiellator
1811 1440 1911 1475 habet
1941 1443 1985 1475 iiii

124 1501 251 1536 laneos.
281 1500 363 1535 Item
391 1501 643 1535 lVenczezlaus
672 1499 771 1534 hahet
799 1503 830 1535 iii
861 1501 988 1535 laneos.

807 1613 993 1647 Prouincia
1023 1614 1298 1648 Cleremsc'rensis.

279 1682 425 1717 Ditricus
455 1686 486 1717 in
516 1682 843 1717 Wczecliowicz
873 1681 972 1716 habet
1002 1685 1046 1716 iiii
1076 1684 1202 1719 laneos.
1233 1683 1382 1718 Jacobus
1411 1684 1452 1718 de
1473 1683 1591 1729 Ygezd
1616 1687 1637 1718 ii
1663 1685 1790 1718 laneos.
1821 1683 1984 1729 Magister

124 1743 216 1778 scole
244 1754 346 1778 vnum
374 1744 517 1778 laneum.
549 1744 705 1777 Andreas
734 1755 755 1778 v
786 1745 912 1777 laneos.
944 1743 1140 1779 Balistarius
1169 1748 1191 1779 ii
1219 1745 1345 1780 laneos.
1377 1745 1538 1780 Dominus
1560 1745 1686 1792 Syboto
1712 1756 1812 1779 vnum
1839 1746 1982 1779 laneum.

279 1804 315 1838 In
345 1805 422 1839 villa
451 1804 736 1851 Lutllopecen:
767 1804 923 1839 Nicolaus
959 1804 1058 1839 babet
1090 1808 1148 1839 viii
1176 1805 1304 1840 laneos.
1343 1805 1493 1840 Rubinus
1528 1809 1561 1840 iii
1590 1805 1924 1840 laneos.Tabe1·naiu
1953 1811 1985 1841 et

125 1866 146 1898 ii
173 1864 339 1900 subsides.

279 1926 583 1962 Ghowalowicz
612 1927 689 1960 villa
719 1927 846 1960 arnoldi
876 1925 976 1960 habet
1005 1929 1037 1960 vi
1066 1926 1181 1961 laneos
1211 1929 1242 1960 in
1272 1929 1442 1961 vniuerso.

276 1986 357 2021 Item
389 1987 616 2022 Sobielicz:
645 1986 788 2021 Mathias
819 1987 915 2021 habet
946 1990 978 2020 iii
1009 1987 1136 2021 laneos.
1168 1986 1329 2022 Martinus
1359 1987 1457 2022 habet
1486 1991 1518 2022 iii
1548 1988 1673 2022 laneos.

277 2047 408 2095 Hulyu
440 2052 530 2083 serui
560 2048 681 2082 habent
710 2051 770 2082 xvi
800 2049 926 2082 laneos.

278 2107 360 2142 Item
389 2109 571 2144 Benessius
601 2112 632 2143 in
662 2108 900 2143 Chorobicz
931 2108 1027 2143 babet
1056 2111 1125 2143 xiiii
1154 2110 1270 2143 laneos
1299 2114 1330 2143 et
1360 2113 1379 2143 ii
1408 2115 1569 2145 araturas.

279 2167 362 2202 Item
389 2170 476 2204 idem
504 2170 602 2204 habet
633 2174 662 2204 in
694 2169 913 2204 Nomczicz
943 2172 961 2203 ii
992 2175 1144 2204 araturas
1174 2175 1206 2204 et
1235 2173 1281 2204 iiii
1310 2171 1438 2206 laneos.

280 2227 362 2262 Item
391 2233 423 2263 in
451 2230 617 2277 Nemoy.
649 2234 678 2264 in
710 2230 901 2276 Tbnczap
931 2229 1029 2264 habet
1058 2233 1101 2265 vii
1131 2231 1258 2265 laneos.

281 2288 363 2322 Item
391 2289 584 2326 Herbordus
614 2294 644 2325 in
675 2291 884 2325 Belewicz
914 2290 1013 2325 habet
1040 2294 1110 2325 xvii
1141 2292 1256 2326 laneos
1286 2296 1318 2326 et
1346 2295 1380 2326 xi
1410 2293 1563 2327 subsides
1593 2295 1614 2326 ii
1644 2291 1816 2327 Tabernas
1845 2292 1982 2328 Molen-

125 2349 236 2383 dinum
265 2360 339 2382 cum
368 2349 413 2383 ΙΙΙ
447 2355 538 2386 rotis.

283 2409 363 2443 Item
394 2410 487 2444 adam
516 2415 548 2446 in
578 2413 870 2447 Boliuzlnwicz
900 2412 1000 2446 babet
1029 2415 1109 2447 xviii
1139 2413 1266 2447 laneos.

282 2470 319 2504 In
355 2470 684 2517 Scchanowicz
719 2474 795 2507 villa
833 2473 993 2507 Ilei-bordi
1030 2473 1107 2507 VllI
1142 2473 1268 2508 laneos.
1305 2473 1745 2510 Tabernmn‚Molendinum
1774 2480 1806 2510 et
1835 2478 1867 2509 iii
1897 2475 1983 2510 sub-

126 2529 216 2566 sides
245 2532 401 2575 majores.

283 2590 364 2625 Item
396 2590 561 2637 Georgius
591 2597 622 2628 in
652 2595 867 2630 Nemczicz
896 2594 994 2629 habet
1023 2597 1066 2628 iiii
1095 2595 1221 2629 laneos.
