2184 2828
1020 80 1091 114 §³43

131 209 227 245 quam
265 197 304 231 ad
342 202 488 231 nostram
528 198 768 231 excellenciam
803 200 918 242 gessit.
959 197 1120 231 hactenus
1152 201 1240 242 gerit
1275 199 1314 231 ad
1352 210 1494 244 presens
1529 204 1559 232 et
1596 199 1714 233 suturis
1747 202 1856 243 geret,
1885 202 1982 243 prout

129 257 384 292 indubitabiliter
413 257 578 292 credimus
606 257 810 304 temporibus
840 257 1023 300 indefesse,
1053 257 1269 292 Considerata
1299 262 1403 293 eciam
1441 270 1501 293 sue
1529 259 1701 306 probitatis
1730 258 1889 293 industria
1917 269 1981 304 que

129 329 263 365 semper
290 320 371 369 visa*
397 318 458 351 fuit
492 322 524 352 in
558 321 663 363 gratis
698 318 794 352 uobis
829 318 997 363 obsequiis
1031 319 1255 365 complacere‚
1293 319 1465 366 fei-uurin
1503 320 1628 353 Cunicz
1663 320 1767 353 semel
1801 322 1833 353 in
1869 321 1980 364 quinta

129 379 211 414 feria
247 378 422 414 cuiuslibet
456 379 640 424 gerendum
679 382 864 425 septimane
897 390 971 413 cum
1006 378 1157 414 omuibus
1193 390 1257 425 que
1295 379 1364 414 sora
1403 380 1553 422 ssrunne„
1591 380 1738 426 Zuoym,
1773 379 1915 425 Yglavie
1949 384 1983 413 et

128 440 266 474 aliarum
294 439 443 474 obtinent
472 439 662 482 Civitatum,
693 440 734 473 de
761 443 875 484 gracia
906 440 967 473 sibi
997 442 1226 474 concessimus
1255 442 1393 486 speciali
1423 446 1454 474 et
1484 445 1517 475 ut
1542 441 1583 474 ob
1608 451 1743 475 suorum
1767 442 1980 485 exigenciam

128 504 318 535 meritorum
347 504 461 546 gracia
490 500 639 546 gaudeat
667 502 809 546 pleniori
837 501 992 534 volumus
1022 505 1055 534 ut
1082 500 1167 534 idem
1198 500 1304 534 sorum
1333 500 1374 534 ab
1403 501 1554 535 omnibus
1584 501 1747 535 theloneis
1771 500 1923 546 pedagiis
1949 505 1983 534 et

126 562 180 596 illa
209 564 393 596 exaccione
422 572 485 607 que
514 561 701 606 vulgariter
731 565 887 595 vocatur.
907 588 913 594 .
933 566 982 594 ‚et
1010 561 1236 607 principaliter
1264 560 1419 595 theloneo
1444 565 1493 595 iu.
1513 589 1519 595 .
1539 568 1589 595 .et
1612 574 1629 595 a
1650 560 1827 595 cuiuslibet
1846 561 1982 594 alterius

125 633 254 667 genere
281 624 450 656 servitutis
480 633 586 668 usque
615 622 655 655 ad
685 627 826 667 quatuor
855 633 962 655 annos
992 625 1034 655 sit
1062 621 1200 655 liberum
1231 626 1263 654 et
1292 625 1425 655 innume
1454 621 1500 655 Ita
1530 623 1615 667 quod
1639 621 1792 656 omnibus
1818 622 1982 666 frequen-

127 683 271 718 tantibus
299 682 421 716 dictum
449 683 554 716 forum
585 686 626 716 sit
662 682 801 716 facultas
836 682 1018 716 accedendi
1051 693 1114 715 nec
1143 683 1252 728 aliqua
1286 685 1422 716 racione
1451 682 1593 716 thelonei
1625 682 1678 716 vel
1707 681 1842 728 pedagii
1871 692 1982 716 exac-

126 747 243 787 cionis‚
273 754 336 778 nec
368 743 452 777 illius
486 754 549 789 que
584 743 768 787 vulgariter
806 747 961 777 vocatur.
981 743 1081 776 ..vel
1116 746 1298 777 occasione
1333 742 1509 777 cuiuslibet
1543 746 1739 777 exaccionis
1774 753 1982 789 quocumque

126 807 259 839 nomine
287 808 467 838 censeatur
495 803 535 837 ab
564 807 612 837 eis
642 803 807 837 ullatenus
836 803 922 837 infra
953 803 1113 837 dictorum
1142 808 1284 850 quatuor
1311 814 1474 838 annorum
1507 807 1654 849 spacium
1684 806 1840 848 exigatur
1868 805 1981 849 spacio

125 870 234 900 autem
263 869 403 911 quatuor
430 875 591 898 annorum
620 869 792 898 transacto
822 868 899 897 tunc
928 866 1065 910 quitquit
1093 863 1133 898 de
1162 863 1410 898 inmunitatibus
1435 869 1468 898 et
1491 863 1699 899 libertatibus
1719 863 1876 910 predictis
1895 863 1979 897 infra

125 928 274 973 spacium
303 925 475 959 Dictorum
505 936 665 959 annorum
695 936 713 958 a
744 924 840 959 nobis
869 925 956 959 dicto
984 924 1058 959 foro
1086 928 1260 959 concessis
1294 924 1454 970 expedire
1490 924 1586 959 nobis
1622 924 1787 958 videbitur
1820 924 1980 958 faciemus

124 986 249 1021 iuribus
277 986 430 1020 omnibus
459 986 530 1020 aliis
560 997 622 1031 que
652 991 686 1019 ut
714 985 898 1032 predictum
928 990 979 1019 est
1007 986 1070 1019 alie
1098 985 1247 1019 obtinent
1276 984 1435 1019 Civitates
1464 984 1570 1019 eidem
1601 986 1672 1019 l'oro
1701 986 1800 1031 plene
1825 996 1863 1018 ac
1889 988 1979 1018 inte-

123 1048 262 1093 graliter
288 1058 516 1081 reservamus.
549 1047 600 1080 Ad
631 1050 724 1081 cuius
753 1049 801 1081 rei
831 1051 896 1080 etc.

999 1237 1104 1272 ⁴06.

121 1326 186 1359 Al.
206 1354 212 1359 .
251 1338 312 1359 con
342 1326 478 1360 Louean
511 1327 572 1367 (de
603 1325 782 1367 lan-clean)
816 1324 1007 1369 rersprichb
1032 1324 1093 1357 (Ias
1118 1323 1185 1357 ilem
1204 1323 1417 1368 &berqebene
1442 1324 1602 1358 Seldosx.
1621 1351 1628 1357 .
1647 1325 1732 1358 ,und
1751 1325 1978 1358 flammei-er-

119 1388 202 1420 Am!
233 1398 294 1421 ton
323 1387 466 1420 Mithrem
497 1400 534 1419 so
565 1387 664 1429 lctuye
698 1390 773 1419 tren
807 1398 846 1419 zu
883 1385 1067 1418 ret-waltere
1103 1384 1171 1418 und
1204 1396 1246 1418 z-zt
1280 1384 1498 1419 besclaillzeu.
1534 1385 1587 1418 als
1623 1396 1659 1418 es
1687 1385 1748 1418 der
1777 1385 1890 1429 [sonis]
1924 1385 1975 1420 W.

676 1447 853 1480 zrimselteu
884 1447 976 1479 erit-tl.
1011 1446 1047 1479 0.
1082 1445 1124 1478 D.
1157 1444 1196 1479 O.
1226 1446 1293 1478 itud
1319 1445 1419 1479 Jahr.

275 1515 364 1569 *xes
395 1536 435 1569 al.
466 1536 506 1568 de
541 1534 680 1568 locelian
714 1537 745 1567 in
779 1534 941 1579 publicam
979 1533 1171 1567 deducimus
1203 1536 1359 1567 noticiam
1393 1544 1454 1579 per
1482 1544 1623 1579 presens
1652 1533 1739 1578 quod
1767 1544 1830 1566 nos
1859 1538 1979 1579 sponte

118 1594 222 1630 libere
252 1607 291 1629 ac
319 1606 401 1630 vera
430 1595 493 1629 {ide
522 1597 743 1641 promittimus
779 1599 944 1628 castrum.
964 1605 1055 1627 .cum
1097 1598 1269 1628 cameratu
1311 1593 1462 1628 Moravie
1490 1593 1575 1639 quod
1606 1594 1702 1627 michi
1733 1593 1886 1627 domiuus
1915 1593 1973 1627 W.

118 1661 181 1690 etc.
212 1657 389 1690 tenendum
418 1661 449 1689 et
477 1655 729 1690 custodiendum
759 1658 923 1689 commisit.
951 1655 990 1688 ad
1020 1654 1182 1688 honorem
1212 1658 1245 1687 et
1272 1654 1442 1688 utilitatem
1478 1656 1581 1700 ipsius
1611 1654 1733 1687 domini
1762 1654 1821 1687 W.
1852 1658 1884 1687 et
1912 1654 1978 1688 he-

118 1718 232 1751 redum
261 1720 333 1751 eius
362 1717 502 1751 fideliter
531 1722 647 1750 tenere
682 1722 715 1751 et
750 1716 918 1750 custodire
954 1720 986 1748 et
1018 1715 1058 1749 ad
1094 1714 1284 1749 mandatum
1319 1715 1395 1749 dicti
1430 1715 1552 1749 domiui
1584 1715 1640 1748 W.
1672 1715 1793 1748 dictum
1823 1714 1976 1749 Castrum

116 1789 190 1812 cum
220 1777 395 1812 Cameratu
425 1778 462 1812 ad
494 1789 610 1812 manus
639 1780 741 1823 ipsius
770 1777 826 1811 vel
855 1777 990 1811 alterius
1019 1779 1071 1809 cui
1101 1778 1173 1821 ipse
1201 1776 1411 1810 mandaverit
1434 1779 1506 1810 sine
1530 1775 1682 1810 tarditate
1708 1780 1806 1820 atque
1832 1779 1975 1809 contra-

117 1838 268 1873 diccione
297 1839 442 1884 qualibet
471 1843 659 1883 resignareq
691 1843 723 1872 ct
752 1841 796 1872 ita
826 1838 1042 1884 disponemus
1072 1841 1170 1883 atque
1205 1835 1432 1871 ordinabimus
1465 1848 1539 1870 cum
1570 1836 1768 1870 Castellanis
1797 1839 1829 1869 in
1858 1835 1976 1870 eodem

117 1897 245 1934 Castro.
277 1899 398 1934 hiidem
428 1900 619 1943 castellani„
649 1910 733 1944 quos
762 1901 987 1940 statuerimus,
1017 1897 1103 1943 quod
1132 1901 1159 1932 si
1188 1897 1275 1932 sorte
1303 1900 1465 1943 captivari
1482 1908 1543 1931 nos
1560 1900 1774 1942 contingeret
1800 1897 1854 1930 vel
1880 1900 1975 1939 mori,

117 1964 260 1994 castrum
288 1960 471 2006 predictum
501 1963 674 2005 resignent
708 1962 782 1994 sine
817 1960 926 2004 aliqua
963 1958 1116 1992 tarditate
1151 1958 1192 1992 ad
1226 1969 1345 1992 manus
1373 1958 1451 1992 dicti
1487 1958 1609 1991 domini
1637 1956 1695 1991 W.
1725 1957 1780 1991 vel
1808 1958 1894 1991 illius
1923 1960 1975 1991 cui

119 2020 270 2054 dominus
299 2021 406 2055 dictus
434 2021 492 2055 W.
524 2020 735 2055 mandaverit
763 2022 951 2064 assignare.
982 2019 1139 2053 Preterea
1169 2021 1386 2065 promittimus
1411 2030 1493 2053 vera
1519 2018 1583 2051 lide
1607 2017 1695 2063 quod
1719 2020 1746 2052 si
1767 2020 1978 2062 contingeret

118 2080 238 2114 dictum
268 2081 433 2116 dominum
462 2081 519 2115 W.
551 2085 581 2115 in
614 2084 705 2115 curia
735 2081 857 2114 domini
887 2080 926 2114 R.
959 2079 1034 2124 (B.)
1062 2082 1267 2114 serenissimi
1304 2082 1394 2124 regis
1424 2079 1583 2112 Bobcuiic
1618 2089 1744 2112 moram
1773 2078 1976 2112 contrahere

118 2140 227 2175 debito
264 2141 446 2187 longiorem
484 2143 605 2176 dictum
648 2146 792 2176 castrum
831 2145 864 2175 et
901 2144 1117 2174 cameriatum
1155 2140 1401 2184 resignabimus
1440 2140 1478 2173 ad
1517 2150 1634 2173 manus
1673 2138 1804 2173 domine
1840 2138 1974 2183 Regine

115 2205 229 2235 matris
269 2205 339 2237 eius
372 2205 428 2238 vel
467 2207 663 2248 cuicumque
701 2205 774 2248 ipsa
812 2202 944 2235 domina
982 2201 1112 2245 Regina
1151 2204 1316 2245 assignari
1354 2201 1563 2235 mandaverit
1600 2199 1792 2233 difficultate
1828 2199 1974 2245 qualibet

114 2262 227 2308 procul
247 2266 346 2305 mota,
374 2262 468 2304 Quod
497 2267 523 2298 si
551 2263 638 2297 forte
665 2265 863 2309 promissum
889 2261 952 2296 hoc
975 2272 1040 2296 non
1067 2272 1283 2296 servaremus
1305 2265 1336 2295 in
1357 2261 1513 2308 predictis
1534 2261 1587 2295 vel
1608 2261 1717 2306 aliquo
1736 2260 1974 2306 predictorum„

113 2328 190 2356 tunc
210 2322 364 2357 volumus
383 2327 505 2369 periuri
526 2325 667 2369 exleges
688 2328 786 2369 atque
807 2322 947 2357 infames
975 2322 1015 2356 ab
1040 2321 1192 2357 omnibus
1219 2326 1377 2368 reputari.
1409 2322 1444 2356 ln
1474 2325 1566 2355 cuius
1593 2325 1639 2355 rei
1666 2324 1887 2355 testimonium
1909 2325 1973 2354 etc.

1768 2617 1843 2642 11¹.st
