2184 2828
1051 160 1123 193 781

156 282 252 312 cuius
282 281 329 311 rei
359 280 578 312 testimonium
608 277 667 311 has
696 277 807 311 literas
835 281 949 311 nostro
978 277 1088 321 sigillo
1119 276 1258 310 fecimus
1280 276 1431 311 roborari
1460 289 1524 312 vna
1545 290 1617 313 cum
1639 280 1776 314 testibus
1806 280 2006 324 subnotatis,

158 339 313 372 uidelicet
346 338 447 372 fratre
476 338 602 372 Thonia
637 337 763 371 ordinis
794 340 856 372 scti
886 338 1046 383 Spiritus.
1076 347 1139 370 1166
1175 348 1241 371 000
1263 333 1469 383 'preceptore
1503 340 1650 374 eiusdem
1679 352 1739 386 per
1767 352 1907 386 reguum
1936 341 2011 375 Bo-

158 400 266 433 hcmie
294 404 327 433 et
355 399 455 433 milite
485 399 617 431 domino
646 402 760 432 nostro
788 398 934 432 Heni-ico
964 397 1004 430 de
1025 396 1234 435 Nicolsdorff,
1264 399 1447 432 castellano
1477 404 1588 433 nostro
1618 401 1704 434 dicto
1733 401 1773 435 de
1807 401 2007 444 Rotiuburk,

157 460 320 494 Friscone
348 461 388 494 (le
416 458 626 496 waldinmd.
657 458 843 493 Balderano
872 458 979 491 iudice
1007 457 1048 491 de
1076 457 1331 502 Raugersdorff„
1361 458 1515 492 cunrado
1543 459 1702 495 Hedicaio
1732 461 1892 496 aduocato
1922 462 2009 496 dicto

158 521 331 567 Scriptorc
359 525 391 554 et
420 519 573 553 Scabinis
602 519 767 553 antedicto
796 521 937 552 ciuitatis
966 517 1127 551 Cheblino
1156 518 1197 551 de
1227 517 1458 564 Syfridisdorf,
1480 518 1665 555 Hidilmano
1695 523 1832 567 pistore,
1854 521 2007 556 Raibone

157 582 275 615 Tilone
310 581 351 615 de
380 580 649 626 Czepankowicz
683 585 716 613 et
744 580 816 612 aliis
845 589 941 623 quam
971 577 1117 624 pluribus
1146 577 1294 612 honestis
1323 581 1402 613 uiris
1431 591 1471 613 ac
1499 579 1563 613 fide
1591 581 1714 625 dignis.
1770 580 1889 615 Datum
1918 581 2006 627 apud

155 641 291 676 Landek
329 646 476 675 castrum
511 645 658 675 nostrum
697 651 784 674 anno
819 639 940 672 domini
976 637 1154 672 MCGGIII.
1191 638 1233 672 V.
1264 638 1432 674 Kalendas
1464 639 1636 675 Februarii
1672 644 1705 675 in
1744 645 1876 675 octaua.
1932 642 2005 676 Ste.

155 703 300 747 Agnetis
330 713 389 748 per
417 712 550 735 manum
577 701 738 747 capellani
767 703 869 734 nostri
897 702 959 733 uiri
987 699 1149 744 religiosi,
1179 699 1291 734 fratris
1320 699 1465 734 Cunradi
1493 700 1616 735 ordinis
1645 700 1705 735 Sti.
1737 700 1890 747 Spiritus.

462 781 552 816 (Nach
576 781 650 807 einer
675 779 837 813 beglaubten
864 778 1002 805 Abschrii't
1025 779 1058 804 im
1082 778 1182 813 Tropp.
1208 778 1293 805 stand.
1320 779 1445 814 Archioe,
1471 779 1631 813 mitgetheilt
1654 788 1706 806 von
1731 780 1773 807 Fr.
1800 780 1908 815 Tiller.)

1030 950 1047 985 1
1057 950 1131 985 60.

155 1033 307 1077 Biscleof
328 1032 466 1066 ι1011111111
493 1042 557 1065 ron
588 1030 720 1063 Olmu'tz-
755 1028 933 1072 &bertram
961 1028 1015 1062 die
1048 1027 1237 1072 Einlsilnfle
1266 1039 1331 1062 eon
1360 1029 1421 1062 der
1449 1029 1488 1063 S.
1517 1028 1814 1063 Jolmme-Kirehe
1842 1040 1884 1062 zu
1903 1031 2008 1073 Jener

198 1106 262 1128 ron
290 1094 328 1128 S.
358 1092 470 1126 Jacob
498 1093 532 1125 in
560 1091 669 1136 Iylau.
702 1090 760 1123 Dt.
791 1091 822 1122 in
854 1089 1027 1131 Pastiniir,
1056 1088 1102 1122 X.
1132 1089 1310 1123 Kalendas
1338 1089 1524 1123 Februarii
1551 1089 1634 1133 (23.
1663 1090 1816 1133 Janner)
1849 1088 1962 1123 1304.

312 1170 401 1222 'Ros
430 1188 603 1221 Johannes
637 1186 690 1220 dei
718 1188 833 1230 gracia
874 1184 1107 1218 olomucensis
1144 1184 1343 1230 Episcopus.
1399 1184 1522 1219 Notum
1555 1184 1695 1219 facimus
1728 1186 1896 1219 vniuersis
1924 1194 2005 1230 pre-

153 1256 267 1286 sentes
295 1250 421 1283 litteras
450 1250 664 1294 inspecturis,
685 1246 770 1293 quod
800 1257 872 1279 611111
903 1244 1121 1291 parrochialis
1150 1244 1302 1279 Ecclesia
1333 1248 1440 1279 sancti
1468 1244 1585 1279 Jacobi
1612 1247 1645 1279 in
1674 1244 1815 1290 Iglauia,
1833 1255 1850 1278 3
1879 1244 2007 1290 prede-

154 1322 292 1346 cessore
321 1314 436 1344 nostro
465 1309 572 1343 felicis
602 1311 777 1343 memorie,
807 1305 991 1340 venerabili
1028 1305 1192 1351 quondam
1228 1305 1360 1340 domino
1396 1306 1554 1340 Brunone
1582 1304 1796 1340 Olomucensi
1824 1304 2006 1352 Episcopo,

154 1378 189 1407 et
217 1377 280 1406 tam
313 1369 530 1416 Baptismum,
562 1368 736 1415 Sepultura
766 1372 797 1401 et
825 1368 887 1401 alia
917 1370 1148 1407 sacramenta,
1178 1377 1275 1412 quam
1305 1368 1411 1399 eciam
1439 1370 1507 1400 tota
1534 1365 1613 1409 dos,
1643 1365 1684 1399 de
1712 1365 1863 1400 Ecclesia
1893 1367 2000 1400 sancti

154 1432 318 1470 Johannis
349 1431 515 1476 Baptiste,
553 1431 614 1464 sita
652 1429 734 1463 vltra
764 1438 882 1472 aquam
910 1426 1081 1472 Iglauam,
1119 1437 1180 1472 per
1215 1437 1289 1460 eum
1323 1426 1363 1460 ad
1398 1429 1505 1472 ipsam
1541 1428 1645 1460 sancti
1673 1425 1791 1460 Jacobi
1820 1426 2008 1461 Ecclesiam

154 1497 219 1528 sint
247 1492 417 1533 translati,
446 1490 493 1524 Ita
523 1489 608 1536 quod
638 1489 677 1522 ad
706 1500 797 1523 eam.
828 1490 937 1521 omnia
966 1490 1030 1520 iam
1060 1487 1226 1532 predicta,
1264 1491 1429 1532 tamquam
1465 1486 1506 1521 ad
1542 1489 1714 1520 matricem
1742 1487 1933 1522 Ecclesiam
1962 1486 2004 1520 de

157 1559 270 1588 cetero
300 1555 505 1598 pertineant,
539 1554 571 1584 et
607 1552 776 1596 pertinere
812 1548 955 1582 debeant
989 1547 1088 1593 pleno
1123 1550 1196 1581 iure
1229 1551 1314 1582 sicut
1350 1559 1394 1582 ex
1428 1547 1579 1582 eiusdem
1617 1547 1739 1581 (10011111
1774 1547 1940 1582 Brunonis
1974 1551 2007 1581 et

157 1615 279 1648 (101111111
314 1612 511 1655 Theodrici,
540 1610 779 1645 venerabilium
814 1609 1094 1656 predecessorum
1122 1613 1311 1642 nostrorum
1339 1608 1460 1642 litteris
1496 1607 1659 1652 colligitur
1695 1607 1879 1642 euidenter.
1935 1607 2006 1642 Nos

154 1674 292 1722 prouide
321 1674 582 1720 dispensationis
610 1671 782 1704 libramine
810 1671 1049 1716 perspicaciter
1077 1668 1301 1709 aduertentes,
1330 1679 1396 1703 non
1425 1668 1528 1703 fuisse
1555 1667 1711 1711 inutilem,
1740 1670 1844 1714 ipsam
1879 1668 2007 1702 Eccle-

155 1739 237 1770 siam
267 1737 372 1769 sancti
399 1733 563 1767 Johannis
596 1731 756 1777 Baptiste,
786 1742 826 1765 eo
856 1730 942 1776 quod
980 1729 1099 1763 ibidem
1128 1740 1311 1776 paucorum
1339 1728 1527 1775 frequentat
1554 1738 1714 1762 accessus
1744 1728 1924 1771 hominum,
1955 1730 2006 1762 sic

155 1796 348 1831 translatam
382 1805 460 1828 esse
498 1792 537 1826 ad
573 1792 754 1838 predictam
790 1790 1032 1837 parrochialem
1070 1789 1256 1824 Ecclesiam
1296 1792 1402 1824 sancti
1431 1788 1549 1823 Jacobi
1576 1791 1608 1822 in
1644 1791 1778 1822 ciuitate
1807 1788 2003 1833 Iglauiensi,

155 1857 211 1890 vbi
241 1859 395 1902 copiosus
425 1854 544 1888 Christi
573 1853 715 1886 fidelium
744 1856 837 1886 cetus
866 1851 1060 1897 frequenter
1088 1850 1285 1885 dominicum
1315 1850 1436 1884 cultum
1466 1852 1594 1896 promit,
1615 1848 1890 1883 Translacionem
1912 1860 2000 1883 ean-

156 1917 230 1951 dem
260 1927 334 1950 cum
368 1915 444 1949 dote
478 1919 511 1948 et
538 1913 611 1957 aliJs
649 1916 717 1947 suis
755 1913 987 1958 pertinencijS,
1017 1910 1057 1945 ab
1085 1914 1167 1957 ipsis
1194 1910 1491 1958 predecessoribus
1520 1912 1640 1943 nostris
1669 1908 1791 1943 factum
1819 1920 1863 1943 ex
1892 1911 2002 1943 causis

154 1975 411 2012 racionabilibus
439 1973 668 2009 favorabiliter
696 1972 936 2019 approbamus,
965 1976 999 2005 et
1026 1976 1091 2005 tam
1120 1975 1224 2018 ipsam
1252 1971 1493 2017 parrochialem
1521 1969 1706 2003 Ecclesiam
1736 1971 1842 2003 sancti
1870 1968 2000 2011 Jacobi,

156 2049 232 2072 cum
261 2037 337 2071 dote
373 2047 433 2070 sua
466 2039 498 2069 et
530 2033 659 2080 prefata
694 2036 799 2067 sancti
832 2032 995 2067 ,1011301115
1032 2032 1181 2079 Baptiste
1209 2032 1365 2066 Ecclesia
1393 2031 1477 2066 vltra
1513 2040 1645 2076 aquam,
1676 2041 1739 2075 que
1766 2030 1840 2063 loco
1870 2029 2004 2075 Capelle

157 2103 326 2140 censetur,
356 2107 471 2143 quam.
491 2123 497 2129 .
517 2094 710 2141 ,0161130001
737 2094 802 2128 1061
832 2093 978 2128 61115(16111
1008 2095 1040 2126 10
1069 2097 1216 2127 nostram
1245 2092 1424 2139 specialem
1453 2093 1627 2124 tuicionem
1657 2093 1849 2136 recipimus,
1879 2089 2004 2123 defen-

157 2161 261 2193 sionis
288 2162 404 2192 nostre
432 2155 586 2203 presidijs
615 2159 729 2189 contra
758 2154 886 2188 illicitas
915 2159 946 2188 et
974 2157 1150 2188 iniuriosas
1178 2155 1408 2199 impeticiones
1437 2150 1598 2196 quaslibet
1625 2150 1864 2196 protegendos,
1884 2154 1921 2184 vt
1948 2152 2004 2195 qui

158 2223 283 2252 temere
312 2223 344 2252 et
372 2220 532 2253 iniuriose
559 2220 674 2250 contra
694 2226 752 2249 eos
780 2217 1029 2261 presumpserit,
1058 2225 1121 2248 nec
1150 2213 1314 2257 condigne
1344 2211 1552 2253 satisfecerit,
1573 2221 1650 2244 reus
1681 2210 1899 2244 anathematis
1928 2220 2003 2243 cum

156 2278 240 2311 Juda
270 2278 437 2324 proditore
472 2279 610 2322 recipiat
641 2278 845 2322 porcionem.
876 2274 917 2308 Et
944 2286 987 2308 ne
1024 2285 1069 2308 ex
1097 2275 1205 2320 aliquo
1247 2284 1346 2315 casu,
1376 2271 1434 2306 dos
1470 2275 1502 2304 et
1529 2270 1608 2304 Jura
1643 2273 1745 2316 ipsius
1784 2270 1937 2305 Ecclesie
1969 2272 2002 2303 10

157 2337 355 2372 obliuionem
384 2338 564 2371 ‹leueniant
590 2340 767 2383 propterea
795 2340 893 2382 prout
920 2346 959 2369 ea
986 2338 1019 2369 in
1047 2335 1164 2369 litteris
1192 2334 1351 2368 dictorum
1378 2331 1656 2378 predecessorum
1686 2335 1871 2365 nostrorum
1899 2333 2005 2364 inue-

157 2401 266 2433 nimus
295 2397 503 2444 presentibus
530 2397 670 2431 fecimus
699 2399 862 2439 annotari,
885 2407 948 2442 que
976 2399 1053 2430 sunt
1080 2395 1154 2429 hec.
1185 2393 1372 2435 Pobicozel,
1396 2391 1595 2433 Borussow,
1616 2380 1812 2434 tVicenow,
1841 2390 2003 2433 Kossow,

158 2463 192 2493 et
218 2462 250 2492 in
279 2458 425 2492 secundo
453 2458 610 2500 Kossow,
641 2456 859 2499 Bolcmislicz‚
889 2456 1144 2499 DobessowicZ,
1166 2456 1303 2497 Porecz,
1322 2453 1436 2495 Lhota,
1466 2451 1577 2486 Stibor
1604 2456 1637 2486 et
1665 2451 1847 2486 secundum
1877 2450 2002 2485 Stibor.

159 2519 308 2561 Bucow,
339 2519 522 2561 Smirczna,
552 2516 672 2560 Sarek,
701 2516 939 2559 Molendinum,
967 2517 1135 2551 Allodium
1163 2527 1237 2551 cum
1266 2517 1335 2550 suis
1364 2515 1470 2558 agris,
1501 2512 1662 2546 decimam
1698 2511 1924 2546 Ebdomadam
1961 2510 2004 2544 de

160 2579 341 2621 Theloneo,
372 2583 403 2612 et
430 2581 462 2612 in
490 2584 558 2613 toto
587 2588 674 2625 pago
703 2589 762 2611 5611
791 2578 912 2612 ambitu
940 2580 1003 2611 iam
1033 2580 1169 2623 scripto,
1189 2587 1248 2622 per
1268 2584 1383 2609 omnes
1412 2572 1508 2606 villas
1529 2573 1633 2606 cultas
1662 2577 1694 2606 et
1714 2571 1884 2614 colendas,
1906 2571 2004 2617 plene

158 2640 287 2674 decime
316 2639 356 2673 de
385 2642 472 2672 omni
500 2650 607 2683 grano
643 2638 818 2685 parrochie
852 2642 914 2672 iam
952 2637 1100 2683 predicte
1135 2640 1166 2670 in
1202 2636 1480 2669 sustentacionem
1517 2632 1648 2679 plebani
1677 2632 1717 2666 ab
1747 2643 1861 2665 eorum
1891 2631 2005 2665 culto-
