2184 2828
1082 130 1155 165 940

194 248 395 293 ubicumque
423 247 621 287 stabiliendiq
650 247 894 294 reparandique
921 248 1044 282 fuerint
1077 253 1109 281 ct
1142 257 1349 292 quecumque
1382 246 1422 281 ad
1457 248 1704 293 propugnacula
1739 252 1772 281 et
1803 247 1866 281 alia
1895 250 2040 293 ipsorum

195 311 374 342 munimina
409 313 571 354 oportuna
607 308 729 342 l'uerint
764 308 886 342 faciant
922 308 1005 342 infra
1041 307 1203 341 dictorum
1239 318 1400 341 annorum
1434 310 1580 353 spacium
1616 313 1840 354 pretaxatam,
1873 307 1920 341 lta
1954 308 2040 354 quod

197 372 260 402 iam
289 371 321 403 in
350 368 476 403 fossato
504 380 601 415 quam
630 371 731 403 muris
760 373 792 402 et
819 369 963 403 turribus
997 368 1104 402 nullus
1139 368 1289 402 defectus
1324 368 1435 402 valeat
1463 370 1613 414 reperiri,
1642 372 1675 402 ut
1702 373 1735 402 ut
1764 368 1827 402 hoc
1854 379 1895 401 eo
1924 368 2041 402 melius

194 432 226 462 111
256 434 362 463 actum
387 429 554 464 deducere
573 432 715 475 possint,
744 429 785 463 de
808 429 1067 463 lialnindanciori
1094 431 1207 473 gracia
1234 431 1315 474 ipsis
1340 427 1522 462 addidimus
1550 427 1686 462 Civibus
1706 428 1910 462 Tlieloneum
1936 431 2041 474 ipsius

195 489 346 523 Civitatis
375 490 460 536 quod
490 491 583 524 miles
611 494 726 524 noster
745 517 752 524 .
771 517 778 524 .
797 517 804 524 .
824 490 995 535 hucusque
1031 488 1179 534 possedit
1212 492 1245 522 et
1280 487 1424 522 officium
1459 488 1533 521 illud
1562 488 1649 534 quod
1678 493 1835 534 scropant
1863 488 1979 522 dicitur
2006 493 2041 522 et

193 549 339 585 redditus
367 550 494 585 fructus
524 561 584 585 seu
613 554 748 596 questus
776 553 839 596 ipsi
868 560 1022 584 annexos
1052 551 1226 595 percipere
1255 560 1314 595 per
1341 551 1603 595 prenominatam
1637 548 1712 583 dicti
1741 551 1900 595 temporis
1929 560 2040 594 quan-

193 613 329 653 titatem,
358 611 398 644 ad
428 611 488 644 liec
517 611 593 644 dicti
622 610 723 645 Cives
751 613 973 656 promiserunt
1008 609 1104 643 nobis
1139 609 1253 643 facere
1288 620 1387 643 unum
1423 608 1508 642 aliud
1544 608 1705 643 fossatum
1739 614 1815 643 ante
1848 608 1924 642 illud
1953 609 2038 653 quod

193 676 242 706 cst
270 674 361 705 iuxta
389 682 501 706 muros
530 671 615 705 infra
643 671 811 717 predictos
841 675 980 716 quatuor
1009 681 1114 705 annos
1143 669 1184 703 ad
1214 672 1347 704 maioris
1376 672 1480 715 ipsius
1510 668 1660 704 Civitatis
1685 669 1814 703 roboris
1841 669 2038 703 firmitatem.

1061 868 1167 904 4⁰2.

190 947 264 980 Der
298 947 411 992 Ii'onz'q
448 959 511 981 ¹con
546 948 697 981 Belemen
732 946 887 991 uberffl'bt
921 947 993 980 dem
1031 946 1102 985 (3th
1136 950 1287 991 {Jermmit
1321 946 1489 991 SpeYalery
1525 946 1703 989 Hosmaz'er
1738 958 1777 980 zu
1813 945 1948 989 Votum,
1984 947 2038 981 die

189 1008 293 1041 stadt
320 1008 458 1042 Jermen
489 1009 548 1051 [ΖΡ]
579 1010 621 1041 im
650 1007 944 1052 Marlsyrnftlmme
973 1007 1118 1040 Matreu
1146 1018 1207 1040 zur
1235 1006 1459 1051 Befesligsmeq
1488 1007 1576 1040 nacla
1603 1007 1673 1040 Art
1701 1008 1760 1040 der
1788 1007 1893 1041 Stude
1920 1007 2036 1051 Κοίἱη,

187 1069 253 1102 mul
289 1068 411 1112 befrez'l
450 1069 504 1102 die
540 1069 697 1113 τίοι-119611
732 1068 867 1112 Bal-ym-
904 1070 969 1111 (mf
999 1068 1079 1101 (10]ιί
1115 1067 1226 1101 ,lala-e
1261 1079 1322 1101 ron
1355 1068 1447 1101 allen
1475 1067 1655 1112 Abyabem
1692 1067 1829 1111 Ziusen,
1862 1067 2038 1102 Collecten

818 1141 847 1161 (ι.
874 1141 900 1162 s.
927 1140 966 1162 w.
1000 1130 1037 1162 0.
1068 1129 1112 1163 D.
1145 1130 1183 1162 0„
1214 1129 1279 1161 med
1305 1128 1404 1161 Jahr.

367 1196 468 1249 luter
496 1216 614 1249 multas
643 1220 675 1249 et
703 1215 823 1249 arduas
853 1215 1081 1250 solicitudines
1110 1220 1141 1250 et
1169 1227 1320 1250 curarum
1350 1216 1524 1250 mordaces
1560 1218 1750 1259 instancias‚
1780 1227 1844 1261 que
1872 1219 1904 1249 in
1932 1219 2035 1250 nostri

186 1279 331 1323 pectoriS
361 1277 435 1310 aula
465 1281 654 1312 versantur.
685 1276 725 1309 ad
754 1276 829 1309 illud
859 1279 1003 1309 maxime
1039 1276 1210 1321 dirigimus
1245 1280 1351 1310 aciem
1386 1279 1505 1310 mentis
1540 1281 1653 1310 nostre
1686 1277 1826 1321 qualiter
1860 1279 2035 1322 provincie

187 1342 297 1371 nostre
327 1337 448 1370 dicioni
477 1336 606 1371 subdite
636 1336 811 1370 Civitatum
842 1337 1042 1370 decorentur
1076 1337 1269 1382 frequencia
1305 1342 1335 1370 et
1369 1336 1490 1371 robore
1525 1337 1711 1379 fulciantur,
1741 1341 1902 1382 qnatenus
1931 1337 2035 1371 here—

184 1398 268 1432 ditas
297 1402 411 1431 nostra
440 1400 594 1443 speciosa
624 1397 841 1442 preclaraque
876 1397 973 1431 nobis
1009 1402 1201 1444 compareat
1235 1402 1265 1431 et
1300 1397 1427 1431 hostilis
1464 1398 1602 1431 insultus
1640 1396 1827 1431 incursibus
1856 1402 1889 1431 et
1917 1408 2036 1432 manus

183 1461 350 1504 pressuris
378 1457 560 1503 predonice
589 1462 733 1503 nequeat
761 1458 800 1491 de
830 1457 916 1491 sacili
947 1458 1126 1500 molestari.
1162 1458 1347 1504 Eapropter
1375 1457 1550 1492 Civitatem
1580 1462 1726 1491 nostram
1754 1457 1846 1490 Jerm
1875 1460 1907 1491 in
1937 1469 2032 1492 mar-

183 1519 256 1552 cliia
286 1523 397 1553 nostra
427 1517 580 1552 Moravie
608 1520 702 1552 sitam
732 1518 783 1551 cli.
814 1518 900 1552 dicto
927 1519 1070 1564 Spitaler
1098 1519 1208 1553 villico
1231 1518 1271 1552 de
1291 1518 1414 1552 Vetaw
1440 1518 1500 1552 sub
1525 1518 1619 1552 buius
1639 1520 1879 1551 convencionis
1899 1529 2034 1553 manere

182 1582 406 1613 commisimus
423 1578 645 1619 minuendam.>
664 1580 755 1621 [sie]
770 1578 925 1612 videlicet
940 1579 1024 1624 quod
1036 1579 1141 1613 dictus
1157 1579 1209 1613 ch.
1227 1582 1337 1623 cinget
1353 1578 1471 1612 dictam
1490 1578 1663 1612 Civitatem
1674 1577 1763 1612 Jerm
1775 1581 2034 1625 circumquaque

181 1651 348 1674 murorum
384 1639 504 1673 ambitu
542 1642 595 1685 qui
630 1642 695 1673 sint
730 1642 863 1673 omnino
898 1639 1088 1674 conformes
1130 1639 1283 1673 Civitatis
1322 1640 1454 1673 colonie
1488 1641 1590 1672 muris
1629 1639 1755 1673 scilicet
1790 1639 1876 1683 quod
1913 1643 2034 1673 tantam

181 1700 428 1746 spissitudinem
458 1704 581 1733 tantam
612 1710 675 1745 que
705 1700 908 1733 altitudinem
944 1700 1099 1737 babeant„
1134 1704 1288 1745 quantam
1317 1699 1403 1733 dicte
1432 1699 1570 1733 Colonie
1599 1702 1681 1732 muri
1710 1698 1831 1732 liabent
1859 1710 1898 1732 ac
1927 1703 2035 1734 turres

180 1765 211 1795 in
241 1761 369 1795 eisdem
399 1763 499 1794 muris
529 1762 675 1795 construi
705 1760 805 1794 faciet
834 1760 1016 1794 secundum
1054 1761 1139 1794 illam
1174 1761 1381 1803 (listaneiaim
1418 1771 1514 1806 quam
1544 1764 1652 1793 turres
1681 1759 1800 1793 distant
1829 1761 1861 1792 in
1890 1758 2034 1793 Civitate

180 1822 318 1856 Colonie
347 1824 516 1855 seiunctas
545 1833 562 1854 a
592 1832 629 1855 se
657 1824 801 1855 invicem
832 1826 865 1855 et
893 1822 1065 1857 distantes,
1097 1821 1248 1855 Totidem
1277 1824 1382 1854 eciam
1411 1825 1505 1866 porte
1534 1823 1565 1853 in
1595 1820 1730 1854 Jermen
1756 1819 1935 1864 {ient-quot
1960 1825 2034 1854 sunt

178 1886 210 1916 in
240 1881 377 1916 Colonia
408 1886 440 1915 et
467 1881 616 1915 breviter
644 1881 729 1915 illius
759 1882 992 1928 disposicionis
1021 1887 1117 1916 erunt
1146 1884 1228 1915 niuri
1258 1884 1289 1914 in
1318 1881 1466 1924 Jermen,
1503 1883 1596 1914 0111115
1627 1885 1702 1915 511111
1729 1882 1761 1913 111
1791 1879 1933 1914 Civitate
1962 1879 2033 1914 Co-

177 1943 266 1976 lonie
304 1945 335 1976 in
371 1945 474 1988 portis
511 1941 673 1985 turribus,
709 1942 896 1986 altitudine7
932 1942 1145 1988 spissitudine
1180 1945 1297 1976 meniis
1332 1947 1363 1976 et
1403 1942 1474 1975 aliis
1508 1941 1767 1987 quibuscumque
1801 1939 1864 1974 1100
1899 1941 2032 1975 secluso

177 2008 431 2050 verumptamen
470 2008 503 2037 et
541 2007 687 2048 excepto
725 2015 763 2037 ac
801 2004 937 2050 speciali
976 2003 1115 2050 quadam
1155 2003 1346 2037 dill‘erencia
1384 2002 1558 2045 denotata,
1598 2000 1683 2047 quod
1720 2003 1876 2034 circuitus
1915 2000 2032 2047 quibus

176 2063 315 2098 Jermen
346 2063 472 2098 Civitas
509 2063 607 2098 debet
641 2063 755 2097 ambiri
790 2068 881 2098 tante
914 2067 1102 2110 quantitatis
1138 2067 1199 2098 erit
1233 2068 1353 2110 quante
1388 2065 1544 2097 circuitus
1574 2061 1722 2096 Civitatis
1756 2066 1870 2094 nostre
1900 2061 2031 2095 Turrim

177 2129 207 2157 et
236 2129 357 2159 tantam
396 2125 481 2158 infra
519 2135 556 2159 se
591 2124 759 2158 includent
792 2125 869 2158 dicti
908 2127 990 2158 muri
1025 2124 1161 2159 Jernien
1195 2127 1299 2170 spacii
1335 2126 1560 2170 quantitatem⁹
1594 2125 1746 2167 quantam
1782 2121 1858 2155 dicti
1887 2124 1970 2155 muri
1998 2124 2031 2155 in

176 2185 324 2230 predicta
361 2185 503 2219 Civitate
543 2184 672 2218 Turrim
711 2188 881 2219 continent
918 2190 950 2219 et
987 2185 1206 2227 concludunt„
1250 2184 1340 2219 Istud
1377 2188 1485 2218 autem
1522 2193 1687 2216 murorum
1726 2193 1808 2227 opus
1846 2181 1933 2215 idem
1968 2180 2028 2215 Ch.

176 2245 261 2278 infra
290 2250 366 2280 octo
396 2257 557 2279 annorum
587 2248 733 2291 spacium
764 2256 807 2279 ex
835 2257 923 2280 nunc
951 2248 1115 2280 continius
1148 2244 1427 2280 numerandorum
1463 2245 1582 2290 spaciis
1609 2241 1812 2287 temporibus
1841 2241 1911 2275 lieri
1946 2251 2032 2287 pro—-

176 2305 314 2349 curabit„
344 2306 391 2339 Ita
422 2306 508 2352 quod
538 2306 632 2340 dictis
661 2310 736 2339 octo
766 2309 861 2341 annis
891 2309 1069 2341 transactis
1098 2317 1180 2352 opus
1211 2305 1294 2339 idem
1324 2305 1470 2339 totaliter
1498 2306 1538 2338 sit
1565 2303 1761 2348 completum
1791 2307 1823 2336 et
1851 2306 1885 2336 ut
1913 2301 2031 2335 eadem

176 2366 303 2401 Civitas
333 2369 520 2411 augmentis
555 2365 769 2412 amplioribus
805 2367 943 2401 colletur
976 2370 1126 2413 murique
1162 2366 1278 2412 quibus
1307 2369 1396 2411 cingi
1432 2364 1528 2398 debet
1563 2363 1695 2396 valeant
1724 2362 1918 2409 expedicius
1947 2372 2031 2407 per-

175 2427 334 2472 compleri
373 2430 552 2461 universos
597 2429 743 2461 civitatis
782 2430 884 2472 ipsius
927 2426 1130 2461 habitatores
1169 2427 1325 2461 libertatis
1364 2427 1487 2461 solacio
1525 2423 1676 2457 volumus
1714 2422 1953 2468 congaudere,
1996 2426 2031 2455 ut

175 2486 400 2532 predictorum
436 2492 511 2521 octo
549 2498 711 2521 annorum
748 2490 894 2532 spacium
934 2487 974 2521 ab
1009 2491 1097 2521 omni
1135 2490 1321 2521 exaccione
1357 2496 1477 2520 census
1515 2484 1654 2517 collecte
1691 2488 1721 2517 et
1755 2483 1891 2517 alterius
1920 2493 2032 2516 exac-

175 2549 282 2581 cionis
313 2546 488 2580 cuiuslibet
516 2550 580 2581 sint
608 2551 771 2590 inmunes,
802 2558 865 2581 nec
893 2547 933 2582 ab
962 2550 1011 2581 eis
1042 2548 1172 2593 aliquod
1202 2548 1389 2581 theloneum
1418 2556 1478 2592 per
1505 2555 1621 2579 omnes
1648 2549 1753 2578 terras
1780 2547 1946 2588 exigatur,
1971 2542 2031 2577 Sed

173 2609 317 2641 transire
346 2606 439 2641 liberi
468 2611 709 2652 permittantui:
740 2608 933 2642 Transactis
962 2619 1045 2642 vero
1075 2613 1150 2642 octo
1180 2612 1276 2642 annis
1305 2608 1378 2641 dicti
1409 2606 1509 2640 Cives
1539 2617 1682 2640 marcam
1712 2607 1841 2649 argenti
1871 2604 1911 2637 de
1939 2613 2032 2648 quo-
