2184 2828
1102 115 1197 149 1002

482 283 662 325 (Donavit)
691 283 853 317 bonorum
883 295 904 317 a
933 295 1013 328 reqe
1040 283 1168 317 medico
1194 285 1293 326 sacta
1321 295 1394 317 cum
1424 285 1570 332 diuersis
1594 285 1821 330 priuileqiis.)

374 368 542 403 Medicine
571 372 717 403 sciencie
746 381 805 415 pro
834 371 1017 403 mortalium
1048 369 1221 402 commodo
1252 367 1408 404 diuinitus
1437 371 1611 414 destinata‚
1642 372 1849 417 presentibus
1870 383 1948 407 esse
1974 373 2073 407 debet

219 434 311 463 tanto
340 433 518 475 accepeior
546 435 668 476 quanto
698 430 837 464 dextera
866 433 968 476 ipsius
998 432 1177 475 percipitur
1206 433 1236 463 in
1267 430 1420 465 donantis
1450 431 1633 475 largicione
1654 431 1838 476 benigni01·‚
1867 436 1901 466 ut
1919 444 1979 479 per
1998 444 2070 468 eam

219 493 363 536 sospitas
392 502 455 536 qua
484 502 538 524 res
567 491 654 524 nulla
683 493 820 535 gracior
847 502 924 524 esse
954 495 1061 536 potest
1089 493 1220 523 cercius
1249 495 1281 523 et
1309 490 1436 524 diucius
1466 495 1669 537 preseruari.
1709 491 1812 525 Huius
1839 497 1947 526 autem
1968 504 2071 539 prac-

220 553 318 584 ticum
347 554 494 585 sciencie
523 551 620 585 uelud
650 552 882 585 incolomitatis
912 556 943 584 et
964 552 1072 584 leticie
1093 555 1298 585 seruatorem
1320 554 1468 597 primitus
1490 554 1675 598 acquirere,
1703 556 1898 598 acquisitum
1919 552 2070 599 diligere,

219 611 371 645 dilectum
401 612 528 645 donare
557 611 747 646 muneribus
776 616 808 646 et
836 611 1014 645 honoribus
1044 611 1139 644 decet
1166 622 1228 644 rex
1257 611 1392 656 quilibet
1420 612 1592 646 decorare.

373 672 445 705 Hac
474 676 610 706 racione
639 676 792 706 commoti
823 672 1005 706 honorabili
1034 675 1117 709 uiro,
1148 676 1275 705 nostro.
1306 672 1349 705 H.
1381 672 1555 718 capellano
1591 677 1623 706 et
1660 673 1800 716 medicQ
1837 673 1924 707 bona
1959 676 2070 708 omnia

220 735 251 766 in
281 732 356 766 uilla
386 735 487 766 insta
516 735 690 767 ez'm'tatem
719 737 871 767 nostram
899 744 971 765 cum
1002 735 1091 776 agris
1121 733 1216 766 cultis
1246 738 1278 766 et
1306 733 1450 767 incultis.
1481 736 1582 778 pratis
1612 737 1758 779 pascuis,
1788 733 1913 768 rubetis
1943 739 2007 769 etc.
2036 739 2071 769 ut

218 805 329 839 supra.
360 793 561 835 molendino,
593 794 731 827 edificiis
761 798 792 827 et
814 792 966 827 omnibus
986 798 1017 826 et
1043 793 1181 837 singulis
1202 796 1388 827 attinenciis
1410 798 1441 827 et
1461 793 1585 827 iuribus
1612 795 1803 828 eorumdem
1828 797 2069 838 concessimus,

218 854 321 888 libere
350 859 511 900 perpetuo
541 854 755 900 possidenda.
793 854 911 887 dantes
942 853 1048 887 eidem
1077 857 1247 897 magistro.
1278 853 1321 887 H.
1352 854 1483 899 plenam
1506 859 1537 888 et
1566 853 1700 888 liberam
1729 854 1919 888 facultatem
1939 855 2070 890 locandi

217 920 249 948 et
277 915 501 948 committendi
530 926 602 949 eam
633 918 828 959 cuicumque
858 914 919 948 sibi
949 914 1109 960 placuerit
1138 913 1325 948 obiectione
1354 915 1406 947 uel
1436 915 1698 948 contradictione
1728 915 1871 961 qualibet
1906 926 1973 950 non
2003 915 2070 950 ob-

217 980 335 1009 stante.
367 975 452 1016 Quin
482 979 580 1009 imino
609 979 800 1020 circumque
829 975 914 1009 dicta
944 974 1029 1008 hona
1067 977 1281 1017 commiserit,
1321 986 1380 1008 seu
1409 975 1581 1018 locauerit3
1613 979 1717 1021 ipsum
1746 987 1821 1010 esse
1860 976 2013 1011 uolumus
2037 981 2070 1010 et

215 1041 330 1070 tenere
359 1036 589 1070 fideiussorem
618 1039 723 1069 nostri
753 1036 915 1069 culminis.

371 1096 518 1143 Speciali
547 1100 732 1130 exemimus
770 1097 785 1140 (
896 1098 905 1136 l
943 1106 1072 1142 quoque
1106 1095 1191 1129 dicta
1227 1096 1312 1129 bona
1350 1107 1424 1130 cum
1462 1096 1615 1130 omnihus
1651 1099 1840 1130 attinenciis
1879 1101 1911 1130 et
1943 1096 2069 1133 iuribus

215 1157 413 1204 supradictis
443 1170 459 1191 a
489 1161 653 1203 potestate
683 1168 741 1191 seu
771 1156 998 1190 iurisdictione
1028 1155 1144 1190 iudicis
1173 1157 1397 1202 prouincialis„
1428 1157 1526 1190 uillici
1565 1161 1597 1190 et
1634 1157 1768 1191 alterius
1803 1157 1967 1201 officialis,
2003 1162 2069 1191 tam

214 1221 425 1264 presencium
455 1229 551 1263 quam
582 1218 777 1253 futurorum.
808 1217 1005 1251 mandantes
1035 1220 1094 1255 εἰς.7
1127 1221 1244 1250 tenore
1272 1220 1483 1262 presencium
1514 1217 1649 1251 firmiter
1677 1222 1710 1252 et
1738 1220 1871 1264 precise
1904 1222 2069 1263 quatenus

214 1290 287 1313 cum
317 1279 412 1313 dictis
442 1278 549 1314 bonis.
580 1279 632 1312 nel
661 1290 735 1312 cuni
765 1279 852 1311 dicto
882 1280 1053 1322 magistro.
1085 1277 1128 1310 H.
1159 1278 1211 1310 uel
1241 1289 1314 1311 cum
1344 1278 1398 1312 illo
1436 1281 1635 1324 cuicumque
1663 1281 1864 1312 commiserit
1889 1279 1944 1312 uel
1969 1279 2072 1313 loca-

213 1343 309 1382 uerit,
339 1343 411 1386 ipsa
440 1339 540 1373 nichil
569 1339 690 1373 haheat
719 1339 909 1384 disponere.
939 1338 997 1372 sed
1027 1350 1066 1371 ea
1097 1342 1285 1383 permittant
1320 1344 1351 1372 et
1386 1349 1445 1372 eos
1480 1339 1519 1372 ab
1549 1342 1636 1372 omni
1666 1342 1746 1373 iuris
1775 1339 2000 1373 iurisdictione
2036 1343 2071 1373 et

212 1404 372 1436 seruitute
401 1412 440 1434 ac
469 1403 659 1434 vexacione
687 1399 832 1446 qualibet
860 1399 962 1433 libere
992 1410 1033 1432 ac
1063 1400 1202 1445 pacifice
1237 1410 1446 1445 permanere.

366 1461 482 1495 Nullus
500 1472 582 1506 ergo
602 1460 804 1494 subditorum
822 1465 1023 1497 nostrorum,
1046 1463 1285 1506 cuiuscumque
1306 1460 1511 1494 condicionis
1533 1463 1691 1503 extiterit,
1713 1465 1905 1506 presentem
1925 1461 2067 1495 litteram

211 1525 434 1557 concessione
463 1522 626 1555 uiolenter
654 1526 851 1567 attemptare
880 1525 1060 1566 presumat.

366 1583 402 1617 Si
432 1586 503 1628 quis
533 1587 642 1616 autem
672 1585 873 1616 contrarium
904 1582 1033 1625 fecerit,
1063 1587 1176 1628 preter
1205 1581 1473 1626 indignacionem
1503 1586 1664 1625 nostrann
1695 1592 1789 1626 quam
1820 1584 1892 1627 ipso
1920 1581 2009 1616 facto
2030 1592 2068 1615 se

209 1648 392 1679 incurrisse
421 1647 563 1684 nouerit,
593 1654 679 1689 pene
708 1655 804 1689 quam
835 1643 1079 1677 declarauimus
1108 1643 1149 1676 de
1178 1645 1263 1688 ipso,
1293 1642 1461 1676 mediante
1491 1645 1632 1678 iusticia.
1663 1641 1859 1676 subiacebit.

622 1799 830 1841 (Concessio
859 1801 1055 1833 notariatus
1081 1810 1145 1843 per
1169 1799 1383 1843 prouinciam
1408 1799 1649 1842 praqensem.)

360 1877 401 1912 V.
432 1877 494 1911 Dei
523 1880 637 1922 gracia
666 1881 730 1911 etc.

359 1938 470 1984 Digne
499 1943 532 1972 et
559 1938 702 1972 honeste
730 1937 866 1983 quilibet
894 1939 1050 1983 princeps
1079 1935 1194 1970 facere
1223 1935 1370 1970 creditur
1399 1939 1452 1981 qui
1481 1939 1638 1970 continua
1667 1947 1730 1982 que
1763 1934 1824 1969 sibi
1862 1934 2063 1969 exhibentur

203 1998 367 2045 obsequia
396 1998 629 2033 retribucionis
665 2002 900 2043 recompensat
942 1996 1130 2040 dulcedine,
1161 2001 1193 2030 et
1220 1997 1361 2042 quodam
1382 2000 1476 2041 quasi
1496 1996 1690 2043 preambulo
1708 1997 1861 2042 preuenit
1888 1999 2058 2041 sequtura.

359 2059 540 2106 Cupientes
568 2062 669 2104 igitur
698 2058 797 2103 digne
827 2058 940 2092 facere
969 2062 1002 2091 et
1030 2057 1170 2092 honeste
1199 2060 1342 2092 seruicia
1372 2057 1447 2091 dicti
1476 2060 1580 2091 nostri
1609 2059 1738 2091 notarii.
1769 2055 1813 2090 H.
1835 2055 1966 2099 Ytalici,
1989 2051 2055 2101 q'ue

200 2123 358 2154 continue
387 2124 514 2166 prestat
542 2123 796 2153 remunerantes
825 2124 857 2152 et
884 2130 944 2165 per
972 2118 1035 2152 hec
1063 2120 1302 2164 preuenientes
1331 2118 1472 2163 quodam
1501 2117 1599 2152 modo
1629 2121 1785 2162 sequtura
1815 2115 1878 2150 sibi
1896 2119 2060 2150 notariam

198 2191 260 2227 per
286 2182 501 2225 prouinciam
527 2191 733 2225 prayensem
762 2184 796 2213 et
824 2181 1007 2213 curminen.
1038 2181 1266 2212 concessimus
1295 2178 1449 2223 quamdiu
1482 2181 1605 2212 vixerit
1639 2176 1823 2223 gerendam
1857 2175 1997 2222 pacifice
2026 2180 2061 2210 et

199 2243 322 2287 quiete,
353 2245 385 2274 et
414 2252 511 2287 quum
541 2243 658 2287 ipsius.
688 2240 733 2273 H.
763 2243 938 2286 presencia
968 2243 1080 2273 nostre
1109 2241 1201 2272 curie
1229 2243 1404 2284 oportuna,
1434 2238 1550 2272 damus
1580 2237 1640 2272 sibi
1678 2236 1844 2272 statuendi
1882 2227 2056 2281 uicarium,

198 2312 406 2346 quecumque
434 2302 576 2335 uoluerit
605 2300 882 2347 quandocumque
911 2300 1063 2343 collecta,
1093 2300 1145 2333 uel
1174 2304 1297 2341 steura5
1328 2299 1504 2343 colligitur7
1535 2298 1664 2344 plenam
1695 2301 1727 2331 et
1759 2296 1896 2331 liberam
1941 2296 2055 2331 facul-

204 2366 316 2406 tatem,
345 2362 617 2396 contradiccione
646 2361 791 2407 qualibet
818 2372 883 2395 non
914 2360 1080 2396 obstante.

350 2421 549 2456 Mandantes
580 2421 817 2456 coltectoribus
847 2426 970 2465 steure,
1000 2426 1117 2455 tenore
1145 2424 1356 2468 presencium
1386 2420 1632 2467 priuilegiorum
1654 2421 1685 2452 in
1712 2418 1839 2453 eisdem
1860 2419 2053 2464 prouinciis,

195 2486 395 2529 quicumque
424 2482 440 2528 (
543 2482 560 2527 ]
589 2494 649 2528 pro
679 2487 830 2528 tempore
857 2482 990 2525 fuerint,
1020 2481 1106 2526 quod
1136 2485 1294 2516 uicarium
1325 2481 1414 2515 dicti.
1446 2481 1488 2514 H.
1519 2490 1729 2526 quecumque
1755 2481 1836 2525 ipsis
1872 2481 2054 2524 presenta—

193 2546 279 2577 uerit
307 2543 447 2577 honeste
476 2546 638 2588 recipiant
666 2547 699 2576 et
727 2547 932 2589 pertractant
966 2547 999 2576 et
1033 2553 1099 2576 vna
1135 2554 1208 2576 cum
1243 2545 1314 2588 ipso
1350 2541 1492 2575 fideliter
1519 2539 1692 2585 colligant,
1738 2542 1836 2586 prout
1870 2549 1945 2572 cum
1983 2537 2055 2572 aliis

190 2606 331 2638 notariis
359 2603 478 2648 collegi
514 2606 700 2637 consueuit.
