2184 2828
1062 142 1136 176 178

181 265 323 300 dominio
351 263 554 299 libertatibus
578 260 861 305 jurisdictionibus
889 260 999 306 baylia
1028 264 1061 293 et
1087 258 1239 293 omnibus
1268 263 1300 292 et
1328 258 1466 303 singulis
1494 257 1657 292 nobilibus
1685 261 1718 291 et
1744 255 1884 290 vasallis
1904 254 2016 289 homi-

181 326 278 361 nibus
306 330 337 360 et
361 325 470 370 judeis
499 323 672 357 advocatia
701 327 733 356 et
757 324 832 366 jure
860 325 1050 367 patronatus
1080 319 1295 353 ecclesiarum
1324 323 1357 353 et
1385 318 1534 353 omnibus
1569 319 1639 352 aliis
1672 316 1786 351 usibus
1823 315 2015 351 utilitatibus

180 386 436 421 obventionibus
478 383 636 418 fructibus
677 382 899 417 usufructihus
936 386 968 415 et
1009 380 1184 415 afflictibus
1224 383 1293 414 suis
1335 381 1388 425 qui
1428 384 1460 413 et
1499 379 1613 425 quales
1653 382 1728 412 sunt
1768 379 1801 410 in
1847 376 2010 422 quibusve

183 447 282 482 rebus
310 450 492 481 consistant
519 445 573 478 vel
608 447 792 478 consistere
825 447 979 488 poterunt
1013 445 1045 475 in
1073 441 1215 475 futurum
1249 445 1283 474 et
1318 444 1414 486 prout
1444 451 1505 474 nos
1541 442 1703 473 tenuimus
1738 442 1770 471 et
1807 436 2015 483 possedimus

183 511 301 554 quovis
331 508 421 541 titulo
451 510 482 539 et
510 504 605 539 modo
634 516 694 550 per
720 507 825 550 ipsum
855 503 1019 537 dominum
1046 512 1162 545 regem
1188 511 1227 534 ac
1247 500 1388 535 heredes
1407 505 1438 534 et
1457 511 1674 534 successores
1695 501 1797 544 ipsius
1817 497 2016 531 hereditaria

182 568 381 615 possidenda
410 566 531 600 utenda
561 570 591 599 et
620 569 778 611 perpetuo
807 563 948 598 tenenda
978 563 1018 597 de
1046 566 1161 607 eisque
1189 561 1438 607 dispositionem
1467 561 1595 607 plenam
1616 560 1730 593 damus
1751 563 1783 592 et
1802 558 2016 604 relinquimus

184 630 291 664 eidem
325 628 456 662 domino
486 629 559 671 regi
588 626 764 660 heredibus
792 629 823 658 et
852 623 1105 658 successoribus
1133 625 1200 657 suis
1232 622 1367 656 Boemie
1396 621 1531 666 regibus
1560 619 1726 655 vendendi
1755 618 1898 653 donandi
1934 629 2018 664 per-

182 688 327 724 mutandi
356 693 387 721 et
421 687 640 733 quovismodo
676 686 739 719 alio
774 685 828 719 vel
864 684 970 718 forma
1005 689 1158 729 tanquam
1191 682 1231 716 de
1265 682 1364 716 rebus
1398 685 1539 728 propriis
1574 686 1605 715 et
1640 680 1848 714 hereditariis
1875 678 2018 713 faciendi

182 761 241 796 pro
270 751 373 795 ipsius
402 752 433 782 et
461 758 574 782 eorum
603 746 703 780 lubitu
732 750 763 779 et
790 746 960 779 voluntate
989 747 1218 790 promittentes
1246 754 1306 789 pro
1334 742 1427 777 nobis
1455 747 1487 777 et
1521 741 1698 776 heredibus
1730 743 1855 775 nostris
1885 739 2019 774 firmiter

182 810 321 844 fideliter
348 813 381 843 et
409 820 491 855 pure
519 812 633 841 contra
664 806 824 852 prefatam
860 805 1144 840 donacionemet
1177 803 1384 838 traditionem
1418 808 1565 837 nostram
1595 803 1634 836 de
1662 802 1758 836 bonis
1787 800 1959 835 antedictis
1986 803 2020 834 et

182 881 298 905 eorum
325 871 530 915 pertinentiis
555 867 683 912 juribus
711 871 743 900 et
771 865 929 900 fructibus
955 867 1193 911 prenominatis
1213 863 1364 898 omnibus
1384 868 1486 897 ratam
1506 868 1633 908 gratam
1653 867 1686 897 et
1705 862 1829 896 sirmam
1849 863 2017 907 perpetuis

183 936 298 966 tenere
326 935 357 964 et
386 940 521 963 manere
551 926 751 973 temporibus
779 938 842 960 nec
869 937 1013 971 unquam
1041 929 1157 959 contra
1186 927 1302 958 venire
1330 935 1389 970 per
1416 935 1476 958 nos
1505 935 1543 957 ac
1572 923 1669 957 alium
1697 934 1757 957 seu
1785 922 1867 957 alios
1887 931 2018 967 quoque

183 992 295 1026 modo:
324 992 560 1024 renunciantes
589 990 737 1034 inprimis
765 986 916 1021 omnibus
945 991 978 1021 et
1006 986 1045 1020 ad
1074 988 1183 1020 omnia
1212 990 1244 1019 et
1272 995 1385 1019 eorum
1413 984 1544 1018 cuilibet
1564 986 1652 1018 omni
1680 985 1800 1017 actioni
1829 983 2019 1028 exceptioni

183 1053 247 1087 doli
276 1052 351 1085 mali
379 1062 444 1084 non
473 1054 643 1083 numerate
672 1060 736 1082 non
765 1048 871 1082 solute
899 1050 1039 1093 pecunie
1067 1049 1265 1092 impeticioni
1291 1047 1485 1080 restitutioni
1505 1048 1536 1078 in
1556 1047 1718 1089 integrum
1748 1048 1780 1077 et
1807 1043 1871 1077 alio
1899 1045 2018 1088 quovis

184 1113 341 1157 suffragio
373 1113 456 1155 juris
492 1112 642 1144 canonici
671 1110 726 1143 vel
759 1109 866 1143 civilis
895 1120 933 1142 ac
962 1110 1059 1141 etiam
1089 1106 1368 1141 consuetudinarii
1397 1117 1456 1152 per
1483 1116 1546 1150 que
1574 1105 1629 1140 vel
1657 1115 1769 1138 eorum
1799 1103 1936 1138 alterum
1964 1103 2019 1138 vel

183 1173 313 1219 aliquod
341 1171 435 1206 nobis
464 1182 503 1204 ac
538 1169 714 1204 heredibus
748 1172 867 1203 nostris
903 1171 1008 1215 possit
1043 1168 1173 1213 aliquod
1208 1167 1398 1211 suffragium
1431 1170 1577 1212 tempore
1607 1165 1750 1211 quolibet
1785 1164 1895 1199 afferri
1923 1166 2019 1198 etiam

183 1237 209 1269 si
238 1234 277 1267 de
307 1235 356 1266 eis
384 1232 437 1265 vel
468 1242 582 1265 eorum
612 1232 719 1275 aliquo
748 1230 782 1263 lit
816 1229 856 1263 de
885 1240 949 1275 quo
977 1232 1009 1263 in
1044 1239 1172 1273 genere
1208 1228 1263 1263 vel
1298 1230 1329 1262 in
1366 1229 1476 1273 specie
1505 1226 1546 1260 de
1574 1225 1678 1260 verbo
1707 1225 1746 1259 ad
1776 1224 1915 1260 verbum
1943 1234 2020 1259 esse

183 1299 215 1328 et
244 1294 313 1327 lieri
341 1293 518 1338 specialem
556 1295 706 1337 oporteat
743 1293 958 1324 mentionem:
996 1289 1112 1334 quibus
1147 1288 1298 1322 omnibus
1332 1292 1364 1322 et
1399 1287 1537 1331 singulis
1575 1298 1688 1321 eorum
1717 1297 1793 1320 esse
1822 1290 1854 1320 et
1883 1285 2020 1330 intelligi

183 1355 334 1389 volumus
364 1364 422 1399 per
450 1355 558 1386 omnia
588 1351 776 1398 specialiter
805 1350 1002 1395 derogatum
1031 1350 1143 1383 harum
1173 1353 1356 1383 nostrarum
1393 1350 1577 1382 testimonio
1612 1348 1803 1381 litterarum.
1840 1345 1959 1380 Datum
1988 1349 2020 1380 in

185 1415 358 1450 Olomiintz
388 1412 476 1448 VIII.
507 1412 558 1445 dic
587 1414 710 1446 niensis
738 1411 813 1445 Julii
843 1422 929 1444 anno
959 1410 1079 1444 domini
1108 1409 1387 1444 mcccxxxlx.

490 1490 681 1525 (Abgcdruckt
706 1490 746 1516 bci
772 1489 977 1518 Somnicrsberg
1000 1490 1150 1515 Silesiacar.
1177 1497 1227 1515 rer.
1253 1489 1376 1523 scriptor.
1402 1487 1420 1513 l.
1446 1488 1472 1513 S.
1498 1486 1862 1520 8⁷12.11.1,xt11.Ludcwig
1878 1486 2021 1520 Reliquiar,

592 1543 640 1568 ΜΞ.
673 1542 704 1567 V.
736 1543 762 1567 S.
796 1542 865 1567 561.
897 1550 920 1566 n.
952 1541 1027 1567 an.
1058 1541 1152 1575 vergi.
1184 1541 1292 1567 nobner
1319 1541 1477 1566 lilonumcnt.
1508 1539 1551 1565 IV.
1578 1540 1604 1565 S.
1635 1538 1704 1564 302.
1731 1547 1755 1564 n.
1781 1538 1889 1565 cxux.
1914 1538 2022 1565 Extract

593 1594 751 1629 mitgctheilt
775 1601 833 1620 vom
859 1594 883 1619 k.
910 1594 1056 1619 Archivare
1081 1593 1125 1619 Dr.
1150 1593 1329 1619 wattenbach
1353 1593 1376 1618 in
1401 1591 1533 1623 Brcslau.)

1052 1714 1158 1749 245.

188 1796 336 1830 Gertz-ml
365 1807 425 1828 rou
447 1794 607 1827 Isin-orric
635 1793 701 1827 mul
728 1793 781 1826 z'lir
808 1792 901 1827 Solen
922 1792 1045 1835 Renes,
1073 1795 1222 1837 yenatml
1251 1791 1335 1834 llus,
1363 1789 1544 1833 cerlsaufen
1574 1789 1645 1822 (lem
1668 1789 1840 1822 Olme'llzer
1860 1788 2022 1833 Bis-chose

185 1857 320 1891 ,ΙοΙιαηη
351 1856 423 1889 ilerc
454 1856 560 1888 (iillcr
588 1856 619 1888 ῖιι
649 1854 808 1887 Isurocre'c
838 1854 903 1887 mul
925 1853 1093 1886 Tt'·e!1c'›tz'c.
1124 1853 1183 1886 Dc.
1214 1854 1245 1885 in
1275 1855 1390 1885 castro
1410 1850 1567 1895 Meyle'ch
1588 1850 1685 1884 Xt'l.
1709 1850 1853 1883 Isaleml.
1875 1850 2026 1894 Auyewti

930 1914 1012 1957 (17.
1041 1913 1134 1956 ms]
1166 1913 1275 1947 1339.

341 1992 458 2046 [ximo
487 2010 608 2044 domini
637 2010 808 2044 millesimo
837 2011 1071 2043 trecentesimo
1101 2010 1267 2043 tricesimo
1301 2017 1389 2041 nono
1417 2005 1594 2040 indictione
1628 2005 1712 2040 vili.
1747 2010 1780 2040 et
1808 2004 1912 2039 XV10.
1948 2005 2020 2040 Kal.

188 2075 328 2119 Augusti
359 2072 494 2106 honesta
524 2072 654 2104 domina
684 2071 814 2104 domina
844 2069 1025 2103 Gerdrudis
1054 2069 1094 2103 dc
1123 2068 1299 2103 Curowicz
1333 2073 1366 2102 et
1395 2067 1575 2101 Bencssius
1606 2067 1689 2100 lilius
1719 2070 1790 2100 eius
1818 2066 1923 2100 dictus
1952 2066 2023 2100 lluz

187 2139 217 2169 in
248 2136 420 2180 presencia
452 2131 651 2166 venerabilis
680 2134 711 2165 in
741 2131 870 2165 Christo
908 2133 1008 2176 patris
1043 2142 1082 2164 ac
1117 2130 1237 2164 domini
1272 2129 1392 2163 domini
1419 2127 1580 2161 Johanuis
1610 2130 1758 2173 episcopi
1789 2128 2023 2162 Olomucensis

189 2198 351 2229 constituti
381 2198 411 2228 in
441 2198 551 2228 castro
580 2193 733 2238 Meylicz,
765 2191 849 2225 bona
879 2203 938 2226 sua
968 2192 1143 2225 Curowicz
1172 2196 1203 2225 et
1232 2189 1417 2231 Trebcticz,
1446 2200 1519 2222 cum
1548 2188 1698 2221 oinuibns
1722 2187 1853 2231 juribus
1881 2192 1914 2222 et
1941 2199 2025 2234 per-

189 2259 337 2290 tinenciis
365 2257 532 2288 vniucrsis
560 2257 619 2299 ipsi
649 2253 780 2286 domino
809 2255 967 2298 episcopo
996 2255 1056 2286 rite
1084 2257 1118 2286 et
1145 2250 1386 2285 ireuocabililer
1415 2248 1644 2283 vendiderunt.
1674 2253 1707 2282 et
1735 2248 1775 2282 ad
1802 2259 1918 2283 manus
1945 2258 2024 2283 suas

190 2327 280 2349 more
308 2316 403 2349 solito
432 2318 643 2359 resignarunt
671 2313 798 2358 sibique
827 2317 1002 2347 cesserunt
1029 2312 1131 2347 libere
1160 2312 1201 2345 de
1229 2311 1363 2352 eisdem,
1393 2312 1647 2343 rentium-inintes
1673 2312 1759 2343 omni
1776 2311 1843 2353 juri
1862 2310 2023 2355 questioni

190 2381 220 2410 et
249 2376 370 2409 auxilio
400 2375 562 2409 aliuslibet
590 2374 754 2417 benel'icij.
789 2385 853 2419 que
890 2376 970 2419 ipsis
1004 2374 1056 2407 uel
1091 2384 1203 2407 eorum
1239 2373 1330 2406 alteri
1364 2373 1451 2404 circa
1486 2369 1570 2403 hona
1607 2370 1766 2415 predicta,
1795 2381 1854 2404 seu
1883 2372 1914 2404 in
1942 2371 2024 2415 ipsis

190 2436 297 2477 bonis.
327 2436 485 2469 hactenus
514 2437 690 2481 compecijt
717 2439 771 2468 aut
798 2438 977 2479 conpetere
1006 2439 1120 2479 posset
1147 2431 1389 2480 quomodolibet
1416 2434 1446 2464 iu
1477 2430 1629 2470 futurum,
1658 2430 1866 2476 presentibus
1886 2428 2024 2464 testibus

190 2496 385 2532 subnotatis,
416 2497 571 2530 videlicet
600 2495 789 2530 Guntberus
818 2495 858 2529 de
895 2495 1042 2533 Linauia,
1078 2494 1286 2528 Theoderico
1316 2492 1468 2525 Buscono
1507 2491 1672 2532 fratribus,
1702 2491 1910 2525 Theoderico
1938 2489 2024 2524 dicto

192 2557 442 2595 Schraunnone,
480 2557 631 2590 Conrado
668 2556 754 2589 dicto
792 2555 946 2589 Feurone
980 2560 1013 2589 et
1048 2555 1234 2588 l’rzescone
1275 2552 1498 2587 castrensibus
1534 2554 1563 2585 in
1607 2551 1749 2597 Meylicz
1790 2550 1949 2585 llenslino
1983 2549 2025 2584 de

192 2617 349 2659 Modricz,
380 2616 562 2650 Laurcncio
591 2617 632 2650 de
661 2616 821 2662 Dycdicz,
852 2616 992 2650 vassalis
1022 2616 1165 2649 ecclesie
1195 2614 1435 2655 (nomuecnsis,
1464 2624 1593 2647 necnon
1619 2612 1762 2647 llcnrico
1791 2611 1832 2645 de
1852 2610 2024 2656 llirstayn‚
