<?xml version="1.0" encoding="UTF-8"?>
<!DOCTYPE html PUBLIC "-//W3C//DTD XHTML 1.0 Transitional//EN"
    "http://www.w3.org/TR/xhtml1/DTD/xhtml1-transitional.dtd">
<html xmlns="http://www.w3.org/1999/xhtml" xml:lang="en" lang="en">
 <head>
  <title>
</title>
<meta http-equiv="Content-Type" content="text/html;charset=utf-8" />
  <meta name='ocr-system' content='tesseract 3.04.00' />
  <meta name='ocr-capabilities' content='ocr_page ocr_carea ocr_par ocr_line ocrx_word'/>
</head>
<body>
  <div class='ocr_page' id='page_1' title='image "./codexdiplomaticu07morauoft_0631.png"; bbox 0 0 2184 2828; ppageno 0'>
   <div class='ocr_carea' id='block_1_1' title="bbox 990 113 1059 150">
    <p class='ocr_par' dir='ltr' id='par_1_1' title="bbox 990 113 1059 150">
     <span class='ocr_line' id='line_1_1' title="bbox 990 113 1059 150; baseline -0.029 0"><span class='ocrx_word' id='word_1_1' title='bbox 990 113 1059 150; x_wconf 88' lang='lat'>531</span> 
     </span>
    </p>
   </div>
   <div class='ocr_carea' id='block_1_2' title="bbox 91 230 1954 2685">
    <p class='ocr_par' dir='ltr' id='par_1_2' title="bbox 91 230 1954 2685">
     <span class='ocr_line' id='line_1_2' title="bbox 104 230 1948 282; baseline -0.002 -13"><span class='ocrx_word' id='word_1_2' title='bbox 104 234 234 282; x_wconf 90' lang='lat' dir='ltr'>populi,</span> <span class='ocrx_word' id='word_1_3' title='bbox 262 233 495 277; x_wconf 79' lang='lat' dir='ltr'>Magistratus,</span> <span class='ocrx_word' id='word_1_4' title='bbox 525 231 698 278; x_wconf 87' lang='lat' dir='ltr'>qnodque,</span> <span class='ocrx_word' id='word_1_5' title='bbox 728 235 757 267; x_wconf 88' lang='lat' dir='ltr'>si</span> <span class='ocrx_word' id='word_1_6' title='bbox 784 232 1068 278; x_wconf 87' lang='lat' dir='ltr'>Archiepiscopus</span> <span class='ocrx_word' id='word_1_7' title='bbox 1095 230 1373 275; x_wconf 85' lang='lat' dir='ltr'>Maguntinensis,</span> <span class='ocrx_word' id='word_1_8' title='bbox 1403 231 1443 265; x_wconf 88' lang='lat' dir='ltr'>ad</span> <span class='ocrx_word' id='word_1_9' title='bbox 1473 231 1614 275; x_wconf 90' lang='lat' dir='ltr'>dictam,</span> <span class='ocrx_word' id='word_1_10' title='bbox 1641 230 1833 266; x_wconf 87' lang='lat' dir='ltr'>Accederet</span> <span class='ocrx_word' id='word_1_11' title='bbox 1862 232 1948 266; x_wconf 90' lang='lat' dir='ltr'>Pra-</span> 
     </span>
     <span class='ocr_line' id='line_1_3' title="bbox 104 291 1947 341; baseline -0.002 -11"><span class='ocrx_word' id='word_1_12' title='bbox 104 306 244 341; x_wconf 85' lang='lat' dir='ltr'>gensem</span> <span class='ocrx_word' id='word_1_13' title='bbox 264 294 462 335; x_wconf 75' lang='lat' dir='ltr'>Ecclesiam,</span> <span class='ocrx_word' id='word_1_14' title='bbox 492 304 553 339; x_wconf 87' lang='lat' dir='ltr'>pro</span> <span class='ocrx_word' id='word_1_15' title='bbox 582 293 676 327; x_wconf 90' lang='lat' dir='ltr'>dictis</span> <span class='ocrx_word' id='word_1_16' title='bbox 704 304 801 327; x_wconf 84' lang='lat' dir='ltr'><strong>sacre</strong></span> <span class='ocrx_word' id='word_1_17' title='bbox 822 293 1015 335; x_wconf 88' lang='lat' dir='ltr'>Vnccionis,</span> <span class='ocrx_word' id='word_1_18' title='bbox 1045 296 1078 326; x_wconf 88' lang='lat' dir='ltr'>et</span> <span class='ocrx_word' id='word_1_19' title='bbox 1096 294 1330 326; x_wconf 88' lang='lat' dir='ltr'>coronacionis</span> <span class='ocrx_word' id='word_1_20' title='bbox 1351 292 1568 336; x_wconf 87' lang='lat' dir='ltr'>sollennibus,</span> <span class='ocrx_word' id='word_1_21' title='bbox 1597 291 1758 326; x_wconf 87' lang='lat' dir='ltr'>offerente</span> <span class='ocrx_word' id='word_1_22' title='bbox 1787 304 1824 327; x_wconf 92' lang='lat' dir='ltr'>se</span> <span class='ocrx_word' id='word_1_23' title='bbox 1852 304 1947 331; x_wconf 75' lang='lat' dir='ltr'>casu,</span> 
     </span>
     <span class='ocr_line' id='line_1_4' title="bbox 104 352 1948 400; baseline -0.001 -10"><span class='ocrx_word' id='word_1_24' title='bbox 104 359 198 391; x_wconf 88' lang='lat' dir='ltr'>sicuti</span> <span class='ocrx_word' id='word_1_25' title='bbox 225 353 365 396; x_wconf 79' lang='lat' dir='ltr'>solebat,</span> <span class='ocrx_word' id='word_1_26' title='bbox 395 354 488 388; x_wconf 83' lang='lat' dir='ltr'>Ante</span> <span class='ocrx_word' id='word_1_27' title='bbox 516 354 766 397; x_wconf 75' lang='lat' dir='ltr'>exaltationem,</span> <span class='ocrx_word' id='word_1_28' title='bbox 795 358 827 388; x_wconf 88' lang='lat' dir='ltr'>et</span> <span class='ocrx_word' id='word_1_29' title='bbox 855 357 1061 388; x_wconf 86' lang='lat' dir='ltr'>erectionem</span> <span class='ocrx_word' id='word_1_30' title='bbox 1083 352 1280 395; x_wconf 79' lang='lat' dir='ltr'>huiusmodi,</span> <span class='ocrx_word' id='word_1_31' title='bbox 1309 363 1377 386; x_wconf 91' lang='lat' dir='ltr'>non</span> <span class='ocrx_word' id='word_1_32' title='bbox 1397 353 1473 387; x_wconf 90' lang='lat' dir='ltr'>leve</span> <span class='ocrx_word' id='word_1_33' title='bbox 1494 353 1771 400; x_wconf 89' lang='lat' dir='ltr'>Archiepiscopis</span> <span class='ocrx_word' id='word_1_34' title='bbox 1792 353 1948 399; x_wconf 85' lang='lat' dir='ltr'>Pragen-</span> 
     </span>
     <span class='ocr_line' id='line_1_5' title="bbox 102 413 1948 461; baseline -0.001 -11"><span class='ocrx_word' id='word_1_35' title='bbox 102 416 204 459; x_wconf 89' lang='lat' dir='ltr'>sibus,</span> <span class='ocrx_word' id='word_1_36' title='bbox 232 414 448 461; x_wconf 89' lang='lat' dir='ltr'>preiudicium</span> <span class='ocrx_word' id='word_1_37' title='bbox 478 417 634 457; x_wconf 89' lang='lat' dir='ltr'>oriretur,</span> <span class='ocrx_word' id='word_1_38' title='bbox 663 414 814 461; x_wconf 74' lang='lat' dir='ltr'>foretque</span> <span class='ocrx_word' id='word_1_39' title='bbox 842 413 962 448; x_wconf 89' lang='lat' dir='ltr'>falcem</span> <span class='ocrx_word' id='word_1_40' title='bbox 990 417 1023 448; x_wconf 91' lang='lat' dir='ltr'>in</span> <span class='ocrx_word' id='word_1_41' title='bbox 1051 413 1197 448; x_wconf 87' lang='lat' dir='ltr'>Messem</span> <span class='ocrx_word' id='word_1_42' title='bbox 1230 424 1358 459; x_wconf 89' lang='lat' dir='ltr'>ponere</span> <span class='ocrx_word' id='word_1_43' title='bbox 1387 413 1559 457; x_wconf 88' lang='lat' dir='ltr'>Alienam,</span> <span class='ocrx_word' id='word_1_44' title='bbox 1594 413 1815 448; x_wconf 88' lang='lat' dir='ltr'>Attendentes</span> <span class='ocrx_word' id='word_1_45' title='bbox 1844 418 1948 448; x_wconf 87' lang='lat' dir='ltr'>eciam</span> 
     </span>
     <span class='ocr_line' id='line_1_6' title="bbox 101 473 1948 521; baseline -0.001 -11"><span class='ocrx_word' id='word_1_46' title='bbox 101 475 351 521; x_wconf 84' lang='lat' dir='ltr'>Ingratitudinis</span> <span class='ocrx_word' id='word_1_47' title='bbox 382 475 556 517; x_wconf 76' lang='lat' dir='ltr'>Maculam,</span> <span class='ocrx_word' id='word_1_48' title='bbox 586 485 662 519; x_wconf 91' lang='lat' dir='ltr'>qua,</span> <span class='ocrx_word' id='word_1_49' title='bbox 691 475 859 509; x_wconf 89' lang='lat' dir='ltr'>Henricus</span> <span class='ocrx_word' id='word_1_50' title='bbox 889 475 930 508; x_wconf 88' lang='lat' dir='ltr'>de</span> <span class='ocrx_word' id='word_1_51' title='bbox 948 473 1154 509; x_wconf 90' lang='lat' dir='ltr'>Wirnburch</span> <span class='ocrx_word' id='word_1_52' title='bbox 1181 473 1346 518; x_wconf 89' lang='lat' dir='ltr'>quondam</span> <span class='ocrx_word' id='word_1_53' title='bbox 1366 473 1652 520; x_wconf 87' lang='lat' dir='ltr'>Archiepiscopus</span> <span class='ocrx_word' id='word_1_54' title='bbox 1671 473 1948 519; x_wconf 73' lang='lat' dir='ltr'>Maguntinensis.</span> 
     </span>
     <span class='ocr_line' id='line_1_7' title="bbox 100 534 1948 583; baseline -0.001 -13"><span class='ocrx_word' id='word_1_55' title='bbox 100 536 274 583; x_wconf 89' lang='lat' dir='ltr'>Ipsiusque</span> <span class='ocrx_word' id='word_1_56' title='bbox 294 535 448 570; x_wconf 89' lang='lat' dir='ltr'>Ecclesie</span> <span class='ocrx_word' id='word_1_57' title='bbox 469 535 666 582; x_wconf 76' lang='lat' dir='ltr'>Capitulum,</span> <span class='ocrx_word' id='word_1_58' title='bbox 687 540 822 581; x_wconf 90' lang='lat' dir='ltr'>propter</span> <span class='ocrx_word' id='word_1_59' title='bbox 842 535 1069 578; x_wconf 86' lang='lat' dir='ltr'>adhesionem,</span> <span class='ocrx_word' id='word_1_60' title='bbox 1098 534 1268 569; x_wconf 86' lang='lat' dir='ltr'>Ludovico</span> <span class='ocrx_word' id='word_1_61' title='bbox 1289 534 1454 580; x_wconf 88' lang='lat' dir='ltr'>quondam</span> <span class='ocrx_word' id='word_1_62' title='bbox 1475 534 1516 568; x_wconf 92' lang='lat' dir='ltr'>de</span> <span class='ocrx_word' id='word_1_63' title='bbox 1536 535 1692 579; x_wconf 89' lang='lat' dir='ltr'>Bavaria,</span> <span class='ocrx_word' id='word_1_64' title='bbox 1721 546 1782 581; x_wconf 92' lang='lat' dir='ltr'>per</span> <span class='ocrx_word' id='word_1_65' title='bbox 1801 540 1948 569; x_wconf 84' lang='lat' dir='ltr'>sanctam</span> 
     </span>
     <span class='ocr_line' id='line_1_8' title="bbox 99 594 1948 640; baseline -0.001 -9"><span class='ocrx_word' id='word_1_66' title='bbox 99 596 283 631; x_wconf 81' lang='lat' dir='ltr'>Romanam</span> <span class='ocrx_word' id='word_1_67' title='bbox 312 596 512 639; x_wconf 80' lang='lat' dir='ltr'>Ecclesiam,</span> <span class='ocrx_word' id='word_1_68' title='bbox 542 599 610 631; x_wconf 88' lang='lat' dir='ltr'>suis</span> <span class='ocrx_word' id='word_1_69' title='bbox 640 596 810 630; x_wconf 87' lang='lat' dir='ltr'>demeritis</span> <span class='ocrx_word' id='word_1_70' title='bbox 839 596 1067 640; x_wconf 79' lang='lat' dir='ltr'>exigentibus,</span> <span class='ocrx_word' id='word_1_71' title='bbox 1095 606 1162 629; x_wconf 86' lang='lat' dir='ltr'>vna</span> <span class='ocrx_word' id='word_1_72' title='bbox 1183 606 1258 629; x_wconf 91' lang='lat' dir='ltr'>cum</span> <span class='ocrx_word' id='word_1_73' title='bbox 1288 598 1356 629; x_wconf 86' lang='lat' dir='ltr'>suis</span> <span class='ocrx_word' id='word_1_74' title='bbox 1385 594 1614 640; x_wconf 88' lang='lat' dir='ltr'>complicibus,</span> <span class='ocrx_word' id='word_1_75' title='bbox 1644 600 1677 630; x_wconf 92' lang='lat' dir='ltr'>et</span> <span class='ocrx_word' id='word_1_76' title='bbox 1697 595 1948 637; x_wconf 63' lang='lat' dir='ltr'>adherentibus,</span> 
     </span>
     <span class='ocr_line' id='line_1_9' title="bbox 97 655 1948 703; baseline -0.001 -12"><span class='ocrx_word' id='word_1_77' title='bbox 97 657 363 703; x_wconf 84' lang='lat' dir='ltr'>condampnato,</span> <span class='ocrx_word' id='word_1_78' title='bbox 395 656 534 699; x_wconf 86' lang='lat' dir='ltr'>factam,</span> <span class='ocrx_word' id='word_1_79' title='bbox 564 662 679 691; x_wconf 87' lang='lat' dir='ltr'>contra</span> <span class='ocrx_word' id='word_1_80' title='bbox 711 661 858 690; x_wconf 85' lang='lat' dir='ltr'>sanctam</span> <span class='ocrx_word' id='word_1_81' title='bbox 889 657 1008 690; x_wconf 87' lang='lat' dir='ltr'>dictam</span> <span class='ocrx_word' id='word_1_82' title='bbox 1036 656 1219 690; x_wconf 86' lang='lat' dir='ltr'>Romanam</span> <span class='ocrx_word' id='word_1_83' title='bbox 1248 655 1454 698; x_wconf 76' lang='lat' dir='ltr'>Ecclesiam,</span> <span class='ocrx_word' id='word_1_84' title='bbox 1485 656 1538 689; x_wconf 88' lang='lat' dir='ltr'>Ac</span> <span class='ocrx_word' id='word_1_85' title='bbox 1566 656 1720 701; x_wconf 85' lang='lat' dir='ltr'>Regnum</span> <span class='ocrx_word' id='word_1_86' title='bbox 1749 656 1948 697; x_wconf 87' lang='lat' dir='ltr'>Romanum,</span> 
     </span>
     <span class='ocr_line' id='line_1_10' title="bbox 97 715 1949 764; baseline -0.001 -13"><span class='ocrx_word' id='word_1_87' title='bbox 97 722 131 751; x_wconf 90' lang='lat' dir='ltr'>et</span> <span class='ocrx_word' id='word_1_88' title='bbox 157 728 288 752; x_wconf 90' lang='lat' dir='ltr'>sacrum</span> <span class='ocrx_word' id='word_1_89' title='bbox 330 717 518 764; x_wconf 86' lang='lat' dir='ltr'>Imperium,</span> <span class='ocrx_word' id='word_1_90' title='bbox 549 722 579 752; x_wconf 90' lang='lat' dir='ltr'>et</span> <span class='ocrx_word' id='word_1_91' title='bbox 608 718 649 751; x_wconf 92' lang='lat' dir='ltr'>ob</span> <span class='ocrx_word' id='word_1_92' title='bbox 679 717 741 751; x_wconf 92' lang='lat' dir='ltr'>hoc</span> <span class='ocrx_word' id='word_1_93' title='bbox 770 717 859 751; x_wconf 82' lang='lat' dir='ltr'>Idem</span> <span class='ocrx_word' id='word_1_94' title='bbox 889 717 1066 762; x_wconf 78' lang='lat' dir='ltr'>lIenricus,</span> <span class='ocrx_word' id='word_1_95' title='bbox 1094 727 1153 762; x_wconf 92' lang='lat' dir='ltr'>per</span> <span class='ocrx_word' id='word_1_96' title='bbox 1180 720 1328 750; x_wconf 86' lang='lat' dir='ltr'>sanctam</span> <span class='ocrx_word' id='word_1_97' title='bbox 1359 715 1544 749; x_wconf 87' lang='lat' dir='ltr'>Romanam</span> <span class='ocrx_word' id='word_1_98' title='bbox 1565 717 1743 750; x_wconf 89' lang='lat' dir='ltr'>ecclesiam</span> <span class='ocrx_word' id='word_1_99' title='bbox 1765 717 1949 762; x_wconf 84' lang='lat' dir='ltr'>depositus.</span> 
     </span>
     <span class='ocr_line' id='line_1_11' title="bbox 97 776 1949 824; baseline -0.001 -12"><span class='ocrx_word' id='word_1_100' title='bbox 97 777 348 824; x_wconf 85' lang='lat' dir='ltr'>dampnabiliter</span> <span class='ocrx_word' id='word_1_101' title='bbox 386 779 632 824; x_wconf 85' lang='lat' dir='ltr'>Asperguntur,</span> <span class='ocrx_word' id='word_1_102' title='bbox 662 778 918 812; x_wconf 87' lang='lat' dir='ltr'>Deliberacione</span> <span class='ocrx_word' id='word_1_103' title='bbox 938 780 1066 824; x_wconf 88' lang='lat' dir='ltr'>previa,</span> <span class='ocrx_word' id='word_1_104' title='bbox 1095 781 1126 811; x_wconf 88' lang='lat' dir='ltr'>et</span> <span class='ocrx_word' id='word_1_105' title='bbox 1151 776 1295 819; x_wconf 84' lang='lat' dir='ltr'>Matura,</span> <span class='ocrx_word' id='word_1_106' title='bbox 1326 788 1427 822; x_wconf 90' lang='lat' dir='ltr'>super</span> <span class='ocrx_word' id='word_1_107' title='bbox 1456 776 1531 821; x_wconf 89' lang='lat' dir='ltr'>hijs,</span> <span class='ocrx_word' id='word_1_108' title='bbox 1561 788 1636 810; x_wconf 86' lang='lat' dir='ltr'>cuin</span> <span class='ocrx_word' id='word_1_109' title='bbox 1656 778 1822 811; x_wconf 86' lang='lat' dir='ltr'>nonnullis</span> <span class='ocrx_word' id='word_1_110' title='bbox 1843 777 1949 822; x_wconf 87' lang='lat' dir='ltr'>Regis</span> 
     </span>
     <span class='ocr_line' id='line_1_12' title="bbox 98 836 1950 884; baseline -0.001 -12"><span class='ocrx_word' id='word_1_111' title='bbox 98 838 344 881; x_wconf 87' lang='lat' dir='ltr'>Romanorum,</span> <span class='ocrx_word' id='word_1_112' title='bbox 379 838 477 872; x_wconf 86' lang='lat' dir='ltr'>futuri</span> <span class='ocrx_word' id='word_1_113' title='bbox 514 838 750 884; x_wconf 87' lang='lat' dir='ltr'>Imperatoris,</span> <span class='ocrx_word' id='word_1_114' title='bbox 787 838 1039 872; x_wconf 89' lang='lat' dir='ltr'>Coelectoribus</span> <span class='ocrx_word' id='word_1_115' title='bbox 1079 842 1111 871; x_wconf 90' lang='lat' dir='ltr'>et</span> <span class='ocrx_word' id='word_1_116' title='bbox 1144 837 1232 881; x_wconf 86' lang='lat' dir='ltr'>Alijs</span> <span class='ocrx_word' id='word_1_117' title='bbox 1274 836 1483 883; x_wconf 88' lang='lat' dir='ltr'>Principibus</span> <span class='ocrx_word' id='word_1_118' title='bbox 1518 843 1633 871; x_wconf 89' lang='lat' dir='ltr'>nostre</span> <span class='ocrx_word' id='word_1_119' title='bbox 1673 842 1751 871; x_wconf 89' lang='lat' dir='ltr'>tunc</span> <span class='ocrx_word' id='word_1_120' title='bbox 1794 840 1950 883; x_wconf 87' lang='lat' dir='ltr'>temporis</span> 
     </span>
     <span class='ocr_line' id='line_1_13' title="bbox 98 898 1949 944; baseline 0.001 -12"><span class='ocrx_word' id='word_1_121' title='bbox 98 898 345 933; x_wconf 87' lang='lat' dir='ltr'>Assistentibus</span> <span class='ocrx_word' id='word_1_122' title='bbox 373 898 552 941; x_wconf 83' lang='lat' dir='ltr'>Maiestati,</span> <span class='ocrx_word' id='word_1_123' title='bbox 582 898 704 942; x_wconf 77' lang='lat' dir='ltr'>habito,</span> <span class='ocrx_word' id='word_1_124' title='bbox 734 899 787 933; x_wconf 89' lang='lat' dir='ltr'>Ac</span> <span class='ocrx_word' id='word_1_125' title='bbox 816 899 855 933; x_wconf 91' lang='lat' dir='ltr'>de</span> <span class='ocrx_word' id='word_1_126' title='bbox 884 902 1030 944; x_wconf 88' lang='lat' dir='ltr'>ipsorum</span> <span class='ocrx_word' id='word_1_127' title='bbox 1059 898 1197 932; x_wconf 90' lang='lat' dir='ltr'>consilio</span> <span class='ocrx_word' id='word_1_128' title='bbox 1226 898 1379 944; x_wconf 81' lang='lat' dir='ltr'>pleniori.</span> <span class='ocrx_word' id='word_1_129' title='bbox 1410 898 1598 943; x_wconf 84' lang='lat' dir='ltr'>dictumque</span> <span class='ocrx_word' id='word_1_130' title='bbox 1625 898 1779 942; x_wconf 79' lang='lat' dir='ltr'>Regnum</span> <span class='ocrx_word' id='word_1_131' title='bbox 1800 898 1949 934; x_wconf 72' lang='lat' dir='ltr'>Boemie.</span> 
     </span>
     <span class='ocr_line' id='line_1_14' title="bbox 97 958 1950 1005; baseline -0.001 -12"><span class='ocrx_word' id='word_1_132' title='bbox 97 958 274 993; x_wconf 85' lang='lat' dir='ltr'>dulcoratis</span> <span class='ocrx_word' id='word_1_133' title='bbox 303 958 489 1002; x_wconf 81' lang='lat' dir='ltr'>favoribus,</span> <span class='ocrx_word' id='word_1_134' title='bbox 520 964 552 993; x_wconf 92' lang='lat' dir='ltr'>et</span> <span class='ocrx_word' id='word_1_135' title='bbox 581 959 762 994; x_wconf 86' lang='lat' dir='ltr'>honoribus</span> <span class='ocrx_word' id='word_1_136' title='bbox 791 963 968 1004; x_wconf 87' lang='lat' dir='ltr'>graciosis,</span> <span class='ocrx_word' id='word_1_137' title='bbox 999 962 1031 993; x_wconf 90' lang='lat' dir='ltr'>in</span> <span class='ocrx_word' id='word_1_138' title='bbox 1060 963 1227 1005; x_wconf 84' lang='lat' dir='ltr'>quantum,</span> <span class='ocrx_word' id='word_1_139' title='bbox 1257 970 1301 992; x_wconf 77' lang='lat' dir='ltr'>ex</span> <span class='ocrx_word' id='word_1_140' title='bbox 1330 958 1453 1001; x_wconf 83' lang='lat' dir='ltr'>divina,</span> <span class='ocrx_word' id='word_1_141' title='bbox 1484 958 1591 1001; x_wconf 88' lang='lat' dir='ltr'>nobis,</span> <span class='ocrx_word' id='word_1_142' title='bbox 1620 959 1838 1004; x_wconf 80' lang='lat' dir='ltr'>providencia</span> <span class='ocrx_word' id='word_1_143' title='bbox 1867 969 1950 1005; x_wconf 92' lang='lat' dir='ltr'>per—</span> 
     </span>
     <span class='ocr_line' id='line_1_15' title="bbox 100 1019 1949 1066; baseline 0 -13"><span class='ocrx_word' id='word_1_144' title='bbox 100 1022 248 1062; x_wconf 84' lang='lat' dir='ltr'>mittitur,</span> <span class='ocrx_word' id='word_1_145' title='bbox 277 1023 432 1066; x_wconf 91' lang='lat' dir='ltr'>prosequi</span> <span class='ocrx_word' id='word_1_146' title='bbox 453 1031 665 1066; x_wconf 86' lang='lat' dir='ltr'>summopere</span> <span class='ocrx_word' id='word_1_147' title='bbox 685 1023 870 1066; x_wconf 87' lang='lat' dir='ltr'>cupientes,</span> <span class='ocrx_word' id='word_1_148' title='bbox 900 1020 1133 1066; x_wconf 88' lang='lat' dir='ltr'>predictorum,</span> <span class='ocrx_word' id='word_1_149' title='bbox 1163 1019 1381 1061; x_wconf 87' lang='lat' dir='ltr'>Prelatoruin,</span> <span class='ocrx_word' id='word_1_150' title='bbox 1411 1019 1540 1053; x_wconf 88' lang='lat' dir='ltr'>Ducum</span> <span class='ocrx_word' id='word_1_151' title='bbox 1571 1019 1759 1065; x_wconf 88' lang='lat' dir='ltr'>Principum</span> <span class='ocrx_word' id='word_1_152' title='bbox 1781 1019 1949 1053; x_wconf 87' lang='lat' dir='ltr'>Baronum</span> 
     </span>
     <span class='ocr_line' id='line_1_16' title="bbox 103 1079 1947 1126; baseline 0 -12"><span class='ocrx_word' id='word_1_153' title='bbox 103 1079 284 1114; x_wconf 89' lang='lat' dir='ltr'>Procerum</span> <span class='ocrx_word' id='word_1_154' title='bbox 312 1085 345 1114; x_wconf 88' lang='lat' dir='ltr'>et</span> <span class='ocrx_word' id='word_1_155' title='bbox 370 1079 549 1123; x_wconf 84' lang='lat' dir='ltr'>Nobilium,</span> <span class='ocrx_word' id='word_1_156' title='bbox 580 1092 675 1125; x_wconf 74' lang='lat' dir='ltr'>quoS,</span> <span class='ocrx_word' id='word_1_157' title='bbox 706 1080 855 1123; x_wconf 82' lang='lat' dir='ltr'>lionoris,</span> <span class='ocrx_word' id='word_1_158' title='bbox 886 1085 917 1114; x_wconf 91' lang='lat' dir='ltr'>ct</span> <span class='ocrx_word' id='word_1_159' title='bbox 938 1080 1045 1114; x_wconf 90' lang='lat' dir='ltr'>felicis</span> <span class='ocrx_word' id='word_1_160' title='bbox 1066 1084 1169 1115; x_wconf 88' lang='lat' dir='ltr'>status</span> <span class='ocrx_word' id='word_1_161' title='bbox 1190 1080 1300 1124; x_wconf 85' lang='lat' dir='ltr'>Regni</span> <span class='ocrx_word' id='word_1_162' title='bbox 1321 1080 1475 1120; x_wconf 86' lang='lat' dir='ltr'>Romani,</span> <span class='ocrx_word' id='word_1_163' title='bbox 1506 1085 1536 1114; x_wconf 89' lang='lat' dir='ltr'>et</span> <span class='ocrx_word' id='word_1_164' title='bbox 1558 1083 1645 1114; x_wconf 89' lang='lat' dir='ltr'>sacri</span> <span class='ocrx_word' id='word_1_165' title='bbox 1666 1080 1798 1126; x_wconf 87' lang='lat' dir='ltr'>Iinperij</span> <span class='ocrx_word' id='word_1_166' title='bbox 1820 1080 1947 1117; x_wconf 72' lang='lat' dir='ltr'>fideles,</span> 
     </span>
     <span class='ocr_line' id='line_1_17' title="bbox 101 1140 1952 1187; baseline 0.001 -13"><span class='ocrx_word' id='word_1_167' title='bbox 101 1140 270 1185; x_wconf 87' lang='lat' dir='ltr'>sollicitos,</span> <span class='ocrx_word' id='word_1_168' title='bbox 299 1145 333 1175; x_wconf 86' lang='lat' dir='ltr'>et</span> <span class='ocrx_word' id='word_1_169' title='bbox 360 1141 494 1176; x_wconf 90' lang='lat' dir='ltr'>sedulos</span> <span class='ocrx_word' id='word_1_170' title='bbox 522 1144 706 1187; x_wconf 88' lang='lat' dir='ltr'>preceteris</span> <span class='ocrx_word' id='word_1_171' title='bbox 737 1141 1039 1187; x_wconf 81' lang='lat' dir='ltr'>comprobavimus,</span> <span class='ocrx_word' id='word_1_172' title='bbox 1069 1141 1233 1175; x_wconf 88' lang='lat' dir='ltr'>zelatores</span> <span class='ocrx_word' id='word_1_173' title='bbox 1262 1141 1524 1186; x_wconf 82' lang='lat' dir='ltr'>Supplicacioni,</span> <span class='ocrx_word' id='word_1_174' title='bbox 1555 1152 1663 1186; x_wconf 70' lang='lat' dir='ltr'>quam,</span> <span class='ocrx_word' id='word_1_175' title='bbox 1695 1141 1769 1185; x_wconf 73' lang='lat' dir='ltr'>hijs,</span> <span class='ocrx_word' id='word_1_176' title='bbox 1801 1145 1833 1175; x_wconf 86' lang='lat' dir='ltr'>et</span> <span class='ocrx_word' id='word_1_177' title='bbox 1860 1152 1952 1175; x_wconf 90' lang='lat' dir='ltr'>non-</span> 
     </span>
     <span class='ocr_line' id='line_1_18' title="bbox 100 1201 1949 1248; baseline 0.001 -13"><span class='ocrx_word' id='word_1_178' title='bbox 100 1201 197 1235; x_wconf 90' lang='lat' dir='ltr'>nullis</span> <span class='ocrx_word' id='word_1_179' title='bbox 227 1205 338 1236; x_wconf 91' lang='lat' dir='ltr'>causis</span> <span class='ocrx_word' id='word_1_180' title='bbox 366 1202 465 1246; x_wconf 87' lang='lat' dir='ltr'>Alijs,</span> <span class='ocrx_word' id='word_1_181' title='bbox 495 1213 560 1248; x_wconf 90' lang='lat' dir='ltr'>que</span> <span class='ocrx_word' id='word_1_182' title='bbox 580 1201 844 1236; x_wconf 87' lang='lat' dir='ltr'>Racionabiliter</span> <span class='ocrx_word' id='word_1_183' title='bbox 872 1213 933 1236; x_wconf 93' lang='lat' dir='ltr'>nos</span> <span class='ocrx_word' id='word_1_184' title='bbox 961 1202 1129 1245; x_wconf 88' lang='lat' dir='ltr'>inducunt,</span> <span class='ocrx_word' id='word_1_185' title='bbox 1159 1202 1301 1236; x_wconf 89' lang='lat' dir='ltr'>Racioni</span> <span class='ocrx_word' id='word_1_186' title='bbox 1321 1213 1517 1237; x_wconf 72' lang='lat' dir='ltr'>consonam.</span> <span class='ocrx_word' id='word_1_187' title='bbox 1548 1206 1578 1235; x_wconf 90' lang='lat' dir='ltr'>et</span> <span class='ocrx_word' id='word_1_188' title='bbox 1600 1205 1733 1247; x_wconf 88' lang='lat' dir='ltr'>equitati</span> <span class='ocrx_word' id='word_1_189' title='bbox 1753 1204 1949 1248; x_wconf 78' lang='lat' dir='ltr'>proximam.</span> 
     </span>
     <span class='ocr_line' id='line_1_19' title="bbox 95 1262 1949 1309; baseline 0.001 -13"><span class='ocrx_word' id='word_1_190' title='bbox 95 1265 212 1296; x_wconf 89' lang='lat' dir='ltr'>merito</span> <span class='ocrx_word' id='word_1_191' title='bbox 241 1262 457 1309; x_wconf 89' lang='lat' dir='ltr'>chutamus,</span> <span class='ocrx_word' id='word_1_192' title='bbox 487 1262 665 1308; x_wconf 78' lang='lat' dir='ltr'>benignius</span> <span class='ocrx_word' id='word_1_193' title='bbox 694 1268 726 1296; x_wconf 91' lang='lat' dir='ltr'>et</span> <span class='ocrx_word' id='word_1_194' title='bbox 754 1262 920 1297; x_wconf 85' lang='lat' dir='ltr'>liberalius</span> <span class='ocrx_word' id='word_1_195' title='bbox 949 1263 1107 1296; x_wconf 86' lang='lat' dir='ltr'>inclinati.</span> <span class='ocrx_word' id='word_1_196' title='bbox 1140 1262 1233 1304; x_wconf 84' lang='lat' dir='ltr'>Quod</span> <span class='ocrx_word' id='word_1_197' title='bbox 1265 1263 1551 1308; x_wconf 85' lang='lat' dir='ltr'>Archiepiscopus</span> <span class='ocrx_word' id='word_1_198' title='bbox 1581 1263 1772 1307; x_wconf 80' lang='lat' dir='ltr'>Pragensis.</span> <span class='ocrx_word' id='word_1_199' title='bbox 1804 1265 1857 1308; x_wconf 92' lang='lat' dir='ltr'>qui</span> <span class='ocrx_word' id='word_1_200' title='bbox 1887 1267 1949 1299; x_wconf 56' lang='lat' dir='ltr'>est,</span> 
     </span>
     <span class='ocr_line' id='line_1_20' title="bbox 96 1323 1952 1370; baseline -0.001 -13"><span class='ocrx_word' id='word_1_201' title='bbox 96 1327 129 1357; x_wconf 90' lang='lat' dir='ltr'>et</span> <span class='ocrx_word' id='word_1_202' title='bbox 162 1326 225 1357; x_wconf 86' lang='lat' dir='ltr'>erit</span> <span class='ocrx_word' id='word_1_203' title='bbox 258 1334 319 1369; x_wconf 91' lang='lat' dir='ltr'>pro</span> <span class='ocrx_word' id='word_1_204' title='bbox 354 1328 503 1370; x_wconf 92' lang='lat' dir='ltr'>tempore</span> <span class='ocrx_word' id='word_1_205' title='bbox 538 1324 653 1368; x_wconf 88' lang='lat' dir='ltr'>Reges</span> <span class='ocrx_word' id='word_1_206' title='bbox 688 1324 835 1369; x_wconf 84' lang='lat' dir='ltr'>prefatos</span> <span class='ocrx_word' id='word_1_207' title='bbox 864 1323 1001 1357; x_wconf 85' lang='lat' dir='ltr'>Boemie</span> <span class='ocrx_word' id='word_1_208' title='bbox 1030 1323 1220 1367; x_wconf 89' lang='lat' dir='ltr'>Coronare,</span> <span class='ocrx_word' id='word_1_209' title='bbox 1250 1323 1461 1368; x_wconf 87' lang='lat' dir='ltr'>eisdemque,</span> <span class='ocrx_word' id='word_1_210' title='bbox 1492 1323 1656 1368; x_wconf 85' lang='lat' dir='ltr'>dijadema</span> <span class='ocrx_word' id='word_1_211' title='bbox 1685 1326 1869 1369; x_wconf 77' lang='lat' dir='ltr'>imponere.</span> <span class='ocrx_word' id='word_1_212' title='bbox 1900 1324 1952 1356; x_wconf 90' lang='lat' dir='ltr'>Ac</span> 
     </span>
     <span class='ocr_line' id='line_1_21' title="bbox 96 1383 1950 1431; baseline 0.001 -14"><span class='ocrx_word' id='word_1_213' title='bbox 96 1383 259 1428; x_wconf 79' lang='lat' dir='ltr'>gladium,</span> <span class='ocrx_word' id='word_1_214' title='bbox 296 1395 446 1430; x_wconf 84' lang='lat' dir='ltr'>pomum,</span> <span class='ocrx_word' id='word_1_215' title='bbox 477 1389 509 1418; x_wconf 92' lang='lat' dir='ltr'>et</span> <span class='ocrx_word' id='word_1_216' title='bbox 537 1385 733 1431; x_wconf 86' lang='lat' dir='ltr'>Sceptrum,</span> <span class='ocrx_word' id='word_1_217' title='bbox 764 1386 952 1429; x_wconf 79' lang='lat' dir='ltr'>Ceteraque</span> <span class='ocrx_word' id='word_1_218' title='bbox 984 1387 1130 1429; x_wconf 84' lang='lat' dir='ltr'>insignia</span> <span class='ocrx_word' id='word_1_219' title='bbox 1157 1384 1298 1429; x_wconf 86' lang='lat' dir='ltr'>Regalia</span> <span class='ocrx_word' id='word_1_220' title='bbox 1328 1384 1478 1427; x_wconf 84' lang='lat' dir='ltr'>tradere,</span> <span class='ocrx_word' id='word_1_221' title='bbox 1508 1395 1582 1418; x_wconf 89' lang='lat' dir='ltr'>cum</span> <span class='ocrx_word' id='word_1_222' title='bbox 1612 1384 1800 1418; x_wconf 86' lang='lat' dir='ltr'>sollenitate</span> <span class='ocrx_word' id='word_1_223' title='bbox 1828 1384 1950 1426; x_wconf 84' lang='lat' dir='ltr'>debita,</span> 
     </span>
     <span class='ocr_line' id='line_1_22' title="bbox 95 1444 1951 1491; baseline 0.002 -13"><span class='ocrx_word' id='word_1_224' title='bbox 95 1444 220 1488; x_wconf 77' lang='lat' dir='ltr'>valeat,</span> <span class='ocrx_word' id='word_1_225' title='bbox 249 1444 382 1491; x_wconf 89' lang='lat' dir='ltr'>Ipsique</span> <span class='ocrx_word' id='word_1_226' title='bbox 402 1445 531 1490; x_wconf 86' lang='lat' dir='ltr'>Reges,</span> <span class='ocrx_word' id='word_1_227' title='bbox 561 1448 745 1491; x_wconf 76' lang='lat' dir='ltr'>perpetuis.</span> <span class='ocrx_word' id='word_1_228' title='bbox 776 1444 898 1479; x_wconf 81' lang='lat' dir='ltr'>futuris</span> <span class='ocrx_word' id='word_1_229' title='bbox 920 1444 1122 1490; x_wconf 83' lang='lat' dir='ltr'>temporibus</span> <span class='ocrx_word' id='word_1_230' title='bbox 1143 1445 1230 1479; x_wconf 85' lang='lat' dir='ltr'>dicte</span> <span class='ocrx_word' id='word_1_231' title='bbox 1251 1445 1504 1489; x_wconf 87' lang='lat' dir='ltr'>Coronacionis,</span> <span class='ocrx_word' id='word_1_232' title='bbox 1525 1446 1578 1479; x_wconf 84' lang='lat' dir='ltr'>Ac</span> <span class='ocrx_word' id='word_1_233' title='bbox 1598 1445 1816 1490; x_wconf 88' lang='lat' dir='ltr'>dijadematis,</span> <span class='ocrx_word' id='word_1_234' title='bbox 1838 1445 1951 1489; x_wconf 65' lang='lat' dir='ltr'>gladij.</span> 
     </span>
     <span class='ocr_line' id='line_1_23' title="bbox 98 1504 1952 1552; baseline 0.001 -14"><span class='ocrx_word' id='word_1_235' title='bbox 98 1504 253 1551; x_wconf 82' lang='lat' dir='ltr'>Sceptri,</span> <span class='ocrx_word' id='word_1_236' title='bbox 284 1510 316 1539; x_wconf 90' lang='lat' dir='ltr'>et</span> <span class='ocrx_word' id='word_1_237' title='bbox 343 1506 495 1540; x_wconf 89' lang='lat' dir='ltr'>Aliorum</span> <span class='ocrx_word' id='word_1_238' title='bbox 525 1509 704 1551; x_wconf 88' lang='lat' dir='ltr'>insignium</span> <span class='ocrx_word' id='word_1_239' title='bbox 735 1506 911 1550; x_wconf 82' lang='lat' dir='ltr'>Regaliani</span> <span class='ocrx_word' id='word_1_240' title='bbox 942 1508 1169 1551; x_wconf 88' lang='lat' dir='ltr'>iinposicionis</span> <span class='ocrx_word' id='word_1_241' title='bbox 1199 1510 1231 1540; x_wconf 88' lang='lat' dir='ltr'>et</span> <span class='ocrx_word' id='word_1_242' title='bbox 1258 1506 1469 1549; x_wconf 86' lang='lat' dir='ltr'>tradicionis,</span> <span class='ocrx_word' id='word_1_243' title='bbox 1501 1506 1675 1549; x_wconf 83' lang='lat' dir='ltr'>solennia,</span> <span class='ocrx_word' id='word_1_244' title='bbox 1706 1510 1737 1539; x_wconf 92' lang='lat' dir='ltr'>et</span> <span class='ocrx_word' id='word_1_245' title='bbox 1766 1510 1883 1552; x_wconf 86' lang='lat' dir='ltr'>prout,</span> <span class='ocrx_word' id='word_1_246' title='bbox 1913 1505 1952 1539; x_wconf 91' lang='lat' dir='ltr'>ad</span> 
     </span>
     <span class='ocr_line' id='line_1_24' title="bbox 95 1565 1953 1613; baseline 0 -14"><span class='ocrx_word' id='word_1_247' title='bbox 95 1565 224 1610; x_wconf 84' lang='lat' dir='ltr'>Regem</span> <span class='ocrx_word' id='word_1_248' title='bbox 260 1569 428 1613; x_wconf 86' lang='lat' dir='ltr'>pertinent</span> <span class='ocrx_word' id='word_1_249' title='bbox 463 1567 503 1601; x_wconf 89' lang='lat' dir='ltr'>de</span> <span class='ocrx_word' id='word_1_250' title='bbox 538 1567 692 1600; x_wconf 85' lang='lat' dir='ltr'>Manibus</span> <span class='ocrx_word' id='word_1_251' title='bbox 732 1567 839 1612; x_wconf 84' lang='lat' dir='ltr'>Ipsius</span> <span class='ocrx_word' id='word_1_252' title='bbox 877 1566 1135 1612; x_wconf 69' lang='lat' dir='ltr'>Areliiepiscopi</span> <span class='ocrx_word' id='word_1_253' title='bbox 1164 1571 1196 1600; x_wconf 91' lang='lat' dir='ltr'>et</span> <span class='ocrx_word' id='word_1_254' title='bbox 1224 1567 1469 1600; x_wconf 82' lang='lat' dir='ltr'>Successornm</span> <span class='ocrx_word' id='word_1_255' title='bbox 1507 1578 1642 1601; x_wconf 85' lang='lat' dir='ltr'>suornm</span> <span class='ocrx_word' id='word_1_256' title='bbox 1674 1566 1797 1600; x_wconf 82' lang='lat' dir='ltr'>devote</span> <span class='ocrx_word' id='word_1_257' title='bbox 1824 1569 1953 1612; x_wconf 89' lang='lat' dir='ltr'>possint</span> 
     </span>
     <span class='ocr_line' id='line_1_25' title="bbox 95 1626 1952 1674; baseline 0 -14"><span class='ocrx_word' id='word_1_258' title='bbox 95 1626 274 1672; x_wconf 88' lang='lat' dir='ltr'>Recipere,</span> <span class='ocrx_word' id='word_1_259' title='bbox 304 1632 399 1673; x_wconf 90' lang='lat' dir='ltr'>prout</span> <span class='ocrx_word' id='word_1_260' title='bbox 427 1639 488 1674; x_wconf 89' lang='lat' dir='ltr'>per</span> <span class='ocrx_word' id='word_1_261' title='bbox 517 1628 771 1661; x_wconf 80' lang='lat' dir='ltr'>Sanctissiinum</span> <span class='ocrx_word' id='word_1_262' title='bbox 802 1627 932 1660; x_wconf 85' lang='lat' dir='ltr'>Patrem</span> <span class='ocrx_word' id='word_1_263' title='bbox 955 1627 1131 1660; x_wconf 87' lang='lat' dir='ltr'>Dominum</span> <span class='ocrx_word' id='word_1_264' title='bbox 1160 1632 1307 1661; x_wconf 84' lang='lat' dir='ltr'>nostruin</span> <span class='ocrx_word' id='word_1_265' title='bbox 1337 1628 1534 1673; x_wconf 86' lang='lat' dir='ltr'>predictum,</span> <span class='ocrx_word' id='word_1_266' title='bbox 1565 1627 1605 1660; x_wconf 91' lang='lat' dir='ltr'>de</span> <span class='ocrx_word' id='word_1_267' title='bbox 1626 1638 1721 1661; x_wconf 86' lang='lat' dir='ltr'>saera</span> <span class='ocrx_word' id='word_1_268' title='bbox 1744 1627 1952 1660; x_wconf 81' lang='lat' dir='ltr'>Inunctione.</span> 
     </span>
     <span class='ocr_line' id='line_1_26' title="bbox 93 1687 1950 1735; baseline -0.001 -14"><span class='ocrx_word' id='word_1_269' title='bbox 93 1691 126 1721; x_wconf 86' lang='lat' dir='ltr'>et</span> <span class='ocrx_word' id='word_1_270' title='bbox 154 1687 445 1735; x_wconf 86' lang='lat' dir='ltr'>Consecracione,</span> <span class='ocrx_word' id='word_1_271' title='bbox 475 1687 669 1734; x_wconf 84' lang='lat' dir='ltr'>Ceterisque</span> <span class='ocrx_word' id='word_1_272' title='bbox 700 1688 983 1727; x_wconf 81' lang='lat' dir='ltr'>sollennitatilnis,</span> <span class='ocrx_word' id='word_1_273' title='bbox 1018 1692 1050 1721; x_wconf 89' lang='lat' dir='ltr'>et</span> <span class='ocrx_word' id='word_1_274' title='bbox 1078 1688 1256 1732; x_wconf 38' lang='lat' dir='ltr'>Insigni-js.</span> <span class='ocrx_word' id='word_1_275' title='bbox 1292 1688 1330 1722; x_wconf 89' lang='lat' dir='ltr'>ad</span> <span class='ocrx_word' id='word_1_276' title='bbox 1361 1688 1467 1722; x_wconf 86' lang='lat' dir='ltr'>forum</span> <span class='ocrx_word' id='word_1_277' title='bbox 1498 1688 1669 1734; x_wconf 84' lang='lat' dir='ltr'>spirituale</span> <span class='ocrx_word' id='word_1_278' title='bbox 1698 1687 1950 1734; x_wconf 78' lang='lat' dir='ltr'>pertinentibus.</span> 
     </span>
     <span class='ocr_line' id='line_1_27' title="bbox 91 1747 1951 1794; baseline -0.001 -13"><span class='ocrx_word' id='word_1_279' title='bbox 91 1747 217 1782; x_wconf 89' lang='lat' dir='ltr'>eisdem</span> <span class='ocrx_word' id='word_1_280' title='bbox 253 1748 420 1793; x_wconf 88' lang='lat' dir='ltr'>Regibus,</span> <span class='ocrx_word' id='word_1_281' title='bbox 457 1753 490 1782; x_wconf 90' lang='lat' dir='ltr'>et</span> <span class='ocrx_word' id='word_1_282' title='bbox 530 1749 807 1794; x_wconf 84' lang='lat' dir='ltr'>Areliiepiscopis</span> <span class='ocrx_word' id='word_1_283' title='bbox 843 1748 1068 1785; x_wconf 72' lang='lat' dir='ltr'>l&#39;ragensibus</span> <span class='ocrx_word' id='word_1_284' title='bbox 1106 1748 1248 1793; x_wconf 84' lang='lat' dir='ltr'>Suisque</span> <span class='ocrx_word' id='word_1_285' title='bbox 1278 1748 1558 1791; x_wconf 82' lang='lat' dir='ltr'>Successoribus,</span> <span class='ocrx_word' id='word_1_286' title='bbox 1595 1752 1625 1782; x_wconf 93' lang='lat' dir='ltr'>in</span> <span class='ocrx_word' id='word_1_287' title='bbox 1656 1749 1883 1789; x_wconf 75' lang='lat' dir='ltr'>exaltacione,</span> <span class='ocrx_word' id='word_1_288' title='bbox 1922 1752 1951 1781; x_wconf 90' lang='lat' dir='ltr'>ct</span> 
     </span>
     <span class='ocr_line' id='line_1_28' title="bbox 92 1807 1953 1856; baseline -0.001 -14"><span class='ocrx_word' id='word_1_289' title='bbox 92 1812 268 1843; x_wconf 86' lang='lat' dir='ltr'>erectione</span> <span class='ocrx_word' id='word_1_290' title='bbox 306 1809 393 1843; x_wconf 89' lang='lat' dir='ltr'>dicte</span> <span class='ocrx_word' id='word_1_291' title='bbox 428 1809 609 1855; x_wconf 86' lang='lat' dir='ltr'>Pragcnsis</span> <span class='ocrx_word' id='word_1_292' title='bbox 639 1810 813 1852; x_wconf 80' lang='lat' dir='ltr'>Ecclesie,</span> <span class='ocrx_word' id='word_1_293' title='bbox 851 1809 890 1842; x_wconf 95' lang='lat' dir='ltr'>ad</span> <span class='ocrx_word' id='word_1_294' title='bbox 927 1812 1032 1843; x_wconf 85' lang='lat' dir='ltr'>nostri</span> <span class='ocrx_word' id='word_1_295' title='bbox 1061 1812 1256 1843; x_wconf 87' lang='lat' dir='ltr'>instanciam</span> <span class='ocrx_word' id='word_1_296' title='bbox 1287 1814 1319 1843; x_wconf 90' lang='lat' dir='ltr'>ut</span> <span class='ocrx_word' id='word_1_297' title='bbox 1348 1810 1550 1856; x_wconf 71' lang='lat' dir='ltr'>predicitur.</span> <span class='ocrx_word' id='word_1_298' title='bbox 1581 1814 1630 1843; x_wconf 91' lang='lat' dir='ltr'>est</span> <span class='ocrx_word' id='word_1_299' title='bbox 1660 1820 1871 1849; x_wconf 85' lang='lat' dir='ltr'>concessum,</span> <span class='ocrx_word' id='word_1_300' title='bbox 1902 1807 1953 1841; x_wconf 86' lang='lat' dir='ltr'>De</span> 
     </span>
     <span class='ocr_line' id='line_1_29' title="bbox 93 1869 1951 1916; baseline -0.001 -13"><span class='ocrx_word' id='word_1_301' title='bbox 93 1874 206 1904; x_wconf 91' lang='lat' dir='ltr'>nostre</span> <span class='ocrx_word' id='word_1_302' title='bbox 243 1870 395 1904; x_wconf 88' lang='lat' dir='ltr'>Romane</span> <span class='ocrx_word' id='word_1_303' title='bbox 429 1871 536 1915; x_wconf 87' lang='lat' dir='ltr'>Regie</span> <span class='ocrx_word' id='word_1_304' title='bbox 571 1871 774 1916; x_wconf 88' lang='lat' dir='ltr'>plenitudine</span> <span class='ocrx_word' id='word_1_305' title='bbox 808 1872 983 1916; x_wconf 86' lang='lat' dir='ltr'>potcstatis</span> <span class='ocrx_word' id='word_1_306' title='bbox 1013 1870 1066 1903; x_wconf 84' lang='lat' dir='ltr'>Ac</span> <span class='ocrx_word' id='word_1_307' title='bbox 1095 1880 1138 1903; x_wconf 83' lang='lat' dir='ltr'>ex</span> <span class='ocrx_word' id='word_1_308' title='bbox 1168 1874 1259 1903; x_wconf 91' lang='lat' dir='ltr'>certa</span> <span class='ocrx_word' id='word_1_309' title='bbox 1289 1873 1455 1913; x_wconf 83' lang='lat' dir='ltr'>sciencia,</span> <span class='ocrx_word' id='word_1_310' title='bbox 1492 1874 1658 1916; x_wconf 87' lang='lat' dir='ltr'>presentis</span> <span class='ocrx_word' id='word_1_311' title='bbox 1687 1873 1800 1915; x_wconf 84' lang='lat' dir='ltr'>scripti</span> <span class='ocrx_word' id='word_1_312' title='bbox 1830 1869 1951 1902; x_wconf 88' lang='lat' dir='ltr'>Patro-</span> 
     </span>
     <span class='ocr_line' id='line_1_30' title="bbox 95 1930 1951 1975; baseline 0 -13"><span class='ocrx_word' id='word_1_313' title='bbox 95 1931 198 1973; x_wconf 88' lang='lat' dir='ltr'>cinio,</span> <span class='ocrx_word' id='word_1_314' title='bbox 242 1930 423 1965; x_wconf 87' lang='lat' dir='ltr'>liberaliter</span> <span class='ocrx_word' id='word_1_315' title='bbox 451 1931 684 1974; x_wconf 85' lang='lat' dir='ltr'>concedimus,</span> <span class='ocrx_word' id='word_1_316' title='bbox 722 1936 754 1964; x_wconf 84' lang='lat' dir='ltr'>et</span> <span class='ocrx_word' id='word_1_317' title='bbox 789 1934 894 1964; x_wconf 89' lang='lat' dir='ltr'>eciam</span> <span class='ocrx_word' id='word_1_318' title='bbox 924 1930 1151 1975; x_wconf 84' lang='lat' dir='ltr'>indulgemus,</span> <span class='ocrx_word' id='word_1_319' title='bbox 1191 1930 1298 1964; x_wconf 85' lang='lat' dir='ltr'>Omne</span> <span class='ocrx_word' id='word_1_320' title='bbox 1327 1931 1404 1973; x_wconf 82' lang='lat' dir='ltr'>Jns,</span> <span class='ocrx_word' id='word_1_321' title='bbox 1443 1936 1475 1965; x_wconf 88' lang='lat' dir='ltr'>et</span> <span class='ocrx_word' id='word_1_322' title='bbox 1503 1943 1635 1965; x_wconf 88' lang='lat' dir='ltr'>omnem</span> <span class='ocrx_word' id='word_1_323' title='bbox 1665 1930 1951 1971; x_wconf 79' lang='lat' dir='ltr'>consuetudinem,</span> 
     </span>
     <span class='ocr_line' id='line_1_31' title="bbox 94 1989 1954 2038; baseline 0 -16"><span class='ocrx_word' id='word_1_324' title='bbox 94 1989 147 2023; x_wconf 82' lang='lat' dir='ltr'>Ac</span> <span class='ocrx_word' id='word_1_325' title='bbox 191 2001 306 2034; x_wconf 85' lang='lat' dir='ltr'>vsum,</span> <span class='ocrx_word' id='word_1_326' title='bbox 336 1991 443 2038; x_wconf 90' lang='lat' dir='ltr'>quod,</span> <span class='ocrx_word' id='word_1_327' title='bbox 473 1997 504 2026; x_wconf 91' lang='lat' dir='ltr'>et</span> <span class='ocrx_word' id='word_1_328' title='bbox 533 2004 635 2038; x_wconf 84' lang='lat' dir='ltr'>quos,</span> <span class='ocrx_word' id='word_1_329' title='bbox 673 1992 826 2026; x_wconf 86' lang='lat' dir='ltr'>Ecclesia</span> <span class='ocrx_word' id='word_1_330' title='bbox 857 2002 916 2025; x_wconf 85' lang='lat' dir='ltr'>sen</span> <span class='ocrx_word' id='word_1_331' title='bbox 947 1991 1235 2036; x_wconf 84' lang='lat' dir='ltr'>Areliiepiscopus</span> <span class='ocrx_word' id='word_1_332' title='bbox 1263 1991 1532 2035; x_wconf 84' lang='lat' dir='ltr'>Magnntinensis</span> <span class='ocrx_word' id='word_1_333' title='bbox 1563 1992 1681 2038; x_wconf 85' lang='lat' dir='ltr'>prefati</span> <span class='ocrx_word' id='word_1_334' title='bbox 1711 1990 1894 2024; x_wconf 86' lang='lat' dir='ltr'>habuerunt</span> <span class='ocrx_word' id='word_1_335' title='bbox 1923 1993 1954 2023; x_wconf 88' lang='lat' dir='ltr'>et</span> 
     </span>
     <span class='ocr_line' id='line_1_32' title="bbox 96 2049 1952 2099; baseline -0.001 -16"><span class='ocrx_word' id='word_1_336' title='bbox 96 2049 219 2084; x_wconf 87' lang='lat' dir='ltr'>hahere</span> <span class='ocrx_word' id='word_1_337' title='bbox 255 2056 450 2097; x_wconf 90' lang='lat' dir='ltr'>potuerunt,</span> <span class='ocrx_word' id='word_1_338' title='bbox 480 2052 670 2099; x_wconf 86' lang='lat' dir='ltr'>bucusque,</span> <span class='ocrx_word' id='word_1_339' title='bbox 707 2056 738 2086; x_wconf 93' lang='lat' dir='ltr'>in</span> <span class='ocrx_word' id='word_1_340' title='bbox 769 2052 1002 2086; x_wconf 83' lang='lat' dir='ltr'>Coronacione</span> <span class='ocrx_word' id='word_1_341' title='bbox 1031 2052 1190 2085; x_wconf 90' lang='lat' dir='ltr'>dictorum</span> <span class='ocrx_word' id='word_1_342' title='bbox 1222 2052 1371 2098; x_wconf 81' lang='lat' dir='ltr'>Regum,</span> <span class='ocrx_word' id='word_1_343' title='bbox 1407 2058 1440 2087; x_wconf 90' lang='lat' dir='ltr'>et</span> <span class='ocrx_word' id='word_1_344' title='bbox 1476 2053 1685 2097; x_wconf 82' lang='lat' dir='ltr'>dijadematis</span> <span class='ocrx_word' id='word_1_345' title='bbox 1721 2053 1952 2096; x_wconf 84' lang='lat' dir='ltr'>iniposicione.</span> 
     </span>
     <span class='ocr_line' id='line_1_33' title="bbox 99 2110 1953 2159; baseline 0 -16"><span class='ocrx_word' id='word_1_346' title='bbox 99 2110 278 2156; x_wconf 83' lang='lat' dir='ltr'>gladijque,</span> <span class='ocrx_word' id='word_1_347' title='bbox 308 2112 456 2159; x_wconf 86' lang='lat' dir='ltr'>Sceptri,</span> <span class='ocrx_word' id='word_1_348' title='bbox 487 2118 519 2147; x_wconf 90' lang='lat' dir='ltr'>et</span> <span class='ocrx_word' id='word_1_349' title='bbox 548 2117 654 2159; x_wconf 86' lang='lat' dir='ltr'>pomi,</span> <span class='ocrx_word' id='word_1_350' title='bbox 685 2114 738 2147; x_wconf 84' lang='lat' dir='ltr'>Ae</span> <span class='ocrx_word' id='word_1_351' title='bbox 767 2117 953 2147; x_wconf 87' lang='lat' dir='ltr'>ceterorum</span> <span class='ocrx_word' id='word_1_352' title='bbox 984 2115 1164 2156; x_wconf 82' lang='lat' dir='ltr'>insignium</span> <span class='ocrx_word' id='word_1_353' title='bbox 1195 2113 1371 2157; x_wconf 80' lang='lat' dir='ltr'>Regaliani</span> <span class='ocrx_word' id='word_1_354' title='bbox 1404 2113 1620 2147; x_wconf 81' lang='lat' dir='ltr'>Tradicione.</span> <span class='ocrx_word' id='word_1_355' title='bbox 1651 2111 1774 2146; x_wconf 86' lang='lat' dir='ltr'>eisdem</span> <span class='ocrx_word' id='word_1_356' title='bbox 1804 2110 1953 2155; x_wconf 82' lang='lat' dir='ltr'>Regibus</span> 
     </span>
     <span class='ocr_line' id='line_1_34' title="bbox 100 2170 1953 2220; baseline 0.001 -17"><span class='ocrx_word' id='word_1_357' title='bbox 100 2170 250 2214; x_wconf 88' lang='lat' dir='ltr'>Boemie,</span> <span class='ocrx_word' id='word_1_358' title='bbox 279 2171 506 2217; x_wconf 85' lang='lat' dir='ltr'>Revocantes,</span> <span class='ocrx_word' id='word_1_359' title='bbox 537 2173 734 2217; x_wconf 80' lang='lat' dir='ltr'>Cassantes,</span> <span class='ocrx_word' id='word_1_360' title='bbox 766 2174 938 2207; x_wconf 86' lang='lat' dir='ltr'>Irritantes</span> <span class='ocrx_word' id='word_1_361' title='bbox 968 2173 1203 2215; x_wconf 77' lang='lat' dir='ltr'>Annutlantes,</span> <span class='ocrx_word' id='word_1_362' title='bbox 1234 2177 1266 2207; x_wconf 88' lang='lat' dir='ltr'>et</span> <span class='ocrx_word' id='word_1_363' title='bbox 1294 2173 1334 2206; x_wconf 90' lang='lat' dir='ltr'>‹le</span> <span class='ocrx_word' id='word_1_364' title='bbox 1366 2174 1527 2220; x_wconf 88' lang='lat' dir='ltr'>predicta.</span> <span class='ocrx_word' id='word_1_365' title='bbox 1558 2174 1709 2208; x_wconf 89' lang='lat' dir='ltr'>Romane</span> <span class='ocrx_word' id='word_1_366' title='bbox 1738 2172 1848 2213; x_wconf 77' lang='lat' dir='ltr'>Regio</span> <span class='ocrx_word' id='word_1_367' title='bbox 1877 2172 1953 2217; x_wconf 91' lang='lat' dir='ltr'>ple-</span> 
     </span>
     <span class='ocr_line' id='line_1_35' title="bbox 100 2230 1953 2280; baseline 0 -16"><span class='ocrx_word' id='word_1_368' title='bbox 100 2230 247 2265; x_wconf 89' lang='lat' dir='ltr'>nitudine</span> <span class='ocrx_word' id='word_1_369' title='bbox 274 2236 446 2277; x_wconf 87' lang='lat' dir='ltr'>potestatis</span> <span class='ocrx_word' id='word_1_370' title='bbox 475 2238 605 2280; x_wconf 88' lang='lat' dir='ltr'>penitus</span> <span class='ocrx_word' id='word_1_371' title='bbox 636 2234 839 2277; x_wconf 75' lang='lat' dir='ltr'>Abolcntcs,</span> <span class='ocrx_word' id='word_1_372' title='bbox 870 2245 943 2266; x_wconf 87' lang='lat' dir='ltr'>cuni</span> <span class='ocrx_word' id='word_1_373' title='bbox 973 2237 1097 2277; x_wconf 87' lang='lat' dir='ltr'>nostri,</span> <span class='ocrx_word' id='word_1_374' title='bbox 1127 2238 1158 2267; x_wconf 91' lang='lat' dir='ltr'>et</span> <span class='ocrx_word' id='word_1_375' title='bbox 1187 2238 1302 2267; x_wconf 81' lang='lat' dir='ltr'>nostre</span> <span class='ocrx_word' id='word_1_376' title='bbox 1333 2234 1484 2268; x_wconf 86' lang='lat' dir='ltr'>Romane</span> <span class='ocrx_word' id='word_1_377' title='bbox 1515 2235 1624 2277; x_wconf 82' lang='lat' dir='ltr'>Regic</span> <span class='ocrx_word' id='word_1_378' title='bbox 1654 2234 1890 2274; x_wconf 83' lang='lat' dir='ltr'>Auctoritatis,</span> <span class='ocrx_word' id='word_1_379' title='bbox 1921 2236 1953 2265; x_wconf 88' lang='lat' dir='ltr'>et</span> 
     </span>
     <span class='ocr_line' id='line_1_36' title="bbox 99 2291 1952 2341; baseline 0.001 -17"><span class='ocrx_word' id='word_1_380' title='bbox 99 2291 302 2337; x_wconf 87' lang='lat' dir='ltr'>plenitudine</span> <span class='ocrx_word' id='word_1_381' title='bbox 339 2298 534 2338; x_wconf 87' lang='lat' dir='ltr'>potestatis,</span> <span class='ocrx_word' id='word_1_382' title='bbox 571 2298 824 2341; x_wconf 83' lang='lat' dir='ltr'>interpositione</span> <span class='ocrx_word' id='word_1_383' title='bbox 854 2294 998 2331; x_wconf 68' lang='lat' dir='ltr'>decreti,</span> <span class='ocrx_word' id='word_1_384' title='bbox 1036 2294 1237 2340; x_wconf 87' lang='lat' dir='ltr'>prefatarnin</span> <span class='ocrx_word' id='word_1_385' title='bbox 1279 2294 1526 2329; x_wconf 86' lang='lat' dir='ltr'>Coronacionis</span> <span class='ocrx_word' id='word_1_386' title='bbox 1571 2293 1777 2337; x_wconf 86' lang='lat' dir='ltr'>dijadematis</span> <span class='ocrx_word' id='word_1_387' title='bbox 1805 2292 1952 2338; x_wconf 88' lang='lat' dir='ltr'>Imposi-</span> 
     </span>
     <span class='ocr_line' id='line_1_37' title="bbox 99 2352 1951 2402; baseline 0.001 -17"><span class='ocrx_word' id='word_1_388' title='bbox 99 2354 207 2385; x_wconf 87' lang='lat' dir='ltr'>cionis</span> <span class='ocrx_word' id='word_1_389' title='bbox 229 2356 260 2385; x_wconf 90' lang='lat' dir='ltr'>et</span> <span class='ocrx_word' id='word_1_390' title='bbox 279 2352 392 2397; x_wconf 86' lang='lat' dir='ltr'>gladij,</span> <span class='ocrx_word' id='word_1_391' title='bbox 414 2354 675 2402; x_wconf 88' lang='lat' dir='ltr'>Ceteroruinqnc</span> <span class='ocrx_word' id='word_1_392' title='bbox 696 2358 873 2400; x_wconf 86' lang='lat' dir='ltr'>insignium</span> <span class='ocrx_word' id='word_1_393' title='bbox 896 2355 1069 2397; x_wconf 79' lang='lat' dir='ltr'>Regaliani</span> <span class='ocrx_word' id='word_1_394' title='bbox 1091 2354 1312 2397; x_wconf 75' lang='lat' dir='ltr'>&#39;l&#39;i·a(licioniS,</span> <span class='ocrx_word' id='word_1_395' title='bbox 1342 2355 1394 2389; x_wconf 91' lang='lat' dir='ltr'>Ad</span> <span class='ocrx_word' id='word_1_396' title='bbox 1427 2355 1728 2400; x_wconf 83' lang='lat' dir='ltr'>Archiepiscopum</span> <span class='ocrx_word' id='word_1_397' title='bbox 1748 2353 1951 2398; x_wconf 82' lang='lat' dir='ltr'>Pragensein</span> 
     </span>
     <span class='ocr_line' id='line_1_38' title="bbox 98 2412 1952 2462; baseline 0.001 -16"><span class='ocrx_word' id='word_1_398' title='bbox 98 2412 311 2455; x_wconf 82' lang='lat' dir='ltr'>Modernum,</span> <span class='ocrx_word' id='word_1_399' title='bbox 341 2415 479 2457; x_wconf 88' lang='lat' dir='ltr'>eiusque</span> <span class='ocrx_word' id='word_1_400' title='bbox 507 2426 726 2451; x_wconf 90' lang='lat' dir='ltr'>successores</span> <span class='ocrx_word' id='word_1_401' title='bbox 756 2416 894 2456; x_wconf 76' lang='lat' dir='ltr'>futuros,</span> <span class='ocrx_word' id='word_1_402' title='bbox 925 2419 1114 2460; x_wconf 82' lang='lat' dir='ltr'>perpetuos.</span> <span class='ocrx_word' id='word_1_403' title='bbox 1145 2414 1367 2460; x_wconf 83' lang='lat' dir='ltr'>lpsoruinque.</span> <span class='ocrx_word' id='word_1_404' title='bbox 1390 2428 1450 2462; x_wconf 90' lang='lat' dir='ltr'>per</span> <span class='ocrx_word' id='word_1_405' title='bbox 1487 2415 1604 2449; x_wconf 85' lang='lat' dir='ltr'>Manus</span> <span class='ocrx_word' id='word_1_406' title='bbox 1633 2414 1779 2460; x_wconf 90' lang='lat' dir='ltr'>Imponi,</span> <span class='ocrx_word' id='word_1_407' title='bbox 1809 2419 1841 2448; x_wconf 93' lang='lat' dir='ltr'>et</span> <span class='ocrx_word' id='word_1_408' title='bbox 1869 2413 1952 2448; x_wconf 89' lang='lat' dir='ltr'>tradi</span> 
     </span>
     <span class='ocr_line' id='line_1_39' title="bbox 99 2473 1951 2522; baseline 0.001 -16"><span class='ocrx_word' id='word_1_409' title='bbox 99 2473 273 2515; x_wconf 88' lang='lat' dir='ltr'>sollennia,</span> <span class='ocrx_word' id='word_1_410' title='bbox 304 2476 336 2506; x_wconf 84' lang='lat' dir='ltr'>et</span> <span class='ocrx_word' id='word_1_411' title='bbox 363 2475 504 2517; x_wconf 85' lang='lat' dir='ltr'>insignia</span> <span class='ocrx_word' id='word_1_412' title='bbox 533 2477 712 2520; x_wconf 88' lang='lat' dir='ltr'>prelibata,</span> <span class='ocrx_word' id='word_1_413' title='bbox 749 2481 781 2510; x_wconf 91' lang='lat' dir='ltr'>ct</span> <span class='ocrx_word' id='word_1_414' title='bbox 809 2487 873 2509; x_wconf 88' lang='lat' dir='ltr'>non</span> <span class='ocrx_word' id='word_1_415' title='bbox 903 2476 942 2508; x_wconf 88' lang='lat' dir='ltr'>ad</span> <span class='ocrx_word' id='word_1_416' title='bbox 981 2475 1207 2521; x_wconf 83' lang='lat' dir='ltr'>supradictum</span> <span class='ocrx_word' id='word_1_417' title='bbox 1249 2475 1546 2522; x_wconf 85' lang='lat' dir='ltr'>Areliiepiscopnin</span> <span class='ocrx_word' id='word_1_418' title='bbox 1578 2475 1631 2509; x_wconf 91' lang='lat' dir='ltr'>vcl</span> <span class='ocrx_word' id='word_1_419' title='bbox 1660 2475 1844 2509; x_wconf 87' lang='lat' dir='ltr'>Ecclesiam</span> <span class='ocrx_word' id='word_1_420' title='bbox 1874 2474 1951 2509; x_wconf 85' lang='lat' dir='ltr'>Ma-</span> 
     </span>
     <span class='ocr_line' id='line_1_40' title="bbox 100 2533 1951 2582; baseline 0.001 -16"><span class='ocrx_word' id='word_1_421' title='bbox 100 2535 347 2577; x_wconf 77' lang='lat' dir='ltr'>guntinensem,</span> <span class='ocrx_word' id='word_1_422' title='bbox 379 2533 525 2579; x_wconf 83' lang='lat' dir='ltr'>prefatos</span> <span class='ocrx_word' id='word_1_423' title='bbox 545 2535 649 2579; x_wconf 84' lang='lat' dir='ltr'>Juste,</span> <span class='ocrx_word' id='word_1_424' title='bbox 681 2541 712 2571; x_wconf 89' lang='lat' dir='ltr'>et</span> <span class='ocrx_word' id='word_1_425' title='bbox 733 2538 879 2581; x_wconf 78' lang='lat' dir='ltr'>legitime</span> <span class='ocrx_word' id='word_1_426' title='bbox 901 2539 1080 2582; x_wconf 85' lang='lat' dir='ltr'>pertinere,</span> <span class='ocrx_word' id='word_1_427' title='bbox 1110 2535 1183 2569; x_wconf 84' lang='lat' dir='ltr'>Non</span> <span class='ocrx_word' id='word_1_428' title='bbox 1216 2535 1435 2570; x_wconf 78' lang='lat' dir='ltr'>obstantibus.</span> <span class='ocrx_word' id='word_1_429' title='bbox 1457 2535 1612 2579; x_wconf 81' lang='lat' dir='ltr'>Legibus,</span> <span class='ocrx_word' id='word_1_430' title='bbox 1642 2534 1951 2573; x_wconf 77' lang='lat' dir='ltr'>consuetmlinibus,</span> 
     </span>
     <span class='ocr_line' id='line_1_41' title="bbox 102 2592 1953 2643; baseline 0.002 -17"><span class='ocrx_word' id='word_1_431' title='bbox 102 2592 233 2637; x_wconf 69' lang='lat' dir='ltr'>vsibus,</span> <span class='ocrx_word' id='word_1_432' title='bbox 262 2593 510 2638; x_wconf 64' lang='lat' dir='ltr'>observancijs,</span> <span class='ocrx_word' id='word_1_433' title='bbox 540 2594 674 2631; x_wconf 84' lang='lat' dir='ltr'>Juribus</span> <span class='ocrx_word' id='word_1_434' title='bbox 702 2596 967 2643; x_wconf 68' lang='lat' dir='ltr'>ltlunicipalibus,</span> <span class='ocrx_word' id='word_1_435' title='bbox 997 2597 1051 2631; x_wconf 74' lang='lat' dir='ltr'>vel</span> <span class='ocrx_word' id='word_1_436' title='bbox 1080 2597 1310 2631; x_wconf 83' lang='lat' dir='ltr'>communibus</span> <span class='ocrx_word' id='word_1_437' title='bbox 1340 2600 1492 2640; x_wconf 83' lang='lat' dir='ltr'>statutis,</span> <span class='ocrx_word' id='word_1_438' title='bbox 1523 2608 1580 2631; x_wconf 85' lang='lat' dir='ltr'>seu</span> <span class='ocrx_word' id='word_1_439' title='bbox 1610 2596 1743 2634; x_wconf 75' lang='lat' dir='ltr'>edictis,</span> <span class='ocrx_word' id='word_1_440' title='bbox 1775 2596 1889 2639; x_wconf 84' lang='lat' dir='ltr'>sactis,</span> <span class='ocrx_word' id='word_1_441' title='bbox 1920 2600 1953 2629; x_wconf 86' lang='lat' dir='ltr'>ct</span> 
     </span>
     <span class='ocr_line' id='line_1_42' title="bbox 1745 2656 1803 2685; baseline 0 0"><span class='ocrx_word' id='word_1_442' title='bbox 1745 2656 1803 2685; x_wconf 72' lang='lat'>67⁸</span> 
     </span>
    </p>
   </div>
  </div>
 </body>
</html>
