2184 2828
1062 104 1108 139 73

1045 266 1119 302 93.

163 349 289 390 L'lricle,
318 349 565 383 Grossmeister
593 347 654 380 der
682 346 923 380 Isreuz-herren
953 347 1010 379 mit
1038 345 1109 378 [lem
1144 344 1283 387 Sterne,
1322 344 1495 388 rertle‘nyel
1524 346 1611 378 zzz-ee?
1637 344 1753 377 Lalme
1781 345 1814 377 in
1843 344 2005 388 Maispilz-

157 422 200 444 cm
228 410 289 444 deu
319 410 473 453 clortiqen
503 408 649 451 Psarrer
677 407 840 440 itlalln'as.
871 407 930 441 Dt.
962 406 1121 450 Zuogsme„
1151 406 1182 438 ῐη
1212 405 1265 438 ‹lz'e
1288 404 1325 439 S.
1350 405 1531 438 Clementis
1554 405 1634 447 (¹23.
1656 404 1868 447 November)
1893 404 2004 438 1335.

311 485 400 538 Ros
428 503 577 537 Joannes
598 502 709 536 divina
730 504 943 536 miseratione
964 501 1078 535 Abbas
1098 503 1291 534 monasterii
1311 499 1471 534 Lucensis
1492 500 1616 533 ordinis
1637 500 2004 534 Praemonstratensium

156 570 188 599 et
215 565 379 599 Henricus
408 564 606 598 Canonicus.
638 567 670 597 et
689 562 820 604 Custos,
851 574 890 596 ac
919 562 1069 596 officialis
1098 560 1328 595 Olomucensis
1357 565 1474 594 tenore
1504 564 1702 606 presentium
1731 563 2006 605 recognoscimus

156 626 344 660 Vniuersis.
375 624 470 666 Quod
498 624 639 666 honesti7
670 635 708 657 ac
738 624 882 667 religiosi
920 625 981 656 viri
1015 622 1134 656 fratres
1162 621 1293 655 ericns
1324 633 1470 655 summus
1499 625 1659 665 magister
1686 621 1810 655 ordinis
1841 621 2008 665 Crucige-

157 698 267 721 rorum
295 697 368 720 cum
397 686 490 719 stella
519 685 635 718 domus
664 684 834 729 hospitalis
855 683 915 717 Su.
946 682 1114 717 Francisci
1142 685 1175 716 in
1203 683 1288 728 pede
1316 686 1424 728 pontis
1453 682 1633 726 pragensis
1663 686 1693 715 et
1722 682 1824 715 frater
1849 681 2007 715 Nicolaus

159 747 357 793 Praepositus
386 746 508 780 Montis
539 745 598 779 Sti.
629 744 798 790 Hippolyti
819 744 986 778 confrater
1006 743 1152 777 eiusdem
1172 743 1296 777 ordinis
1317 746 1481 789 premisso
1502 754 1574 776 cum
1597 745 1664 777 suis
1684 742 1839 776 fratribus
1859 742 2007 787 diligenti

159 812 297 842 tractatu
335 819 373 841 ac
411 809 557 853 ipsorum
593 808 739 839 vnanimi
777 809 809 838 et
842 805 1001 838 concordi
1038 815 1203 838 consensu
1240 815 1339 849 super
1373 803 1436 837 hoc
1473 803 1595 846 habito,
1632 807 1664 836 et
1692 803 1825 837 obtento
1854 803 2008 836 Discreto

159 871 231 902 viro
259 868 401 902 Domino
429 866 551 901 Mathie
580 866 722 912 plebano
750 865 903 899 Ecclesio
933 869 963 899 in
993 865 1130 911 Maspitz
1159 865 1422 907 considerantes7
1453 863 1537 910 quod
1567 875 1627 910 per
1652 864 1851 897 locationem
1872 864 2007 897 duorum

158 930 329 963 laneorum
358 928 655 974 infrascriptorunn
686 931 781 972 prout
811 931 843 960 et
871 929 987 972 poterit
1007 926 1186 972 Hospitalis
1207 929 1238 958 et
1256 928 1414 971 precipue
1434 925 1556 958 Montis
1586 927 1636 959 sti.
1667 924 1836 970 Hippolyti
1865 924 2008 957 conditio

158 990 322 1023 meliorari
359 988 526 1035 predictos
564 988 646 1021 duos
681 988 796 1021 laneos
833 1015 838 1021 .
876 999 958 1032 quos
994 987 1157 1033 quondam
1200 986 1350 1019 Sdislaus
1379 989 1521 1020 seruitor
1550 985 1772 1031 predictorum
1802 984 1938 1019 fratrum
1967 985 2007 1018 de

160 1051 296 1096 speciali
324 1053 438 1095 gracia
468 1049 508 1083 ab
538 1049 662 1082 eisdem
692 1047 846 1082 fratribus
882 1050 913 1081 in
949 1047 1093 1093 predicta
1128 1047 1205 1081 villa
1243 1046 1384 1093 Maspitz
1417 1049 1517 1080 tenuit
1554 1051 1587 1080 et
1615 1045 1774 1092 possedit,
1803 1057 1861 1091 pro
1891 1049 2008 1090 viginti

159 1112 350 1156 Sexagenis
391 1121 585 1155 grossorum
621 1109 831 1143 denariorum
867 1108 1082 1153 Pragensium
1120 1107 1160 1142 ad
1193 1112 1339 1153 tempora
1377 1107 1535 1141 duntaxat
1570 1109 1675 1152 ipsius
1712 1106 1845 1140 Domini
1886 1105 2009 1140 Mathie

157 1172 331 1205 locationis
360 1171 451 1205 titulo
481 1181 652 1216 exponere
672 1174 870 1203 curauernnt
891 1180 949 1214 per
969 1180 1042 1202 eum
1063 1173 1097 1202 vt
1116 1168 1280 1215 prefertur
1300 1168 1407 1213 quoad
1428 1170 1549 1201 uixerit
1568 1167 1756 1201 omnimode
1776 1166 2006 1212 possidendos.

159 1232 235 1266 Post
263 1231 386 1265 obitum
415 1242 498 1266 vero
527 1230 673 1264 eiusdem
694 1230 825 1263 Domini
855 1229 975 1263 Matbie
1004 1229 1141 1276 predicti
1169 1230 1257 1263 lanei
1286 1229 1407 1263 debent
1435 1239 1508 1262 cum
1537 1228 1687 1262 omnibus
1717 1230 1784 1262 suis
1813 1227 2006 1261 Vtilitatibus

161 1297 192 1327 et
220 1292 485 1335 obuentionibus7
516 1303 555 1326 ac
583 1292 655 1325 aliis
684 1302 797 1325 eorum
826 1293 1030 1336 pertinentiis
1059 1293 1223 1324 vniuersis
1244 1290 1283 1324 ad
1305 1289 1511 1336 suprad1ctos
1533 1288 1650 1323 fratres
1670 1289 1825 1322 uidelicet
1845 1299 2007 1322 summum

158 1353 352 1399 Magistrum
382 1357 413 1387 et
441 1352 649 1398 Prepositum
679 1351 738 1386 Sti.
769 1351 947 1398 Hippolyti.
982 1353 1036 1395 qui
1065 1362 1123 1397 pro
1159 1355 1307 1397 tempore
1336 1350 1469 1393 fuerint⁷
1500 1350 1539 1383 ad
1568 1360 1650 1395 quos
1680 1349 1800 1383 dictum
1830 1349 2007 1382 dominium

158 1414 377 1461 predictorum
414 1414 585 1447 laneorum
621 1416 768 1447 noscitur
804 1415 981 1458 pertinere.
1017 1414 1105 1445 omni
1141 1411 1331 1445 difficultate
1365 1415 1490 1445 remota
1530 1410 1638 1444 redire
1673 1409 1775 1443 libere
1811 1414 1841 1443 et
1874 1412 2007 1442 reuerti.

159 1475 205 1509 Ita
234 1475 320 1521 quod
358 1486 417 1520 per
451 1474 572 1508 obitum
609 1474 755 1508 eiusdem
793 1473 923 1506 Domini
956 1472 1077 1506 Matliie
1110 1473 1216 1506 nullus
1251 1483 1482 1506 successorum
1519 1474 1634 1517 ipsius.
1679 1473 1732 1516 qui
1775 1470 1831 1510 ad*
1856 1473 2007 1515 regimen

159 1538 318 1582 assumpti
353 1535 483 1583 fuerint,
521 1535 665 1569 ecclesie
700 1534 846 1581 predicte
879 1533 938 1567 sibi
972 1532 1147 1578 quidquam
1176 1535 1260 1577 juris
1298 1537 1351 1566 aut
1387 1532 1632 1566 Jurisdictionis
1670 1542 1728 1565 seu
1758 1531 1890 1564 dominii
1919 1530 2006 1564 vtilis

161 1597 314 1631 uidelicet
342 1597 456 1630 directi
484 1599 517 1629 in
546 1596 671 1629 eisdem
701 1595 807 1628 laneis
836 1605 1041 1640 quocumque
1069 1594 1158 1627 titulo
1186 1605 1348 1639 usurpare
1383 1597 1560 1639 presumat,
1591 1604 1650 1626 seu
1687 1592 1798 1625 valeat.
1826 1591 2007 1625 vendicare

159 1658 216 1692 sed
248 1661 355 1691 statim
383 1662 420 1691 vt
448 1662 500 1691 est
526 1657 646 1690 dictum
686 1656 821 1702 predicti
858 1655 942 1688 lanei
972 1654 1012 1687 ad
1041 1654 1204 1700 predictos
1233 1654 1352 1688 fratres
1380 1654 1482 1687 libere
1511 1657 1730 1687 reuertantur.
1760 1664 1833 1686 cum
1864 1655 2007 1698 ipsorum

159 1719 279 1753 locatio
309 1718 348 1751 ad
378 1722 505 1763 tempus
533 1717 670 1763 predicti
690 1716 820 1762 plebani
841 1715 879 1749 ad
901 1726 1060 1761 personas
1088 1726 1318 1749 successorum
1347 1717 1479 1748 minime
1508 1726 1545 1747 se
1574 1713 1741 1747 extendat.
1771 1713 1807 1747 In
1836 1716 1929 1746 cuius
1958 1715 2004 1746 rei

158 1782 380 1813 testimonium
415 1782 590 1825 presentes
625 1777 750 1811 litteras
786 1777 933 1810 dedimus
968 1776 1007 1809 de
1043 1775 1173 1809 Domini
1207 1778 1310 1809 nostri
1343 1775 1482 1809 Abbatis
1519 1774 1697 1820 supradicti
1733 1779 1765 1808 et
1804 1773 2007 1807 Oflicialatus

159 1839 310 1874 Ecclesie
340 1838 572 1873 Olonmcensis
600 1838 715 1883 sigillis
745 1841 897 1871 munitas.
953 1837 1071 1870 Actum
1107 1840 1139 1870 et
1172 1835 1293 1870 Datmn
1328 1835 1478 1881 Znoyme
1514 1838 1545 1869 in
1583 1835 1725 1880 bospitio
1763 1834 1905 1868 Discreti
1936 1833 2005 1866 Viri

159 1900 382 1934 Clieusmanni
420 1899 509 1933 Ciuis
551 1899 670 1933 ibidem
719 1898 928 1944 presentibus
969 1896 1214 1931 honorabilibus
1255 1902 1287 1931 et
1328 1897 1481 1930 discretis
1531 1899 1610 1929 viris
1653 1895 1802 1929 Dominis
1843 1894 2007 1928 Hertardo

159 1960 328 1995 Canonico
357 1959 442 1994 dicte
463 1959 706 1994 Oloniucensis.
736 1959 877 1993 W'eslav
907 1963 937 1992 ct
957 1958 1147 1992 Hermanno
1175 1961 1207 1991 in
1237 1957 1402 1992 Grosnaw
1431 1957 1647 1991 ecclesiarum
1677 1955 1838 2002 plebanis.
1869 1966 1908 1988 ac
1937 1954 2008 1988 aliis

162 2033 258 2068 quam
287 2020 433 2068 pluribus
462 2020 597 2055 testibus
626 2020 801 2065 lidcdignis
830 2020 869 2053 ad
907 2022 1067 2065 premissa
1103 2021 1234 2052 voeatis
1263 2022 1294 2052 et
1321 2021 1446 2063 rogatis
1474 2017 1574 2051 Anno
1602 2015 1863 2050 MCCCXXXV.
1894 2018 1926 2048 in
1956 2015 2008 2049 die

163 2082 196 2116 S.
227 2081 405 2116 Clementis
433 2081 602 2128 Martyris.

467 2160 534 2193 (Das
559 2158 638 2194 orig.
664 2160 710 2186 aus
730 2160 889 2194 Pergament
912 2161 944 2185 im
961 2159 1074 2185 Areliivc
1100 2158 1147 2184 dci·
1159 2158 1342 2184 Krcuzlicrrcn
1368 2159 1411 2184 mit
1435 2157 1493 2183 dem
1519 2157 1612 2183 rotlien
1628 2157 1722 2182 Stcrnc
1749 2155 2005 2189 amPoltcnberge.)

1047 2305 1122 2341 94.

347 2384 357 2397 1

315 2383 710 2438 Schiedsrichterlicher
738 2399 1023 2448 Friedensspruch
1052 2401 1111 2435 der
1138 2400 1270 2445 Konige
1299 2399 1377 2434 Karl
1407 2411 1471 2434 von
1501 2398 1661 2443 Ilungarn
1691 2397 1755 2431 und
1778 2396 1909 2431 Joliann
1941 2407 2005 2430 von

162 2464 309 2499 Bolimen
339 2464 422 2498 iiber
449 2464 511 2498 den
540 2465 711 2498 zwisclicn
749 2464 822 2497 dem
861 2462 1041 2496 deutschen
1081 2461 1191 2495 Orden
1228 2461 1290 2494 und
1329 2461 1401 2494 dem
1438 2460 1567 2503 Konigc
1602 2469 1667 2492 von
1705 2458 1805 2491 Polen
1835 2460 2006 2501 streitigen

163 2525 272 2559 Besitz
301 2536 367 2559 von
397 2524 581 2567 Pommern,
611 2524 736 2558 Dobrin
767 2525 830 2558 und
860 2524 1036 2567 Knjavicn.
1067 2522 1170 2555 [nter
1199 2521 1260 2555 den
1290 2520 1425 2565 Zeugen
1455 2519 1670 2553 ersrlieinen:
1698 2518 1841 2560 Jobanm
1872 2517 2011 2551 Biscliol'

165 2597 228 2619 von
259 2585 398 2624 Otium,
437 2584 559 2618 Rudolt'
584 2584 718 2630 Herzog
751 2597 816 2619 von
852 2583 1015 2627 Sachsen,
1052 2582 1141 2626 Karl‚
1180 2581 1356 2626 Markgral'
1386 2592 1452 2615 von
1488 2579 1637 2623 Malircn,
1676 2579 1841 2613 Boleslav.
1872 2578 2008 2621 llemog

1867 2637 1902 2666 10
