2184 2828
1126 140 1196 177 552

1113 284 1134 318 7
1141 284 1215 319 fio.

244 361 286 395 K.
326 361 416 395 Karl
449 362 468 395 I
475 361 509 395 V.
543 364 710 405 qestattet
746 361 809 395 den
846 362 1003 406 Bilrgyeril
1037 372 1101 395 von
1130 361 1248 394 erm
1275 361 1393 405 belmfis·
1427 362 1486 395 der
1514 362 1727 407 Pslaslerwtq
1754 363 1848 396 ihrer
1877 363 1980 397 Stadt
2009 363 2073 396 med

243 421 505 466 Ausbesseremy
534 422 594 455 der
622 421 781 455 Bria-leem
809 422 875 455 mul
909 422 1010 466 l'Veye
1038 422 1092 454 die
1121 421 1320 465 Eitaeltelmugl
1348 423 1408 455 der
1437 423 1639 456 Rossmaulle
1669 424 1734 466 auf
1754 424 1830 456 drei
1854 423 1973 457 Jalesre.
2011 422 2070 456 DI.

657 482 784 526 Praqe,
814 482 878 516 XI.
909 482 1084 515 Kalendas
1113 482 1247 525 Aprilis
1278 482 1358 524 (22.
1392 483 1509 525 Μανῆ)
1541 483 1650 517 1348.

385 557 559 610 karolus
589 576 640 610 dei
669 580 783 621 gracia
814 577 1038 611 Romanorum
1068 575 1161 617 Rex,
1192 576 1332 622 Semper
1360 577 1531 621 Augustus
1560 582 1592 611 et
1620 578 1755 611 Boemie
1785 577 1877 618 Rex,
1906 577 1958 610 Ad
1988 580 2070 611 vni-

240 647 412 670 uersorum
443 639 598 670 noticiam
628 638 779 671 volumus
808 637 978 677 ‹leaena-e,
1009 636 1094 681 quod
1124 647 1184 670 nos
1214 637 1422 670 attendentes
1449 642 1543 681 grata
1573 642 1608 671 et
1636 642 1771 682 accepta
1792 640 1934 670 seruicia
1963 637 2071 671 dilec-

237 701 343 730 torum
380 697 521 730 fidelium
557 702 743 731 nostrorum
778 697 967 730 Juratorum
1004 701 1035 729 et
1071 696 1318 730 Communitatis
1354 697 1479 730 Cinium
1522 696 1668 731 Ciuitatis
1706 702 1818 731 nostre
1850 696 2069 739 Brunnensis„

236 768 299 802 que
333 757 428 791 nobis
462 769 593 791 necnon
629 758 718 791 clare
753 761 912 790 memorie
947 757 1065 790 Illustri
1099 757 1242 790 ι1011011111
1280 757 1443 803 quondam
1473 757 1557 802 Regi
1593 758 1745 795 Boemieq
1782 759 1925 801 genitori
1954 762 2066 790 nostro

236 817 412 851 karissimo
447 820 478 851 in
514 821 643 862 magnis
673 823 704 851 et
733 818 844 851 arduis
875 820 994 851 nostris
1024 818 1173 861 negocijs
1203 817 1430 862 impenderunt
1459 817 1617 852 hactenus
1647 822 1677 851 et
1705 817 1897 863 impendere
1917 820 2071 850 continue

234 889 301 911 non
331 878 502 920 desistunt⁷
532 878 657 911 eisdem
687 878 832 914 Curibus
864 882 898 911 vt
927 877 1057 911 facilius
1087 877 1206 911 dictam
1236 878 1404 911 Ciuitatem
1435 889 1525 911 suam
1564 877 1724 923 lapidibus
1754 880 1998 922 pauimentare‚
2029 888 2069 910 ac

234 943 352 983 pontes
387 943 419 971 et
454 941 524 972 vias
559 938 704 972 eiusdem
742 939 888 971 Ciuitatis
917 949 1075 983 reparare
1104 938 1250 977 valeant„
1281 937 1320 971 de
1349 938 1481 983 speciali
1512 938 1596 971 dono
1631 941 1785 982 graciose
1823 936 2069 970 concedendum

234 999 388 1032 duximus
417 1003 447 1032 et
477 1001 581 1031 eciam
611 998 856 1042 imlulgcmlunn
886 998 1041 1031 videlicet
1069 998 1154 1042 quod
1186 1001 1246 1043 ipsi
1275 1009 1293 1031 a
1322 998 1404 1031 festo
1433 998 1559 1032 Pascbe
1588 1002 1737 1043 proxime
1774 1002 1930 1039 venturo,
1966 1008 2072 1042 vsque

233 1059 273 1092 ad
303 1064 369 1093 tres
398 1070 502 1092 annos
530 1058 616 1092 idem
646 1059 763 1092 festum
794 1058 979 1092 immediate
1008 1063 1196 1103 sequentes,
1227 1058 1267 1091 de
1293 1058 1441 1092 omnibus
1472 1063 1503 1091 et
1531 1059 1670 1102 singulis
1700 1058 1810 1102 Equis,
1839 1056 2071 1102 vectigalibus,

233 1130 514 1163 quorumcumque
543 1119 708 1152 bominum
738 1130 811 1152 cum
849 1119 995 1164 predicta
1025 1120 1164 1152 Ciuitate
1193 1119 1349 1152 collectas
1383 1123 1414 1152 et
1442 1120 1502 1152 alia
1532 1130 1632 1152 onera
1663 1119 1794 1161 Cutilia,
1830 1112 1906 1151 non'
1930 1118 2070 1152 soluen-

231 1183 316 1213 cimn
345 1182 582 1224 cuiuscumque
612 1179 744 1223 dominij
781 1179 832 1213 nel
860 1179 1111 1212 Jurisdierionis
1141 1181 1305 1219 existant,
1335 1178 1576 1213 transeuntibus
1605 1190 1663 1223 per
1692 1178 1868 1224 predictam
1898 1178 2069 1211 Ciuitatem

231 1252 324 1273 suam
359 1240 399 1273 de
436 1240 581 1285 quolibet
619 1251 703 1285 equo
732 1252 832 1273 vnum
863 1240 1033 1273 dumtaxat
1062 1240 1242 1273 hallensem
1276 1250 1334 1285 pro
1368 1242 1652 1285 pauimentacione
1686 1249 1814 1271 necnon
1850 1241 2003 1284 poncium
2031 1242 2064 1272 et

229 1304 356 1334 viarum
395 1301 617 1347 predictorum
650 1303 869 1346 reparacione
914 1312 973 1345 per
1007 1311 1044 1334 se
1081 1301 1133 1334 vel
1171 1300 1331 1334 officiales
1368 1311 1465 1342 51105,
1501 1310 1583 1344 quos
1616 1299 1656 1332 ad
1685 1299 1748 1332 hoc
1777 1299 1931 1332 duxerint
1959 1298 2068 1344 depu-

231 1361 366 1404 tandos7
401 1364 544 1405 exigere
581 1365 612 1394 et
647 1364 798 1406 recipere
833 1362 967 1394 valeant
1007 1365 1104 1406 atque
1147 1363 1286 1406 possint.
1342 1359 1551 1393 Presentibus
1586 1364 1661 1404 post.
1701 1358 1859 1404 prefatum
1896 1362 2068 1393 triennium

230 1424 363 1455 minime
392 1422 551 1455 valituris.
582 1421 617 1455 In
647 1432 783 1466 quorum
815 1424 1038 1455 testimonium
1067 1425 1241 1466 presentes
1271 1421 1382 1454 literas
1410 1420 1507 1454 scribi
1536 1424 1568 1453 et
1598 1420 1712 1463 Sigillo
1741 1423 1920 1453 maiestatis
1954 1424 2068 1453 nostre

231 1482 459 1516 mandauimus
494 1485 700 1515 communiri.
732 1482 851 1515 Datum
886 1482 1010 1526 Frage,
1046 1482 1147 1515 Anno
1176 1481 1297 1514 domini
1325 1480 1494 1514 Millesimo
1524 1480 1774 1513 Trecentesimo
1804 1479 2068 1524 Quadi-agesimo

231 1544 358 1576 octauo
395 1542 460 1576 Xl‘J
494 1542 662 1576 Kalendas
691 1543 827 1588 Aprilis,
858 1542 1051 1587 Regnorum
1080 1546 1271 1576 nostrorum
1299 1542 1398 1575 Anno
1427 1540 1582 1575 secundo.

1414 1645 1446 1652 ..
1471 1617 1562 1651 Ger.
1594 1617 1643 1650 de
1672 1617 1864 1651 Medlico

1306 1679 1344 1713 ad
1374 1679 1573 1712 relacionem
1603 1677 1723 1711 domini
1754 1678 1961 1712 Cancellarii.

535 1742 601 1774 (Das
630 1741 703 1775 Orig.
737 1742 783 1768 auf
808 1742 929 1776 Pergam.
962 1743 1007 1768 mit
1035 1743 1120 1768 einem
1153 1750 1270 1775 grossen
1294 1740 1482 1775 gebroelienen
1507 1739 1598 1772 Sigille
1626 1740 1659 1765 im
1684 1740 1799 1765 Archive
1824 1739 1965 1765 derselben
1991 1738 2068 1765 Stadt

638 1794 664 1820 B.
692 1794 723 1819 ll.
751 1803 774 1819 n.
802 1794 844 1826 2.)

1102 1905 1204 1940 761.

228 1984 274 2017 K.
306 1984 396 2017 Il'arl
423 1984 442 2017 I
449 1983 483 2018 V.
512 1984 706 2021 ‹vet-orslnen
737 1984 816 2017 dass
846 1984 899 2017 (lie
927 1995 990 2017 (taes
1021 1983 1251 2021 Oeslerree’eh„
1281 1982 1446 2026 Hunqarn
1474 1981 1540 2013 wid
1567 1981 1673 2014 Pelen
1703 1980 1916 2014 ltonmeemlen
1945 1980 2065 2024 Kams-

226 2046 316 2078 leute
335 2046 394 2078 neit
414 2044 510 2078 ihren
536 2044 687 2079 I'Vaareu
710 2045 815 2078 (lm-ela
834 2045 953 2078 Brmm
973 2044 1103 2077 z-e'eleen.
1134 2044 1193 2077 Dc.
1215 2044 1341 2087 Praqe,
1362 2042 1425 2076 XI.
1447 2041 1526 2074 Kal.
1550 2041 1682 2085 Aprilis
1705 2041 1786 2082 (22.
1807 2041 1927 2082 Μαι-ε)
1952 2039 2064 2074 1348.

370 2120 544 2174 karolus
574 2139 628 2173 dei
655 2143 767 2184 gracia
804 2140 1028 2173 Romanorum
1064 2139 1156 2182 Rex,
1188 2138 1329 2184 Semper
1358 2138 1530 2181 Angustus
1559 2140 1591 2169 et
1619 2136 1755 2169 Boemie
1784 2136 1876 2178 Rex,
1912 2135 1953 2169 ad
1981 2137 2063 2169 vni-

227 2211 397 2234 nersormn
432 2203 589 2234 noticiam
623 2200 776 2233 volumus
812 2201 992 2238 devenireq
1029 2200 1114 2245 quod
1153 2210 1214 2233 1105
1257 2197 1480 2239 attendentes⁷
1519 2200 1629 2240 grata.
1673 2201 1704 2229 et
1737 2200 1873 2241 accepta
1917 2198 2060 2229 seruicia

225 2261 418 2294 dilectorum
439 2260 582 2294 fidelium
602 2264 810 2294 nostrornm.
830 2261 1048 2302 .Juratorunn
1080 2259 1272 2302 Consulum,
1294 2263 1325 2292 et
1345 2258 1592 2291 Communitatis
1614 2258 1750 2295 Cinium,
1781 2256 1928 2291 Ciuitatis
1947 2260 2061 2290 nostre

225 2321 444 2363 Brmmensis,
475 2331 538 2366 que
558 2319 666 2363 nohis,
696 2332 759 2354 uec
780 2332 845 2354 11011
875 2321 966 2354 clare
986 2323 1143 2354 memorie
1164 2320 1283 2354 Illustri
1303 2318 1444 2352 ι1011111101
1466 2317 1629 2361 quondam
1650 2317 1733 2361 Regi
1760 2317 1896 2350 Boemie
1915 2319 2060 2360 genitori

226 2385 338 2414 nostro
367 2384 541 2415 carissimo
570 2383 602 2414 in
631 2384 759 2425 magnis
789 2386 821 2414 et
849 2382 960 2415 arduis
990 2382 1142 2425 negocijs
1170 2379 1399 2426 impenderunt
1426 2377 1597 2417 hacteuus,
1628 2382 1659 2410 et
1685 2377 1877 2423 impendere
1905 2380 2064 2410 continue

225 2452 290 2474 non
319 2441 490 2483 desistunt,
521 2441 647 2475 eisdem
668 2442 814 2484 Ciuilms,
845 2446 877 2475 111
906 2442 992 2475 dicta
1014 2443 1138 2474 Ciuitas
1167 2452 1279 2474 eorum
1309 2439 1458 2472 dilatetur
1479 2437 1669 2475 bonoribus,
1700 2443 1731 2471 et
1752 2441 1871 2472 votiuis
1892 2441 2064 2483 prestante

226 2501 384 2534 altissimo
420 2501 635 2536 successibus
665 2507 843 2546 augeatur,
872 2501 1123 2535 concedendum
1154 2501 1318 2543 duximus,
1347 2503 1379 2532 et
1406 2501 1511 2531 eciam
1542 2498 1792 2542 imbdgemlum,
1829 2497 1914 2543 quod
1944 2507 2060 2531 omnes

226 2565 257 2594 et
289 2562 409 2606 singuli
442 2567 645 2597 mercatores
680 2566 712 2596 et
740 2567 916 2605 vectores,
954 2573 1028 2595 cum
1064 2561 1261 2608 quibuslibet
1294 2563 1439 2606 ipsorum
1476 2559 1639 2592 mercibus
1674 2563 1706 2593 et
1740 2558 1891 2592 curribus
1927 2562 1991 2591 tam
2020 2556 2061 2590 de

225 2622 372 2665 Ausa-ia,
402 2632 498 2666 quam
527 2623 709 2668 llungaria,
738 2627 771 2657 et
799 2622 954 2667 Polonia,
991 2627 1045 2656 aut
1072 2621 1291 2666 undecunque
1326 2620 1408 2654 alias
1438 2622 1630 2663 venienteS,
1666 2619 1769 2653 solum
1799 2630 1859 2665 per
1888 2618 2061 2652 Ciuitatem
