2184 2828
1039 173 1113 205 5578

151 298 255 330 nostri
284 294 407 328 fauoris
436 293 579 336 bracliijs
608 290 813 335 generaliter
841 290 1088 335 amplectamur,
1119 293 1151 321 et
1180 292 1211 322 in
1242 288 1415 322 cuiuslibet
1444 292 1665 334 promocionis
1695 291 1937 334 prosecucione
1962 300 2001 322 ac

151 356 355 390 defensionis
383 353 527 400 presidio
556 351 738 386 earundem
768 350 987 385 sollicitudine
1021 349 1168 393 diligenti
1202 353 1234 382 et
1266 349 1452 382 deuocionc
1487 348 1625 383 sollicita
1654 349 1844 393 vigilemus,
1873 348 2002 382 Tamen

151 415 345 462 quibusdam
379 425 425 448 ex
459 415 551 459 ipsis,
592 415 707 457 vtpote
739 411 893 445 Ecclesie
929 414 960 443 et
994 409 1199 443 Monastcrio
1235 409 1498 455 Sanctispiritus,
1537 414 1651 444 sancte
1685 409 1804 453 Marie,
1839 414 1872 443 et
1908 409 2002 443 Beati

150 476 314 511 ι1011011015
343 474 585 518 Ewangeliste,
622 472 660 506 In
695 471 838 506 Ciuitate
872 475 983 504 nostra
1013 469 1198 503 Ratliowor
1233 473 1364 511 situat0,
1395 469 1651 513 Relig‘iosarum,
1681 469 1778 504 nobis
1808 472 1841 503 in
1869 469 2001 504 Christo

151 538 357 579 dilectarum,
392 537 518 570 sororis
555 537 682 576 nostre,
721 532 945 566 Serenissime
983 530 1170 575 domicello,
1210 529 1394 563 Domicelle
1428 529 1592 572 Eul'cmie,
1630 529 1794 576 quondam
1829 540 2001 574 germane,

150 598 256 632 felicis
294 598 466 638 memorie,
504 594 609 628 Incliti
645 595 805 639 principis
843 592 965 625 domini
1004 590 1176 633 Lesconis,
1213 590 1305 624 ducis
1340 589 1643 634 Rathoworiensis,
1680 589 1933 636 predecessoris
1970 594 2004 624 et

150 659 268 702 sororij
305 657 485 698 karissimi,
525 658 557 688 et
594 653 722 688 filiabus
760 655 881 686 nostris
919 651 1063 689 (11100115,
1101 650 1285 689 Elizabetliq
1322 651 1452 695 Agnes,
1491 655 1524 684 et
1558 651 1669 693 Anne,
1706 660 1837 684 necnon
1875 649 2004 683 deuotis

151 718 315 752 Priorisse
344 721 378 750 et
405 713 725 756 sanctimonialibus,
754 716 785 746 in
815 712 933 746 eodem
963 711 1167 754 Mona-sterio
1197 711 1407 755 degentibus,
1432 711 1532 744 diuini
1558 712 1676 753 cultus,
1703 711 1832 756 aliaque
1857 713 2005 745 caritatis

151 789 265 825 opera,
295 777 413 823 quibus
442 780 607 821 tamquam
636 774 760 819 gradus
789 775 1030 815 asscensionis,
1061 772 1100 805 ad
1131 774 1236 805 ueteri
1264 772 1350 816 (sic)
1385 772 1574 805 Salomonis
1606 772 1850 805 reclinatorium
1880 782 2005 805 ascen-

151 839 248 882 ditur,
275 843 307 872 et
332 842 449 873 sancta
468 836 577 870 Mater
602 835 755 869 Ecclesia
784 836 815 867 in
842 833 980 867 filiorum
1008 832 1165 878 operibus
1191 832 1384 875 delectatur,
1408 832 1586 866 studiosius
1606 836 1819 877 peragantur,
1840 830 2006 865 vberioris

151 900 345 934 dileccionis
373 900 523 943 graciam
552 898 757 942 inpertimur.
789 899 821 928 ct
848 896 1025 928 interiores
1055 893 1230 938 amplexus
1259 893 1438 938 specialius
1467 892 1660 927 admisimus
1688 892 1798 926 cordis
1826 894 1944 934 nostri,
1969 890 2006 924 In

151 972 192 995 eo
221 959 374 1005 equidem
399 958 477 992 boni
502 956 712 991 Emulatores
743 955 1042 988 Serenissimorum
1078 953 1356 998 predecessorum
1389 957 1579 987 nostrorum
1606 952 1798 987 euidencius
1818 950 2006 994 existendo,

151 1023 206 1067 qui
234 1023 340 1054 eciam
369 1019 455 1053 idem
482 1017 721 1051 Monasterium
746 1014 981 1048 fundauerunt.
1008 1019 1038 1047 et
1064 1014 1219 1047 souerunt
1243 1013 1400 1047 vberibus
1427 1017 1541 1058 gracie
1566 1013 1773 1047 multiformis
1793 1023 1852 1058 pre
1871 1014 2007 1054 ceteris,

152 1082 345 1115 dileccionis
380 1078 554 1125 priuilegio
590 1076 781 1121 singularis.
819 1075 890 1109 Nos
924 1078 1022 1119 iginii·
1057 1077 1202 1108 racionis
1239 1074 1404 1107 intellectu
1439 1076 1667 1120 perspicacius
1704 1077 1882 1116 intuentes,
1920 1071 2007 1118 quod

153 1142 292 1176 affectus
320 1152 365 1174 ex
394 1140 515 1173 affectu
543 1138 719 1182 colligitur,
750 1141 783 1170 et
810 1136 897 1182 quod
926 1138 1092 1169 interioris
1122 1137 1242 1168 mentis
1276 1139 1328 1168 est
1360 1137 1535 1180 expositor
1570 1139 1664 1168 actus
1693 1138 1802 1176 extra,
1831 1137 1868 1167 vt
1895 1136 2007 1166 nostra

152 1202 291 1236 dileceio
321 1211 418 1247 qnam
448 1199 488 1234 ad
516 1203 701 1245 pretactnm
729 1200 878 1242 gerimus
907 1196 1159 1234 Monasterinm„
1190 1199 1348 1241 appareat
1377 1195 1570 1229 euidencius
1595 1197 1706 1240 operis
1732 1197 1940 1238 argumento,
1968 1203 2009 1226 ac

151 1266 258 1296 eciam
288 1261 493 1306 singularem
523 1269 670 1293 amorem
699 1263 732 1292 et
761 1258 991 1299 dileccionem,
1022 1267 1119 1302 quem
1149 1256 1298 1302 predicte
1327 1255 1443 1289 Inclite
1470 1255 1654 1298 domicelle,
1681 1259 1714 1288 et
1736 1256 1858 1288 nostris
1879 1252 2009 1287 filiabus

152 1325 347 1370 prenotatis,
377 1333 422 1355 ex
450 1323 568 1354 merito
596 1322 723 1365 gestari
753 1319 956 1352 dinoscimur
984 1320 1163 1351 intuentes.
1194 1316 1359 1362 Oppidum
1388 1316 1548 1359 Bawrob,
1574 1327 1646 1349 cum
1674 1315 1737 1360 hijs
1762 1314 1859 1357 villis,
1883 1314 2012 1348 scilicet

154 1383 289 1425 Sulcau,
313 1381 537 1423 Czirbenkau,
558 1384 591 1414 et
611 1378 810 1424 ngehilob,
841 1383 874 1413 et
902 1378 1055 1412 omnibus
1085 1378 1301 1423 pertiuencijs
1330 1382 1362 1411 et
1389 1377 1565 1423 appendijs
1594 1379 1662 1411 suis
1689 1387 1749 1410 seu
1774 1386 1902 1418 eorum,
1926 1384 2010 1408 vero

154 1446 338 1491 empcionis
375 1442 480 1488 tytulo
515 1453 575 1488 per
615 1441 734 1474 dictam
775 1439 995 1481 domicellam,
1035 1449 1185 1472 sororem
1222 1443 1367 1472 nostram
1404 1437 1625 1479 karissimam,
1662 1448 1722 1483 pro
1760 1438 1829 1470 suis
1864 1435 2012 1478 denarijs

153 1509 370 1550 conparatum
399 1503 455 1537 vel
484 1504 687 1548 conparatis,
725 1502 752 1534 A
787 1499 960 1533 Nobilibus
997 1498 1266 1533 viris.lIenrico
1300 1498 1341 1532 de
1370 1498 1544 1541 Plumnav,
1583 1502 1615 1531 et
1652 1496 1799 1530 eiusdem
1837 1505 2011 1541 germano,

154 1565 256 1599 fratre
287 1564 420 1598 Ordinis
450 1563 568 1597 domus
598 1561 840 1603 Τ11011111110100ᾖ
870 1564 966 1606 prout
995 1571 1039 1593 ex
1067 1560 1185 1593 litteris
1214 1570 1329 1593 eornm
1359 1570 1461 1605 super
1493 1558 1557 1592 1100
1590 1557 1802 1601 vendicione,
1837 1558 2012 1602 empcione

154 1637 194 1661 ac
222 1626 470 1672 protestacione
498 1622 661 1657 confectis
690 1622 820 1668 plenius
850 1621 1005 1655 didicitur
1033 1620 1117 1666 (sic)
1146 1624 1180 1654 et
1208 1624 1358 1666 apparet,
1389 1622 1477 1654 omni
1506 1618 1587 1652 Jure
1615 1628 1679 1664 quo
1707 1620 1770 1663 ipsi
1799 1615 2013 1662 possiderunt

155 1691 187 1720 et
215 1685 383 1728 tenebant,
413 1689 562 1719 nostrum
591 1683 770 1727 benignum
800 1682 875 1716 111110
903 1682 1095 1716 vendicioni
1125 1685 1157 1715 et
1185 1683 1352 1727 empcioni
1380 1680 1559 1727 prebentes
1584 1688 1771 1721 assensum,
1791 1677 1955 1711 Volumus
1977 1679 2014 1709 vt

155 1747 286 1783 eedem,
317 1746 492 1779 domicella
520 1743 684 1786 Eusemia,
715 1754 775 1777 seu
803 1742 868 1776 filie
897 1747 1012 1777 nostre
1041 1742 1202 1788 predicte,
1233 1752 1430 1787 quacunque
1455 1742 1550 1775 alteri
1573 1738 1785 1781 succedente,
1810 1737 1866 1772 vel
1886 1736 2013 1771 eisdem

155 1818 223 1842 non
252 1806 488 1848 existentibus,
518 1805 682 1839 Priorissa
720 1808 751 1838 et
786 1808 971 1837 conuentus
1008 1802 1084 1836 dicti
1117 1801 1326 1846 Monasterij,
1361 1801 1442 1836 Jure
1477 1802 1613 1835 alioruin
1647 1798 1809 1833 bonorum
1837 1800 2015 1831 monaste-

155 1868 295 1910 rialium,
325 1867 430 1900 Terre
458 1870 573 1900 nostre
599 1863 833 1911 OppauiensiS,
859 1868 975 1898 tenere
1000 1862 1144 1897 debeant
1170 1866 1201 1896 in
1227 1867 1338 1905 antea,
1364 1867 1397 1896 et
1420 1865 1511 1895 iuxta
1531 1859 1806 1895 consuetudinem
1826 1862 2014 1891 ceterorum

156 1928 382 1963 claustralium
417 1926 619 1961 habilitatem
655 1930 685 1958 et
721 1928 903 1959 scienciam
939 1923 1083 1958 habitam
1120 1928 1153 1957 et
1185 1927 1368 1958 sanccitam
1396 1925 1564 1969 perpetuis
1593 1919 1796 1966 temporibus
1825 1917 2014 1965 possidere.

158 1988 276 2023 Omnia
305 1988 385 2022 Jura
415 1992 447 2021 et
475 1989 633 2027 seruicia,
663 1997 726 2031 que
755 1985 850 2020 nobis
881 1988 913 2019 in
942 1984 1060 2018 eodem
1096 1996 1156 2019 seu
1185 1984 1311 2019 eisdem
1346 1987 1548 2029 competunt,
1583 1985 1795 2028 preterquam
1830 1981 2018 2015 consuetu—

158 2049 283 2083 dinaria
313 2047 536 2083 claustralium
566 2051 599 2080 ut
627 2049 836 2091 premittitur,
868 2045 1067 2087 Quindecim
1096 2049 1206 2079 tamen
1234 2044 1367 2078 Marcas
1395 2055 1518 2089 graues
1553 2043 1722 2076 annuatim
1753 2039 1849 2074 nobis
1878 2038 2017 2082 dandas,

158 2121 218 2156 pro
247 2110 399 2153 seruicijs
428 2110 528 2143 vnius
557 2107 738 2151 Dextrarij.
769 2107 853 2140 datis
883 2111 915 2140 et
945 2105 1132 2140 obseruatis
1162 2110 1299 2140 actenus
1328 2116 1389 2151 per
1417 2104 1578 2138 dictorum
1604 2101 1765 2135 bonorum
1787 2108 2018 2147 possessores,

159 2170 199 2204 ad
229 2172 424 2204 instanciam
454 2171 579 2202 amoris
609 2178 672 2213 que
693 2167 910 2201 dileccionem
932 2167 1102 2212 sepedicte
1131 2166 1305 2200 domicelle
1334 2170 1367 2199 et
1394 2165 1533 2199 siliarum
1561 2166 1749 2196 nostrarum
1778 2172 1818 2195 ac
1845 2161 2020 2207 potissime

159 2234 295 2276 propter
322 2229 431 2272 deum,
462 2228 502 2263 ad
530 2228 703 2263 vtilitatem
737 2232 768 2261 et
801 2227 995 2274 ampliorem
1030 2227 1229 2273 profectum,
1265 2229 1296 2260 ei
1331 2226 1387 2260 vel
1418 2228 1471 2259 ’015
1503 2222 1765 2268 dominabusque
1800 2220 1952 2268 prefatis,
1986 2220 2020 2253 in

160 2293 392 2336 prenominato
422 2289 574 2323 Claustro
603 2288 865 2323 Rathiworiensi
894 2287 1105 2333 degentibus,
1140 2292 1258 2321 tenore
1291 2288 1501 2332 presencium
1534 2283 1738 2326 relaxamus,
1772 2283 2020 2327 resignauimus

160 2350 301 2384 libenter
329 2355 361 2384 et
387 2350 568 2384 liberaliter
595 2352 817 2394 resignamus.
848 2348 1023 2391 Volentes,
1053 2352 1086 2382 ut
1115 2359 1251 2382 exnunc
1279 2350 1352 2393 ipsa
1379 2346 1466 2380 bona
1484 2346 1722 2390 prenominata.
1737 2341 1912 2389 possidere
1937 2351 2021 2387 per-

161 2415 261 2458 petuo
291 2410 433 2445 debeant
462 2410 601 2457 pacifice
630 2414 662 2443 et
690 2412 812 2455 quiete,
843 2420 905 2443 nec
935 2409 1070 2443 easdem
1099 2409 1218 2454 aliquis
1247 2411 1385 2442 racione
1409 2406 1569 2440 dictorum
1595 2403 1759 2438 honorum
1784 2405 1936 2448 inpetere
1955 2410 2020 2435 1100

162 2474 346 2517 inquietare
374 2471 598 2516 vlloumquam
627 2475 776 2516 tempore
805 2470 925 2504 audeat
953 2470 1007 2504 vel
1036 2474 1217 2516 presumat,
1248 2479 1323 2502 cum
1352 2464 1503 2501 omnibus
1531 2463 1665 2498 Juribus
1695 2468 1728 2498 et
1756 2461 1950 2498 vtilitatibus
1980 2471 2021 2495 ao

161 2530 378 2577 prouentibus
407 2534 486 2567 suis.
516 2534 699 2578 perpetuis,
729 2530 932 2577 temporibus
966 2529 1006 2563 ad
1041 2529 1163 2564 dictum
1199 2528 1438 2563 Monasterium
1474 2535 1534 2560 5011
1569 2525 1748 2559 claustrum
1782 2525 1952 2567 virginum
1986 2523 2021 2554 in

163 2591 349 2626 Rathowor
378 2591 632 2637 pertinentibus,
669 2595 788 2633 ratum,
824 2596 955 2635 gratum
988 2594 1020 2623 et
1048 2590 1279 2624 confirmatum
1308 2587 1478 2628 habentes,
1512 2585 1665 2619 volumus
1694 2588 1728 2618 et
1755 2583 1949 2618 affectamus
1978 2579 2020 2615 ab

164 2651 315 2686 omnibus
344 2651 579 2686 inviolabiliter
607 2651 791 2687 obseruari.
822 2651 858 2685 In
888 2654 981 2686 cuius
1016 2651 1078 2684 Rei
1109 2651 1347 2684 Testimonium
1382 2651 1558 2693 presentes
1593 2645 1734 2680 Litteras
1766 2643 1839 2677 fieri
1866 2642 2018 2684 fecimus,
