<?xml version="1.0" encoding="UTF-8"?>
<!DOCTYPE html PUBLIC "-//W3C//DTD XHTML 1.0 Transitional//EN"
    "http://www.w3.org/TR/xhtml1/DTD/xhtml1-transitional.dtd">
<html xmlns="http://www.w3.org/1999/xhtml" xml:lang="en" lang="en">
 <head>
  <title>
</title>
<meta http-equiv="Content-Type" content="text/html;charset=utf-8" />
  <meta name='ocr-system' content='tesseract 3.04.00' />
  <meta name='ocr-capabilities' content='ocr_page ocr_carea ocr_par ocr_line ocrx_word'/>
</head>
<body>
  <div class='ocr_page' id='page_1' title='image "./codexdiplomaticu07morauoft_0204.png"; bbox 0 0 2184 2828; ppageno 0'>
   <div class='ocr_carea' id='block_1_1' title="bbox 1052 123 1122 158">
    <p class='ocr_par' dir='ltr' id='par_1_1' title="bbox 1052 123 1122 158">
     <span class='ocr_line' id='line_1_1' title="bbox 1052 123 1122 158; baseline -0.014 0"><span class='ocrx_word' id='word_1_1' title='bbox 1052 123 1122 158; x_wconf 76' lang='lat'>146</span> 
     </span>
    </p>
   </div>
   <div class='ocr_carea' id='block_1_2' title="bbox 1040 240 1141 276">
    <p class='ocr_par' dir='ltr' id='par_1_2' title="bbox 1040 240 1141 276">
     <span class='ocr_line' id='line_1_2' title="bbox 1040 240 1141 276; baseline -0.02 0"><span class='ocrx_word' id='word_1_2' title='bbox 1040 240 1141 276; x_wconf 71' lang='lat' dir='ltr'>las.</span> 
     </span>
    </p>
   </div>
   <div class='ocr_carea' id='block_1_3' title="bbox 162 308 2006 414">
    <p class='ocr_par' dir='ltr' id='par_1_3' title="bbox 162 308 2006 414">
     <span class='ocr_line' id='line_1_3' title="bbox 164 308 2006 358; baseline -0.003 -11"><span class='ocrx_word' id='word_1_3' title='bbox 164 315 270 358; x_wconf 74' lang='lat' dir='ltr'>Papst</span> <span class='ocrx_word' id='word_1_4' title='bbox 288 313 452 347; x_wconf 76' lang='lat' dir='ltr'>Benedici</span> <span class='ocrx_word' id='word_1_5' title='bbox 471 312 550 346; x_wconf 77' lang='lat' dir='ltr'><em>XII.</em></span> <span class='ocrx_word' id='word_1_6' title='bbox 569 312 766 356; x_wconf 69' lang='lat' dir='ltr'>beanslray!</span> <span class='ocrx_word' id='word_1_7' title='bbox 788 311 849 344; x_wconf 83' lang='lat' dir='ltr'>den</span> <span class='ocrx_word' id='word_1_8' title='bbox 867 310 1016 354; x_wconf 80' lang='lat' dir='ltr'>Biseleof</span> <span class='ocrx_word' id='word_1_9' title='bbox 1031 322 1091 343; x_wconf 76' lang='lat' dir='ltr'>ron</span> <span class='ocrx_word' id='word_1_10' title='bbox 1111 309 1252 344; x_wconf 68' lang='lat' dir='ltr'>Olmatz.</span> <span class='ocrx_word' id='word_1_11' title='bbox 1276 310 1338 343; x_wconf 79' lang='lat' dir='ltr'>den</span> <span class='ocrx_word' id='word_1_12' title='bbox 1356 309 1801 344; x_wconf 69' lang='lat' dir='ltr'>Priesteram[scandidateu</span> <span class='ocrx_word' id='word_1_13' title='bbox 1818 308 2006 349; x_wconf 77' lang='lat' dir='ltr'><strong><em>Hermann,</em></strong></span> 
     </span>
     <span class='ocr_line' id='line_1_4' title="bbox 162 369 2006 414; baseline -0.003 -6"><span class='ocrx_word' id='word_1_14' title='bbox 162 374 255 408; x_wconf 68' lang='lat' dir='ltr'>Solen</span> <span class='ocrx_word' id='word_1_15' title='bbox 284 374 342 407; x_wconf 77' lang='lat' dir='ltr'>des</span> <span class='ocrx_word' id='word_1_16' title='bbox 356 373 492 407; x_wconf 75' lang='grc' dir='ltr'><em>,ΙοΙιτιηη</em></span> <span class='ocrx_word' id='word_1_17' title='bbox 526 384 586 405; x_wconf 76' lang='lat' dir='ltr'>ron</span> <span class='ocrx_word' id='word_1_18' title='bbox 619 371 752 414; x_wconf 60' lang='lat' dir='ltr'>Zm‘an,</span> <span class='ocrx_word' id='word_1_19' title='bbox 781 383 844 405; x_wconf 75' lang='lat' dir='ltr'>ron</span> <span class='ocrx_word' id='word_1_20' title='bbox 875 371 947 404; x_wconf 83' lang='lat' dir='ltr'>dem</span> <span class='ocrx_word' id='word_1_21' title='bbox 966 371 1190 404; x_wconf 74' lang='lat' dir='ltr'>Hiudernisse</span> <span class='ocrx_word' id='word_1_22' title='bbox 1217 370 1278 403; x_wconf 82' lang='lat' dir='ltr'>der</span> <span class='ocrx_word' id='word_1_23' title='bbox 1306 370 1522 404; x_wconf 72' lang='lat' dir='ltr'>uneheli&#39;clten</span> <span class='ocrx_word' id='word_1_24' title='bbox 1555 370 1683 404; x_wconf 78' lang='lat' dir='ltr'>Geburl</span> <span class='ocrx_word' id='word_1_25' title='bbox 1712 381 1753 403; x_wconf 66' lang='grc' dir='ltr'>εει</span> <span class='ocrx_word' id='word_1_26' title='bbox 1781 369 2006 414; x_wconf 70' lang='grc' dir='ltr'>(ἰίερεηείνεη.</span> 
     </span>
    </p>
   </div>
   <div class='ocr_carea' id='block_1_4' title="bbox 554 430 1619 475">
    <p class='ocr_par' dir='ltr' id='par_1_4' title="bbox 554 430 1619 475">
     <span class='ocr_line' id='line_1_5' title="bbox 554 430 1619 475; baseline -0.002 -9"><span class='ocrx_word' id='word_1_27' title='bbox 554 432 614 466; x_wconf 76' lang='grc' dir='ltr'>ΠΙ.</span> <span class='ocrx_word' id='word_1_28' title='bbox 644 432 813 466; x_wconf 73' lang='grc' dir='ltr'><em>Ατίηἰοηε</em></span> <span class='ocrx_word' id='word_1_29' title='bbox 841 431 920 465; x_wconf 72' lang='grc' dir='ltr'>ΧΓ.</span> <span class='ocrx_word' id='word_1_30' title='bbox 950 431 1097 465; x_wconf 75' lang='lat' dir='ltr'>Kalend.</span> <span class='ocrx_word' id='word_1_31' title='bbox 1127 430 1217 474; x_wconf 51' lang='lat' dir='ltr'>illaji</span> <span class='ocrx_word' id='word_1_32' title='bbox 1245 430 1326 473; x_wconf 82' lang='lat'><em>(17.</em></span> <span class='ocrx_word' id='word_1_33' title='bbox 1356 430 1477 475; x_wconf 74' lang='lat' dir='ltr'>April)</span> <span class='ocrx_word' id='word_1_34' title='bbox 1510 430 1619 465; x_wconf 70' lang='lat'><em>1338.</em></span> 
     </span>
    </p>
   </div>
   <div class='ocr_carea' id='block_1_5' title="bbox 160 510 2016 1599">
    <p class='ocr_par' dir='ltr' id='par_1_5' title="bbox 163 510 2011 635">
     <span class='ocr_line' id='line_1_6' title="bbox 316 510 2011 574; baseline -0.002 -12"><span class='ocrx_word' id='word_1_35' title='bbox 316 510 537 563; x_wconf 78' lang='lat' dir='ltr'><strong>Benedictus</strong></span> <span class='ocrx_word' id='word_1_36' title='bbox 558 527 745 574; x_wconf 85' lang='lat' dir='ltr'>Episcopus</span> <span class='ocrx_word' id='word_1_37' title='bbox 765 527 895 561; x_wconf 80' lang='lat' dir='ltr'>Servus</span> <span class='ocrx_word' id='word_1_38' title='bbox 915 526 1097 560; x_wconf 86' lang='lat' dir='ltr'>Servorum</span> <span class='ocrx_word' id='word_1_39' title='bbox 1124 525 1186 559; x_wconf 91' lang='lat' dir='ltr'>Dei</span> <span class='ocrx_word' id='word_1_40' title='bbox 1213 525 1404 560; x_wconf 80' lang='lat' dir='ltr'>Venerabili</span> <span class='ocrx_word' id='word_1_41' title='bbox 1430 525 1521 560; x_wconf 85' lang='lat' dir='ltr'>fratri</span> <span class='ocrx_word' id='word_1_42' title='bbox 1544 554 1550 560; x_wconf 93' lang='lat'><strong>.</strong></span> <span class='ocrx_word' id='word_1_43' title='bbox 1573 554 1578 560; x_wconf 96' lang='lat'>.</span> <span class='ocrx_word' id='word_1_44' title='bbox 1602 526 1769 572; x_wconf 82' lang='lat' dir='ltr'>Episcopo</span> <span class='ocrx_word' id='word_1_45' title='bbox 1796 525 2011 560; x_wconf 87' lang='lat' dir='ltr'>Olomucensi</span> 
     </span>
     <span class='ocr_line' id='line_1_7' title="bbox 163 587 941 635; baseline -0.004 -12"><span class='ocrx_word' id='word_1_46' title='bbox 163 590 311 623; x_wconf 76' lang='lat' dir='ltr'>Salutem</span> <span class='ocrx_word' id='word_1_47' title='bbox 342 594 373 623; x_wconf 89' lang='lat' dir='ltr'>et</span> <span class='ocrx_word' id='word_1_48' title='bbox 401 588 628 635; x_wconf 84' lang='lat' dir='ltr'>Apostolicam</span> <span class='ocrx_word' id='word_1_49' title='bbox 657 587 941 622; x_wconf 86' lang='lat' dir='ltr'>Benedictionem.</span> 
     </span>
    </p>

    <p class='ocr_par' dir='ltr' id='par_1_6' title="bbox 160 646 2016 1599">
     <span class='ocr_line' id='line_1_8' title="bbox 317 646 2012 695; baseline -0.002 -12"><span class='ocrx_word' id='word_1_50' title='bbox 317 650 520 684; x_wconf 82' lang='lat' dir='ltr'>Constitutus</span> <span class='ocrx_word' id='word_1_51' title='bbox 546 652 578 683; x_wconf 94' lang='lat' dir='ltr'>in</span> <span class='ocrx_word' id='word_1_52' title='bbox 604 650 771 695; x_wconf 81' lang='lat' dir='ltr'>presentia</span> <span class='ocrx_word' id='word_1_53' title='bbox 791 652 905 681; x_wconf 89' lang='lat' dir='ltr'>nostra</span> <span class='ocrx_word' id='word_1_54' title='bbox 925 647 1064 681; x_wconf 88' lang='lat' dir='ltr'>dilectus</span> <span class='ocrx_word' id='word_1_55' title='bbox 1095 646 1177 680; x_wconf 86' lang='lat' dir='ltr'>filius</span> <span class='ocrx_word' id='word_1_56' title='bbox 1197 646 1406 681; x_wconf 73' lang='lat' dir='ltr'>Hei-mannus</span> <span class='ocrx_word' id='word_1_57' title='bbox 1424 646 1583 682; x_wconf 88' lang='lat' dir='ltr'>Johannis</span> <span class='ocrx_word' id='word_1_58' title='bbox 1612 647 1652 681; x_wconf 88' lang='lat' dir='ltr'>de</span> <span class='ocrx_word' id='word_1_59' title='bbox 1681 647 1843 681; x_wconf 83' lang='lat' dir='ltr'>Czetzans</span> <span class='ocrx_word' id='word_1_60' title='bbox 1871 646 2012 681; x_wconf 85' lang='lat' dir='ltr'>scolaris</span> 
     </span>
     <span class='ocr_line' id='line_1_9' title="bbox 164 706 2011 754; baseline -0.003 -9"><span class='ocrx_word' id='word_1_61' title='bbox 164 715 217 745; x_wconf 89' lang='lat' dir='ltr'>tue</span> <span class='ocrx_word' id='word_1_62' title='bbox 246 710 392 744; x_wconf 90' lang='lat' dir='ltr'>diocesis</span> <span class='ocrx_word' id='word_1_63' title='bbox 420 709 517 744; x_wconf 88' lang='lat' dir='ltr'>nobis</span> <span class='ocrx_word' id='word_1_64' title='bbox 544 708 709 743; x_wconf 90' lang='lat' dir='ltr'>humiliter</span> <span class='ocrx_word' id='word_1_65' title='bbox 737 708 935 754; x_wconf 86' lang='lat' dir='ltr'>supplicavit</span> <span class='ocrx_word' id='word_1_66' title='bbox 962 712 998 742; x_wconf 94' lang='lat' dir='ltr'>ut</span> <span class='ocrx_word' id='word_1_67' title='bbox 1025 718 1098 741; x_wconf 90' lang='lat' dir='ltr'>cum</span> <span class='ocrx_word' id='word_1_68' title='bbox 1127 709 1212 753; x_wconf 82' lang='lat' dir='ltr'>ipso,</span> <span class='ocrx_word' id='word_1_69' title='bbox 1241 709 1294 753; x_wconf 88' lang='lat' dir='ltr'>qui</span> <span class='ocrx_word' id='word_1_70' title='bbox 1322 709 1407 742; x_wconf 89' lang='lat' dir='ltr'>sicut</span> <span class='ocrx_word' id='word_1_71' title='bbox 1433 711 1550 742; x_wconf 86' lang='lat' dir='ltr'>asserit</span> <span class='ocrx_word' id='word_1_72' title='bbox 1570 707 1691 742; x_wconf 81' lang='lat' dir='ltr'>ascribi</span> <span class='ocrx_word' id='word_1_73' title='bbox 1711 707 1878 741; x_wconf 80' lang='lat' dir='ltr'>desiderat</span> <span class='ocrx_word' id='word_1_74' title='bbox 1897 706 2011 742; x_wconf 83' lang='lat' dir='ltr'>militie</span> 
     </span>
     <span class='ocr_line' id='line_1_10' title="bbox 161 767 2011 817; baseline -0.002 -12"><span class='ocrx_word' id='word_1_75' title='bbox 161 771 307 805; x_wconf 88' lang='lat' dir='ltr'>clericali</span> <span class='ocrx_word' id='word_1_76' title='bbox 334 781 435 817; x_wconf 87' lang='lat' dir='ltr'>super</span> <span class='ocrx_word' id='word_1_77' title='bbox 464 769 596 804; x_wconf 87' lang='lat' dir='ltr'>defectu</span> <span class='ocrx_word' id='word_1_78' title='bbox 625 769 781 803; x_wconf 87' lang='lat' dir='ltr'>natalium</span> <span class='ocrx_word' id='word_1_79' title='bbox 810 779 907 814; x_wconf 87' lang='lat' dir='ltr'>quem</span> <span class='ocrx_word' id='word_1_80' title='bbox 934 771 1054 814; x_wconf 87' lang='lat' dir='ltr'>patitur</span> <span class='ocrx_word' id='word_1_81' title='bbox 1083 767 1123 801; x_wconf 87' lang='lat' dir='ltr'>de</span> <span class='ocrx_word' id='word_1_82' title='bbox 1151 767 1337 814; x_wconf 84' lang='lat' dir='ltr'>presbitero</span> <span class='ocrx_word' id='word_1_83' title='bbox 1365 771 1497 813; x_wconf 86' lang='lat' dir='ltr'>genitus</span> <span class='ocrx_word' id='word_1_84' title='bbox 1525 774 1556 803; x_wconf 86' lang='lat' dir='ltr'>et</span> <span class='ocrx_word' id='word_1_85' title='bbox 1585 769 1703 811; x_wconf 78' lang='lat' dir='ltr'>soluta,</span> <span class='ocrx_word' id='word_1_86' title='bbox 1724 767 1809 814; x_wconf 89' lang='lat' dir='ltr'>quod</span> <span class='ocrx_word' id='word_1_87' title='bbox 1826 767 2011 802; x_wconf 89' lang='lat' dir='ltr'>huiusmodi</span> 
     </span>
     <span class='ocr_line' id='line_1_11' title="bbox 161 828 2012 876; baseline -0.002 -10"><span class='ocrx_word' id='word_1_88' title='bbox 161 843 226 866; x_wconf 90' lang='lat' dir='ltr'>non</span> <span class='ocrx_word' id='word_1_89' title='bbox 255 831 408 865; x_wconf 88' lang='lat' dir='ltr'>obstante</span> <span class='ocrx_word' id='word_1_90' title='bbox 437 830 568 865; x_wconf 88' lang='lat' dir='ltr'>defectu</span> <span class='ocrx_word' id='word_1_91' title='bbox 596 832 699 876; x_wconf 89' lang='lat' dir='ltr'>possit</span> <span class='ocrx_word' id='word_1_92' title='bbox 727 829 767 862; x_wconf 88' lang='lat' dir='ltr'>ad</span> <span class='ocrx_word' id='word_1_93' title='bbox 796 839 911 863; x_wconf 89' lang='lat' dir='ltr'>omnes</span> <span class='ocrx_word' id='word_1_94' title='bbox 940 828 1074 863; x_wconf 85' lang='lat' dir='ltr'>ordines</span> <span class='ocrx_word' id='word_1_95' title='bbox 1100 831 1290 875; x_wconf 83' lang='lat' dir='ltr'>promoveri</span> <span class='ocrx_word' id='word_1_96' title='bbox 1318 833 1351 863; x_wconf 92' lang='lat' dir='ltr'>et</span> <span class='ocrx_word' id='word_1_97' title='bbox 1379 828 1574 864; x_wconf 85' lang='lat' dir='ltr'>beneficium</span> <span class='ocrx_word' id='word_1_98' title='bbox 1594 829 1860 863; x_wconf 85' lang='lat' dir='ltr'>ecclesiasticum</span> <span class='ocrx_word' id='word_1_99' title='bbox 1880 830 2012 862; x_wconf 88' lang='lat' dir='ltr'>etiamsi</span> 
     </span>
     <span class='ocr_line' id='line_1_12' title="bbox 161 888 2011 936; baseline -0.002 -10"><span class='ocrx_word' id='word_1_100' title='bbox 161 904 273 926; x_wconf 87' lang='lat' dir='ltr'>curam</span> <span class='ocrx_word' id='word_1_101' title='bbox 303 891 423 926; x_wconf 88' lang='lat' dir='ltr'>habeat</span> <span class='ocrx_word' id='word_1_102' title='bbox 458 894 641 925; x_wconf 88' lang='lat' dir='ltr'>animarum</span> <span class='ocrx_word' id='word_1_103' title='bbox 675 889 838 933; x_wconf 76' lang='lat' dir='ltr'>obtinere,</span> <span class='ocrx_word' id='word_1_104' title='bbox 874 889 1069 936; x_wconf 87' lang='lat' dir='ltr'>dispensare</span> <span class='ocrx_word' id='word_1_105' title='bbox 1104 889 1362 923; x_wconf 86' lang='lat' dir='ltr'>misericorditer</span> <span class='ocrx_word' id='word_1_106' title='bbox 1397 889 1621 935; x_wconf 85' lang='lat' dir='ltr'>dignaremur.</span> <span class='ocrx_word' id='word_1_107' title='bbox 1677 889 1758 923; x_wconf 89' lang='lat' dir='ltr'>Cum</span> <span class='ocrx_word' id='word_1_108' title='bbox 1788 892 1897 934; x_wconf 86' lang='lat' dir='ltr'>itaque</span> <span class='ocrx_word' id='word_1_109' title='bbox 1924 888 2011 922; x_wconf 87' lang='lat' dir='ltr'>idem</span> 
     </span>
     <span class='ocr_line' id='line_1_13' title="bbox 161 950 2012 998; baseline -0.002 -11"><span class='ocrx_word' id='word_1_110' title='bbox 161 953 374 987; x_wconf 87' lang='lat' dir='ltr'>Hermannus</span> <span class='ocrx_word' id='word_1_111' title='bbox 402 963 499 998; x_wconf 88' lang='lat' dir='ltr'>quem</span> <span class='ocrx_word' id='word_1_112' title='bbox 528 962 588 997; x_wconf 88' lang='lat' dir='ltr'>per</span> <span class='ocrx_word' id='word_1_113' title='bbox 613 955 725 985; x_wconf 91' lang='lat' dir='ltr'>certos</span> <span class='ocrx_word' id='word_1_114' title='bbox 747 953 998 985; x_wconf 79' lang='lat' dir='ltr'>examinatores</span> <span class='ocrx_word' id='word_1_115' title='bbox 1019 961 1118 996; x_wconf 86' lang='lat' dir='ltr'>super</span> <span class='ocrx_word' id='word_1_116' title='bbox 1138 950 1201 984; x_wconf 89' lang='lat' dir='ltr'>hoc</span> <span class='ocrx_word' id='word_1_117' title='bbox 1221 950 1393 996; x_wconf 88' lang='lat' dir='ltr'>deputatos</span> <span class='ocrx_word' id='word_1_118' title='bbox 1412 962 1430 984; x_wconf 91' lang='lat' dir='ltr'>a</span> <span class='ocrx_word' id='word_1_119' title='bbox 1451 950 1544 985; x_wconf 90' lang='lat' dir='ltr'>nobis</span> <span class='ocrx_word' id='word_1_120' title='bbox 1564 951 1604 985; x_wconf 89' lang='lat' dir='ltr'>de</span> <span class='ocrx_word' id='word_1_121' title='bbox 1625 951 1807 984; x_wconf 80' lang='lat' dir='ltr'>litteratura</span> <span class='ocrx_word' id='word_1_122' title='bbox 1826 951 2012 984; x_wconf 83' lang='lat' dir='ltr'>examinari</span> 
     </span>
     <span class='ocr_line' id='line_1_14' title="bbox 161 1009 2012 1057; baseline -0.002 -10"><span class='ocrx_word' id='word_1_123' title='bbox 161 1013 299 1047; x_wconf 88' lang='lat' dir='ltr'>fecimus</span> <span class='ocrx_word' id='word_1_124' title='bbox 328 1012 512 1057; x_wconf 79' lang='lat' dir='ltr'>diligenter,</span> <span class='ocrx_word' id='word_1_125' title='bbox 551 1014 708 1045; x_wconf 88' lang='lat' dir='ltr'>inventus</span> <span class='ocrx_word' id='word_1_126' title='bbox 743 1014 784 1045; x_wconf 87' lang='lat' dir='ltr'>sit</span> <span class='ocrx_word' id='word_1_127' title='bbox 817 1013 850 1045; x_wconf 90' lang='lat' dir='ltr'>in</span> <span class='ocrx_word' id='word_1_128' title='bbox 884 1011 938 1045; x_wconf 80' lang='lat' dir='ltr'>illa</span> <span class='ocrx_word' id='word_1_129' title='bbox 973 1014 1216 1045; x_wconf 84' lang='lat' dir='ltr'>convenienter</span> <span class='ocrx_word' id='word_1_130' title='bbox 1249 1011 1401 1056; x_wconf 62' lang='lat' dir='ltr'>ydoneus</span> <span class='ocrx_word' id='word_1_131' title='bbox 1435 1011 1475 1045; x_wconf 90' lang='lat' dir='ltr'>ad</span> <span class='ocrx_word' id='word_1_132' title='bbox 1512 1011 1777 1045; x_wconf 87' lang='lat' dir='ltr'>ecclesiasticum</span> <span class='ocrx_word' id='word_1_133' title='bbox 1814 1009 2012 1044; x_wconf 80' lang='lat' dir='ltr'>beneficium</span> 
     </span>
     <span class='ocr_line' id='line_1_15' title="bbox 160 1070 2012 1117; baseline -0.002 -9"><span class='ocrx_word' id='word_1_134' title='bbox 160 1073 384 1116; x_wconf 72' lang='lat' dir='ltr'>obtinendum,</span> <span class='ocrx_word' id='word_1_135' title='bbox 415 1072 484 1106; x_wconf 76' lang='lat' dir='ltr'>Nos</span> <span class='ocrx_word' id='word_1_136' title='bbox 513 1072 554 1106; x_wconf 88' lang='lat' dir='ltr'>de</span> <span class='ocrx_word' id='word_1_137' title='bbox 582 1074 650 1106; x_wconf 82' lang='lat' dir='ltr'>vita</span> <span class='ocrx_word' id='word_1_138' title='bbox 679 1076 711 1105; x_wconf 92' lang='lat' dir='ltr'>et</span> <span class='ocrx_word' id='word_1_139' title='bbox 740 1074 998 1105; x_wconf 86' lang='lat' dir='ltr'>conversatione</span> <span class='ocrx_word' id='word_1_140' title='bbox 1027 1074 1131 1117; x_wconf 89' lang='lat' dir='ltr'>ipsius</span> <span class='ocrx_word' id='word_1_141' title='bbox 1157 1071 1340 1105; x_wconf 88' lang='lat' dir='ltr'>Hermanni</span> <span class='ocrx_word' id='word_1_142' title='bbox 1368 1074 1512 1106; x_wconf 84' lang='lat' dir='ltr'>notitiam</span> <span class='ocrx_word' id='word_1_143' title='bbox 1541 1083 1608 1106; x_wconf 89' lang='lat' dir='ltr'>non</span> <span class='ocrx_word' id='word_1_144' title='bbox 1629 1071 1788 1106; x_wconf 88' lang='lat' dir='ltr'>hahentes</span> <span class='ocrx_word' id='word_1_145' title='bbox 1817 1070 2012 1105; x_wconf 80' lang='lat' dir='ltr'>fraternitati</span> 
     </span>
     <span class='ocr_line' id='line_1_16' title="bbox 164 1131 2012 1179; baseline -0.002 -11"><span class='ocrx_word' id='word_1_146' title='bbox 164 1139 219 1169; x_wconf 87' lang='lat' dir='ltr'>tue</span> <span class='ocrx_word' id='word_1_147' title='bbox 248 1134 288 1167; x_wconf 91' lang='lat' dir='ltr'>de</span> <span class='ocrx_word' id='word_1_148' title='bbox 316 1145 378 1179; x_wconf 88' lang='lat' dir='ltr'>qua</span> <span class='ocrx_word' id='word_1_149' title='bbox 408 1134 538 1179; x_wconf 83' lang='lat' dir='ltr'>plenam</span> <span class='ocrx_word' id='word_1_150' title='bbox 567 1136 599 1166; x_wconf 94' lang='lat' dir='ltr'>in</span> <span class='ocrx_word' id='word_1_151' title='bbox 629 1132 771 1167; x_wconf 87' lang='lat' dir='ltr'>Domino</span> <span class='ocrx_word' id='word_1_152' title='bbox 799 1131 951 1166; x_wconf 86' lang='lat' dir='ltr'>fiduciam</span> <span class='ocrx_word' id='word_1_153' title='bbox 981 1131 1177 1171; x_wconf 72' lang='lat' dir='ltr'>obtinemus,</span> <span class='ocrx_word' id='word_1_154' title='bbox 1207 1143 1267 1178; x_wconf 89' lang='lat' dir='ltr'>per</span> <span class='ocrx_word' id='word_1_155' title='bbox 1294 1132 1474 1178; x_wconf 88' lang='lat' dir='ltr'>apostolica</span> <span class='ocrx_word' id='word_1_156' title='bbox 1494 1135 1616 1178; x_wconf 86' lang='lat' dir='ltr'>scripta</span> <span class='ocrx_word' id='word_1_157' title='bbox 1637 1132 1831 1166; x_wconf 86' lang='lat' dir='ltr'>mandamus</span> <span class='ocrx_word' id='word_1_158' title='bbox 1859 1133 2012 1178; x_wconf 80' lang='lat' dir='ltr'>quatinus</span> 
     </span>
     <span class='ocr_line' id='line_1_17' title="bbox 163 1191 2016 1239; baseline -0.002 -10"><span class='ocrx_word' id='word_1_159' title='bbox 163 1194 383 1229; x_wconf 87' lang='lat' dir='ltr'>consideratis</span> <span class='ocrx_word' id='word_1_160' title='bbox 403 1194 580 1238; x_wconf 80' lang='lat' dir='ltr'>diligenter</span> <span class='ocrx_word' id='word_1_161' title='bbox 599 1195 854 1227; x_wconf 87' lang='lat' dir='ltr'>circumstantiis</span> <span class='ocrx_word' id='word_1_162' title='bbox 873 1195 1052 1235; x_wconf 67' lang='lat' dir='ltr'>universis,</span> <span class='ocrx_word' id='word_1_163' title='bbox 1074 1204 1137 1238; x_wconf 87' lang='lat' dir='ltr'>que</span> <span class='ocrx_word' id='word_1_164' title='bbox 1157 1195 1246 1226; x_wconf 81' lang='lat' dir='ltr'>circa</span> <span class='ocrx_word' id='word_1_165' title='bbox 1268 1193 1490 1239; x_wconf 66' lang='lat' dir='ltr'>ydoneitatem</span> <span class='ocrx_word' id='word_1_166' title='bbox 1510 1203 1654 1239; x_wconf 87' lang='lat' dir='ltr'>persone</span> <span class='ocrx_word' id='word_1_167' title='bbox 1674 1192 1795 1226; x_wconf 86' lang='lat' dir='ltr'>fuerint</span> <span class='ocrx_word' id='word_1_168' title='bbox 1815 1191 2016 1226; x_wconf 70' lang='lat' dir='ltr'>attendendo</span> 
     </span>
     <span class='ocr_line' id='line_1_18' title="bbox 164 1252 2015 1299; baseline -0.002 -10"><span class='ocrx_word' id='word_1_169' title='bbox 164 1258 191 1290; x_wconf 90' lang='lat' dir='ltr'>si</span> <span class='ocrx_word' id='word_1_170' title='bbox 220 1255 325 1289; x_wconf 86' lang='lat' dir='ltr'>dictus</span> <span class='ocrx_word' id='word_1_171' title='bbox 344 1254 556 1289; x_wconf 86' lang='lat' dir='ltr'>Hermannus</span> <span class='ocrx_word' id='word_1_172' title='bbox 586 1254 668 1288; x_wconf 85' lang='lat' dir='ltr'>alias</span> <span class='ocrx_word' id='word_1_173' title='bbox 697 1256 737 1288; x_wconf 88' lang='lat' dir='ltr'>sit</span> <span class='ocrx_word' id='word_1_174' title='bbox 766 1253 931 1299; x_wconf 65' lang='lat' dir='ltr'>ydoneus,</span> <span class='ocrx_word' id='word_1_175' title='bbox 961 1264 1023 1287; x_wconf 85' lang='lat' dir='ltr'>nec</span> <span class='ocrx_word' id='word_1_176' title='bbox 1053 1256 1094 1287; x_wconf 88' lang='lat' dir='ltr'>sit</span> <span class='ocrx_word' id='word_1_177' title='bbox 1121 1257 1260 1299; x_wconf 85' lang='lat' dir='ltr'>paterne</span> <span class='ocrx_word' id='word_1_178' title='bbox 1288 1256 1523 1288; x_wconf 86' lang='lat' dir='ltr'>incontinentie</span> <span class='ocrx_word' id='word_1_179' title='bbox 1552 1256 1704 1296; x_wconf 69' lang='lat' dir='ltr'>imitator,</span> <span class='ocrx_word' id='word_1_180' title='bbox 1725 1252 1783 1287; x_wconf 89' lang='lat' dir='ltr'>sed</span> <span class='ocrx_word' id='word_1_181' title='bbox 1812 1252 1899 1287; x_wconf 87' lang='lat' dir='ltr'>bone</span> <span class='ocrx_word' id='word_1_182' title='bbox 1927 1263 2015 1286; x_wconf 87' lang='lat' dir='ltr'>con-</span> 
     </span>
     <span class='ocr_line' id='line_1_19' title="bbox 164 1312 2014 1361; baseline -0.001 -12"><span class='ocrx_word' id='word_1_183' title='bbox 164 1318 365 1350; x_wconf 79' lang='lat' dir='ltr'>versationis</span> <span class='ocrx_word' id='word_1_184' title='bbox 381 1319 412 1349; x_wconf 89' lang='lat' dir='ltr'>et</span> <span class='ocrx_word' id='word_1_185' title='bbox 428 1317 507 1358; x_wconf 77' lang='lat' dir='ltr'>vite,</span> <span class='ocrx_word' id='word_1_186' title='bbox 525 1314 632 1361; x_wconf 86' lang='lat' dir='ltr'>aliqua</span> <span class='ocrx_word' id='word_1_187' title='bbox 649 1313 711 1348; x_wconf 90' lang='lat' dir='ltr'>sibi</span> <span class='ocrx_word' id='word_1_188' title='bbox 726 1316 840 1348; x_wconf 86' lang='lat' dir='ltr'>merita</span> <span class='ocrx_word' id='word_1_189' title='bbox 857 1314 1080 1358; x_wconf 79' lang='lat' dir='ltr'>suffragentur</span> <span class='ocrx_word' id='word_1_190' title='bbox 1097 1313 1135 1347; x_wconf 84' lang='lat' dir='ltr'>ad</span> <span class='ocrx_word' id='word_1_191' title='bbox 1153 1313 1337 1348; x_wconf 85' lang='lat' dir='ltr'>huiusmodi</span> <span class='ocrx_word' id='word_1_192' title='bbox 1355 1313 1610 1360; x_wconf 83' lang='lat' dir='ltr'>dispensationis</span> <span class='ocrx_word' id='word_1_193' title='bbox 1631 1317 1771 1358; x_wconf 69' lang='lat' dir='ltr'>gratiam</span> <span class='ocrx_word' id='word_1_194' title='bbox 1792 1312 2014 1356; x_wconf 86' lang='lat' dir='ltr'>obtinendam,</span> 
     </span>
     <span class='ocr_line' id='line_1_20' title="bbox 162 1374 2016 1422; baseline -0.001 -12"><span class='ocrx_word' id='word_1_195' title='bbox 162 1387 278 1411; x_wconf 88' lang='lat' dir='ltr'>secum</span> <span class='ocrx_word' id='word_1_196' title='bbox 308 1387 409 1422; x_wconf 88' lang='lat' dir='ltr'>super</span> <span class='ocrx_word' id='word_1_197' title='bbox 437 1378 606 1422; x_wconf 87' lang='lat' dir='ltr'>premissis</span> <span class='ocrx_word' id='word_1_198' title='bbox 635 1378 829 1409; x_wconf 81' lang='lat' dir='ltr'>auctoritate</span> <span class='ocrx_word' id='word_1_199' title='bbox 859 1379 971 1408; x_wconf 84' lang='lat' dir='ltr'>nostra</span> <span class='ocrx_word' id='word_1_200' title='bbox 1001 1374 1186 1420; x_wconf 69' lang='lat' dir='ltr'>dispenscS,</span> <span class='ocrx_word' id='word_1_201' title='bbox 1215 1379 1309 1420; x_wconf 85' lang='lat' dir='ltr'>prout</span> <span class='ocrx_word' id='word_1_202' title='bbox 1334 1375 1514 1408; x_wconf 89' lang='lat' dir='ltr'>secundum</span> <span class='ocrx_word' id='word_1_203' title='bbox 1544 1375 1661 1411; x_wconf 74' lang='lat' dir='ltr'>Deum.</span> <span class='ocrx_word' id='word_1_204' title='bbox 1693 1377 1801 1408; x_wconf 85' lang='lat' dir='ltr'>anime</span> <span class='ocrx_word' id='word_1_205' title='bbox 1830 1385 1889 1408; x_wconf 88' lang='lat' dir='ltr'>sue</span> <span class='ocrx_word' id='word_1_206' title='bbox 1919 1374 2016 1408; x_wconf 83' lang='lat' dir='ltr'>saluti</span> 
     </span>
     <span class='ocr_line' id='line_1_21' title="bbox 163 1435 2016 1483; baseline -0.002 -12"><span class='ocrx_word' id='word_1_207' title='bbox 163 1437 287 1471; x_wconf 78' lang='lat' dir='ltr'>videris</span> <span class='ocrx_word' id='word_1_208' title='bbox 318 1436 491 1483; x_wconf 83' lang='lat' dir='ltr'>expedire.</span> <span class='ocrx_word' id='word_1_209' title='bbox 512 1435 632 1470; x_wconf 83' lang='lat' dir='ltr'>Nostre</span> <span class='ocrx_word' id='word_1_210' title='bbox 654 1440 763 1469; x_wconf 82' lang='lat' dir='ltr'>tamen</span> <span class='ocrx_word' id='word_1_211' title='bbox 785 1438 974 1469; x_wconf 84' lang='lat' dir='ltr'>intentionis</span> <span class='ocrx_word' id='word_1_212' title='bbox 996 1438 1119 1477; x_wconf 57' lang='lat' dir='ltr'>existih</span> <span class='ocrx_word' id='word_1_213' title='bbox 1141 1435 1226 1480; x_wconf 83' lang='lat' dir='ltr'>quod</span> <span class='ocrx_word' id='word_1_214' title='bbox 1248 1436 1352 1469; x_wconf 89' lang='lat' dir='ltr'>dictus</span> <span class='ocrx_word' id='word_1_215' title='bbox 1373 1435 1581 1469; x_wconf 85' lang='lat' dir='ltr'>Hcrmannus</span> <span class='ocrx_word' id='word_1_216' title='bbox 1608 1438 1727 1479; x_wconf 68' lang='lat' dir='ltr'>vigore</span> <span class='ocrx_word' id='word_1_217' title='bbox 1757 1435 2016 1481; x_wconf 85' lang='lat' dir='ltr'>dispensationis</span> 
     </span>
     <span class='ocr_line' id='line_1_22' title="bbox 163 1493 2015 1542; baseline -0.001 -11"><span class='ocrx_word' id='word_1_218' title='bbox 163 1497 349 1531; x_wconf 88' lang='lat' dir='ltr'>huiusmodi</span> <span class='ocrx_word' id='word_1_219' title='bbox 378 1496 575 1531; x_wconf 83' lang='lat' dir='ltr'>beneficium</span> <span class='ocrx_word' id='word_1_220' title='bbox 610 1499 641 1530; x_wconf 91' lang='lat' dir='ltr'>in</span> <span class='ocrx_word' id='word_1_221' title='bbox 678 1496 867 1530; x_wconf 84' lang='lat' dir='ltr'>Catlicdrali</span> <span class='ocrx_word' id='word_1_222' title='bbox 901 1496 1042 1530; x_wconf 80' lang='lat' dir='ltr'>ecclesia</span> <span class='ocrx_word' id='word_1_223' title='bbox 1079 1500 1220 1542; x_wconf 84' lang='lat' dir='ltr'>nequeat</span> <span class='ocrx_word' id='word_1_224' title='bbox 1249 1496 1411 1530; x_wconf 88' lang='lat' dir='ltr'>obtincrc.</span> <span class='ocrx_word' id='word_1_225' title='bbox 1467 1496 1586 1530; x_wconf 83' lang='lat' dir='ltr'>Datum</span> <span class='ocrx_word' id='word_1_226' title='bbox 1625 1497 1795 1530; x_wconf 67' lang='lat' dir='ltr'>Aviiiione</span> <span class='ocrx_word' id='word_1_227' title='bbox 1831 1495 1905 1529; x_wconf 65' lang='grc' dir='ltr'>ΧΥ.</span> <span class='ocrx_word' id='word_1_228' title='bbox 1942 1493 2015 1529; x_wconf 84' lang='lat' dir='ltr'>Kal.</span> 
     </span>
     <span class='ocr_line' id='line_1_23' title="bbox 163 1557 539 1599; baseline -0.003 -7"><span class='ocrx_word' id='word_1_229' title='bbox 163 1558 242 1593; x_wconf 85' lang='lat' dir='ltr'>Maii</span> <span class='ocrx_word' id='word_1_230' title='bbox 271 1558 372 1592; x_wconf 83' lang='lat' dir='ltr'>Anno</span> <span class='ocrx_word' id='word_1_231' title='bbox 402 1557 539 1599; x_wconf 85' lang='lat' dir='ltr'>Quarto.</span> 
     </span>
    </p>
   </div>
   <div class='ocr_carea' id='block_1_6' title="bbox 473 1635 2016 1720">
    <p class='ocr_par' dir='ltr' id='par_1_7' title="bbox 473 1635 2016 1720">
     <span class='ocr_line' id='line_1_24' title="bbox 473 1635 2016 1671; baseline -0.001 -9"><span class='ocrx_word' id='word_1_232' title='bbox 473 1637 558 1669; x_wconf 72' lang='lat' dir='ltr'>(Nacli</span> <span class='ocrx_word' id='word_1_233' title='bbox 583 1636 641 1662; x_wconf 89' lang='lat' dir='ltr'>dem</span> <span class='ocrx_word' id='word_1_234' title='bbox 667 1636 741 1671; x_wconf 74' lang='lat' dir='ltr'>orig.</span> <span class='ocrx_word' id='word_1_235' title='bbox 768 1637 882 1669; x_wconf 70' lang='lat' dir='ltr'>Regeste</span> <span class='ocrx_word' id='word_1_236' title='bbox 915 1636 1016 1662; x_wconf 57' lang='lat' dir='ltr'>Palists</span> <span class='ocrx_word' id='word_1_237' title='bbox 1046 1636 1172 1662; x_wconf 73' lang='lat' dir='ltr'>Benedici</span> <span class='ocrx_word' id='word_1_238' title='bbox 1202 1636 1257 1662; x_wconf 75' lang='lat' dir='ltr'>xit.</span> <span class='ocrx_word' id='word_1_239' title='bbox 1283 1636 1356 1662; x_wconf 81' lang='lat' dir='ltr'>Jahr.</span> <span class='ocrx_word' id='word_1_240' title='bbox 1382 1636 1425 1662; x_wconf 70' lang='grc' dir='ltr'>ΙΥ.</span> <span class='ocrx_word' id='word_1_241' title='bbox 1451 1636 1497 1662; x_wconf 89' lang='lat' dir='ltr'>Th.</span> <span class='ocrx_word' id='word_1_242' title='bbox 1524 1636 1541 1661; x_wconf 89' lang='lat' dir='ltr'>l.</span> <span class='ocrx_word' id='word_1_243' title='bbox 1576 1636 1616 1661; x_wconf 71' lang='lat' dir='ltr'>nr.</span> <span class='ocrx_word' id='word_1_244' title='bbox 1643 1635 1713 1662; x_wconf 79' lang='lat'>2523.</span> <span class='ocrx_word' id='word_1_245' title='bbox 1746 1637 1778 1662; x_wconf 90' lang='lat' dir='ltr'>im</span> <span class='ocrx_word' id='word_1_246' title='bbox 1809 1635 2016 1661; x_wconf 71' lang='lat' dir='ltr'>Vnticanischen</span> 
     </span>
     <span class='ocr_line' id='line_1_25' title="bbox 578 1688 1567 1720; baseline -0.002 -5"><span class='ocrx_word' id='word_1_247' title='bbox 578 1689 693 1715; x_wconf 70' lang='lat' dir='ltr'>Areliive</span> <span class='ocrx_word' id='word_1_248' title='bbox 718 1698 748 1715; x_wconf 90' lang='lat' dir='ltr'>zu</span> <span class='ocrx_word' id='word_1_249' title='bbox 773 1689 846 1716; x_wconf 81' lang='lat' dir='ltr'>Rom.</span> <span class='ocrx_word' id='word_1_250' title='bbox 873 1689 968 1714; x_wconf 56' lang='lat' dir='ltr'>Vidim.</span> <span class='ocrx_word' id='word_1_251' title='bbox 995 1688 1133 1714; x_wconf 65' lang='lat' dir='ltr'>Abs-christ</span> <span class='ocrx_word' id='word_1_252' title='bbox 1157 1690 1190 1714; x_wconf 88' lang='lat' dir='ltr'>im</span> <span class='ocrx_word' id='word_1_253' title='bbox 1215 1698 1248 1715; x_wconf 92' lang='lat' dir='ltr'>m.</span> <span class='ocrx_word' id='word_1_254' title='bbox 1273 1692 1306 1715; x_wconf 84' lang='lat' dir='ltr'>st.</span> <span class='ocrx_word' id='word_1_255' title='bbox 1330 1689 1567 1720; x_wconf 68' lang='lat' dir='ltr'>Laudesarchive.)</span> 
     </span>
    </p>
   </div>
   <div class='ocr_carea' id='block_1_7' title="bbox 1044 1791 1146 1827">
    <p class='ocr_par' dir='ltr' id='par_1_8' title="bbox 1044 1791 1146 1827">
     <span class='ocr_line' id='line_1_26' title="bbox 1044 1791 1146 1827; baseline -0.01 0"><span class='ocrx_word' id='word_1_256' title='bbox 1044 1791 1146 1827; x_wconf 72' lang='lat'>199.</span> 
     </span>
    </p>
   </div>
   <div class='ocr_carea' id='block_1_8' title="bbox 165 1841 2020 2091">
    <p class='ocr_par' dir='ltr' id='par_1_9' title="bbox 165 1841 2020 2091">
     <span class='ocr_line' id='line_1_27' title="bbox 317 1841 2016 1901; baseline -0.002 -5"><span class='ocrx_word' id='word_1_257' title='bbox 317 1841 410 1896; x_wconf 82' lang='lat' dir='ltr'>Der</span> <span class='ocrx_word' id='word_1_258' title='bbox 430 1862 582 1896; x_wconf 78' lang='lat' dir='ltr'>Konvent</span> <span class='ocrx_word' id='word_1_259' title='bbox 605 1862 662 1896; x_wconf 87' lang='lat' dir='ltr'>des</span> <span class='ocrx_word' id='word_1_260' title='bbox 684 1861 970 1896; x_wconf 75' lang='lat' dir='ltr'>Nonnenkloslers</span> <span class='ocrx_word' id='word_1_261' title='bbox 991 1861 1042 1895; x_wconf 90' lang='lat' dir='ltr'>bei</span> <span class='ocrx_word' id='word_1_262' title='bbox 1063 1862 1110 1895; x_wconf 92' lang='lat' dir='ltr'>St.</span> <span class='ocrx_word' id='word_1_263' title='bbox 1136 1861 1244 1895; x_wconf 83' lang='lat' dir='ltr'>Jaknb</span> <span class='ocrx_word' id='word_1_264' title='bbox 1265 1865 1295 1895; x_wconf 92' lang='lat' dir='ltr'>in</span> <span class='ocrx_word' id='word_1_265' title='bbox 1317 1860 1445 1895; x_wconf 85' lang='lat' dir='ltr'>Olniiitz</span> <span class='ocrx_word' id='word_1_266' title='bbox 1474 1860 1630 1894; x_wconf 77' lang='lat' dir='ltr'>erklarct.</span> <span class='ocrx_word' id='word_1_267' title='bbox 1652 1860 1728 1894; x_wconf 84' lang='lat' dir='ltr'>dass</span> <span class='ocrx_word' id='word_1_268' title='bbox 1749 1859 1867 1894; x_wconf 84' lang='lat' dir='ltr'>Frater</span> <span class='ocrx_word' id='word_1_269' title='bbox 1892 1859 2016 1901; x_wconf 69' lang='lat' dir='ltr'>urban,</span> 
     </span>
     <span class='ocr_line' id='line_1_28' title="bbox 166 1919 2018 1969; baseline -0.002 -12"><span class='ocrx_word' id='word_1_270' title='bbox 166 1923 335 1969; x_wconf 79' lang='lat' dir='ltr'>Kapitulai·</span> <span class='ocrx_word' id='word_1_271' title='bbox 373 1922 431 1956; x_wconf 87' lang='lat' dir='ltr'>des</span> <span class='ocrx_word' id='word_1_272' title='bbox 468 1922 618 1957; x_wconf 79' lang='lat' dir='ltr'>Klosters</span> <span class='ocrx_word' id='word_1_273' title='bbox 656 1921 830 1965; x_wconf 64' lang='lat' dir='ltr'>llradiseli,</span> <span class='ocrx_word' id='word_1_274' title='bbox 870 1926 956 1956; x_wconf 86' lang='lat' dir='ltr'>zwei</span> <span class='ocrx_word' id='word_1_275' title='bbox 994 1922 1088 1956; x_wconf 83' lang='lat' dir='ltr'>Mark</span> <span class='ocrx_word' id='word_1_276' title='bbox 1119 1922 1306 1966; x_wconf 77' lang='lat' dir='ltr'>jalirliclien</span> <span class='ocrx_word' id='word_1_277' title='bbox 1344 1921 1462 1955; x_wconf 86' lang='lat' dir='ltr'>Zinses</span> <span class='ocrx_word' id='word_1_278' title='bbox 1498 1924 1527 1954; x_wconf 92' lang='lat' dir='ltr'>in</span> <span class='ocrx_word' id='word_1_279' title='bbox 1565 1920 1721 1955; x_wconf 82' lang='lat' dir='ltr'>Selautek</span> <span class='ocrx_word' id='word_1_280' title='bbox 1752 1920 1855 1954; x_wconf 82' lang='lat' dir='ltr'>ilireni</span> <span class='ocrx_word' id='word_1_281' title='bbox 1885 1919 2018 1954; x_wconf 84' lang='lat' dir='ltr'>Kloster</span> 
     </span>
     <span class='ocr_line' id='line_1_29' title="bbox 166 1981 2020 2028; baseline -0.001 -12"><span class='ocrx_word' id='word_1_282' title='bbox 166 1996 224 2017; x_wconf 75' lang='lat' dir='ltr'>zur</span> <span class='ocrx_word' id='word_1_283' title='bbox 252 1983 472 2028; x_wconf 74' lang='lat' dir='ltr'>Verilieilung</span> <span class='ocrx_word' id='word_1_284' title='bbox 500 1994 553 2017; x_wconf 83' lang='lat' dir='ltr'>ani</span> <span class='ocrx_word' id='word_1_285' title='bbox 582 1983 678 2028; x_wconf 85' lang='lat' dir='ltr'>Tage</span> <span class='ocrx_word' id='word_1_286' title='bbox 707 1986 800 2017; x_wconf 85' lang='lat' dir='ltr'>eines</span> <span class='ocrx_word' id='word_1_287' title='bbox 830 1984 1060 2017; x_wconf 66' lang='lat' dir='ltr'>Annix‘ersars</span> <span class='ocrx_word' id='word_1_288' title='bbox 1088 1983 1271 2027; x_wconf 75' lang='lat' dir='ltr'>gescliallet</span> <span class='ocrx_word' id='word_1_289' title='bbox 1299 1981 1394 2016; x_wconf 83' lang='lat' dir='ltr'>habe.</span> <span class='ocrx_word' id='word_1_290' title='bbox 1450 1981 1503 2015; x_wconf 86' lang='lat' dir='ltr'>Dt.</span> <span class='ocrx_word' id='word_1_291' title='bbox 1534 1981 1594 2015; x_wconf 76' lang='lat' dir='ltr'>sub</span> <span class='ocrx_word' id='word_1_292' title='bbox 1625 1981 1741 2026; x_wconf 73' lang='lat' dir='ltr'>Sigillo</span> <span class='ocrx_word' id='word_1_293' title='bbox 1770 1985 1957 2015; x_wconf 85' lang='lat' dir='ltr'>conventus</span> <span class='ocrx_word' id='word_1_294' title='bbox 1987 1984 2020 2014; x_wconf 88' lang='lat' dir='ltr'>et</span> 
     </span>
     <span class='ocr_line' id='line_1_30' title="bbox 165 2041 1764 2091; baseline -0.001 -14"><span class='ocrx_word' id='word_1_295' title='bbox 165 2045 338 2079; x_wconf 76' lang='lat' dir='ltr'>Sbornnis.</span> <span class='ocrx_word' id='word_1_296' title='bbox 370 2047 533 2091; x_wconf 74' lang='lat' dir='ltr'>praepositi</span> <span class='ocrx_word' id='word_1_297' title='bbox 564 2045 716 2078; x_wconf 54' lang='lat' dir='ltr'>ecclesia}</span> <span class='ocrx_word' id='word_1_298' title='bbox 746 2044 980 2078; x_wconf 76' lang='lat' dir='ltr'>olomucensis</span> <span class='ocrx_word' id='word_1_299' title='bbox 1010 2049 1041 2078; x_wconf 83' lang='lat' dir='ltr'>ct</span> <span class='ocrx_word' id='word_1_300' title='bbox 1070 2046 1260 2078; x_wconf 86' lang='lat' dir='ltr'>monasterii</span> <span class='ocrx_word' id='word_1_301' title='bbox 1289 2043 1344 2077; x_wconf 83' lang='grc' dir='ltr'>ΙΙΙ.</span> <span class='ocrx_word' id='word_1_302' title='bbox 1375 2042 1512 2076; x_wconf 82' lang='lat' dir='ltr'>Kalend.</span> <span class='ocrx_word' id='word_1_303' title='bbox 1544 2042 1621 2085; x_wconf 77' lang='lat' dir='ltr'>Maji</span> <span class='ocrx_word' id='word_1_304' title='bbox 1658 2041 1764 2076; x_wconf 76' lang='lat'>1338.</span> 
     </span>
    </p>
   </div>
   <div class='ocr_carea' id='block_1_9' title="bbox 474 2120 1800 2156">
    <p class='ocr_par' dir='ltr' id='par_1_10' title="bbox 474 2120 1800 2156">
     <span class='ocr_line' id='line_1_31' title="bbox 474 2120 1800 2156; baseline -0.004 -5"><span class='ocrx_word' id='word_1_305' title='bbox 474 2125 544 2151; x_wconf 76' lang='lat' dir='ltr'>(Ans</span> <span class='ocrx_word' id='word_1_306' title='bbox 569 2124 627 2149; x_wconf 79' lang='lat' dir='ltr'>dem</span> <span class='ocrx_word' id='word_1_307' title='bbox 653 2124 727 2156; x_wconf 72' lang='lat' dir='ltr'>(lrig,</span> <span class='ocrx_word' id='word_1_308' title='bbox 754 2125 786 2148; x_wconf 81' lang='lat' dir='ltr'>iin</span> <span class='ocrx_word' id='word_1_309' title='bbox 813 2124 927 2149; x_wconf 60' lang='lat' dir='ltr'>Arrius-e</span> <span class='ocrx_word' id='word_1_310' title='bbox 953 2124 1001 2149; x_wconf 69' lang='lat' dir='ltr'>iles</span> <span class='ocrx_word' id='word_1_311' title='bbox 1026 2123 1160 2150; x_wconf 75' lang='lat' dir='ltr'>Otmntzei·</span> <span class='ocrx_word' id='word_1_312' title='bbox 1183 2122 1363 2156; x_wconf 64' lang='lat' dir='ltr'>Domi-apitels</span> <span class='ocrx_word' id='word_1_313' title='bbox 1387 2125 1555 2147; x_wconf 70' lang='lat' dir='ltr'>cntnninincn</span> <span class='ocrx_word' id='word_1_314' title='bbox 1582 2121 1642 2147; x_wconf 71' lang='lat' dir='ltr'>Ant.</span> <span class='ocrx_word' id='word_1_315' title='bbox 1670 2120 1800 2151; x_wconf 61' lang='lat' dir='ltr'>Boi-mk.)</span> 
     </span>
    </p>
   </div>
   <div class='ocr_carea' id='block_1_10' title="bbox 170 2217 2016 2392">
    <p class='ocr_par' dir='ltr' id='par_1_11' title="bbox 170 2217 2016 2392">
     <span class='ocr_line' id='line_1_32' title="bbox 1045 2217 1151 2252; baseline -0.009 0"><span class='ocrx_word' id='word_1_316' title='bbox 1045 2217 1151 2252; x_wconf 74' lang='lat'>2⁰0.</span> 
     </span>
     <span class='ocr_line' id='line_1_33' title="bbox 171 2284 2016 2323; baseline -0.002 -3"><span class='ocrx_word' id='word_1_317' title='bbox 171 2287 242 2320; x_wconf 82' lang='lat' dir='ltr'>Der</span> <span class='ocrx_word' id='word_1_318' title='bbox 280 2288 434 2321; x_wconf 64' lang='lat' dir='ltr'>lsonrent</span> <span class='ocrx_word' id='word_1_319' title='bbox 473 2289 530 2321; x_wconf 75' lang='lat' dir='ltr'>des</span> <span class='ocrx_word' id='word_1_320' title='bbox 569 2287 862 2320; x_wconf 62' lang='lat' dir='ltr'>Nonnenlrloslers</span> <span class='ocrx_word' id='word_1_321' title='bbox 897 2287 953 2320; x_wconf 77' lang='lat' dir='ltr'>bei</span> <span class='ocrx_word' id='word_1_322' title='bbox 993 2288 1045 2321; x_wconf 79' lang='lat' dir='ltr'>St.</span> <span class='ocrx_word' id='word_1_323' title='bbox 1081 2286 1194 2320; x_wconf 78' lang='lat' dir='ltr'>Jalmb</span> <span class='ocrx_word' id='word_1_324' title='bbox 1237 2288 1270 2319; x_wconf 76' lang='lat' dir='ltr'>in</span> <span class='ocrx_word' id='word_1_325' title='bbox 1305 2285 1436 2318; x_wconf 52' lang='lat' dir='ltr'>Olmii-t:-</span> <span class='ocrx_word' id='word_1_326' title='bbox 1470 2284 1635 2318; x_wconf 65' lang='lat' dir='ltr'>ert-[aret.</span> <span class='ocrx_word' id='word_1_327' title='bbox 1672 2285 1751 2317; x_wconf 72' lang='lat' dir='ltr'>dass</span> <span class='ocrx_word' id='word_1_328' title='bbox 1791 2285 1849 2319; x_wconf 80' lang='lat' dir='ltr'>Fr.</span> <span class='ocrx_word' id='word_1_329' title='bbox 1890 2284 2016 2323; x_wconf 78' lang='lat' dir='ltr'>Urban,</span> 
     </span>
     <span class='ocr_line' id='line_1_34' title="bbox 170 2344 2016 2392; baseline -0.003 -11"><span class='ocrx_word' id='word_1_330' title='bbox 170 2348 355 2392; x_wconf 74' lang='lat' dir='ltr'>lsapitnlm·</span> <span class='ocrx_word' id='word_1_331' title='bbox 383 2350 441 2381; x_wconf 77' lang='lat' dir='ltr'>des</span> <span class='ocrx_word' id='word_1_332' title='bbox 471 2349 629 2382; x_wconf 75' lang='lat' dir='ltr'>Kloslers</span> <span class='ocrx_word' id='word_1_333' title='bbox 650 2347 834 2381; x_wconf 68' lang='lat' dir='ltr'>llrndisele.</span> <span class='ocrx_word' id='word_1_334' title='bbox 865 2348 935 2381; x_wconf 80' lang='lat' dir='ltr'>dem</span> <span class='ocrx_word' id='word_1_335' title='bbox 957 2347 1136 2382; x_wconf 78' lang='lat' dir='ltr'>Kourenle</span> <span class='ocrx_word' id='word_1_336' title='bbox 1161 2348 1272 2381; x_wconf 76' lang='lat' dir='ltr'>dieses</span> <span class='ocrx_word' id='word_1_337' title='bbox 1299 2347 1410 2379; x_wconf 69' lang='lat' dir='ltr'>seinos</span> <span class='ocrx_word' id='word_1_338' title='bbox 1431 2344 1590 2378; x_wconf 68' lang='lat' dir='ltr'>li‘losters</span> <span class='ocrx_word' id='word_1_339' title='bbox 1619 2346 1694 2378; x_wconf 79' lang='lat' dir='ltr'>eine</span> <span class='ocrx_word' id='word_1_340' title='bbox 1724 2345 1824 2379; x_wconf 79' lang='lat' dir='ltr'>lealbe</span> <span class='ocrx_word' id='word_1_341' title='bbox 1852 2356 1916 2379; x_wconf 74' lang='lat' dir='ltr'>con</span> <span class='ocrx_word' id='word_1_342' title='bbox 1945 2344 2016 2377; x_wconf 85' lang='lat' dir='ltr'>dem</span> 
     </span>
    </p>
   </div>
   <div class='ocr_carea' id='block_1_11' title="bbox 168 2404 2020 2514">
    <p class='ocr_par' dir='ltr' id='par_1_12' title="bbox 168 2404 2020 2514">
     <span class='ocr_line' id='line_1_35' title="bbox 168 2404 2020 2453; baseline -0.002 -12"><span class='ocrx_word' id='word_1_343' title='bbox 168 2412 430 2453; x_wconf 68' lang='lat' dir='ltr'>erstqeuameten</span> <span class='ocrx_word' id='word_1_344' title='bbox 477 2409 618 2442; x_wconf 77' lang='lat' dir='ltr'>Klosler</span> <span class='ocrx_word' id='word_1_345' title='bbox 662 2407 825 2452; x_wconf 70' lang='lat' dir='ltr'>(selsanfle</span> <span class='ocrx_word' id='word_1_346' title='bbox 867 2408 969 2442; x_wconf 70' lang='lat' dir='ltr'>Mark-</span> <span class='ocrx_word' id='word_1_347' title='bbox 1011 2408 1133 2442; x_wconf 74' lang='lat' dir='ltr'>Zinses</span> <span class='ocrx_word' id='word_1_348' title='bbox 1167 2406 1337 2441; x_wconf 72' lang='lat' dir='ltr'>rer-maele!</span> <span class='ocrx_word' id='word_1_349' title='bbox 1373 2404 1470 2438; x_wconf 76' lang='lat' dir='ltr'>liahe.</span> <span class='ocrx_word' id='word_1_350' title='bbox 1530 2405 1586 2438; x_wconf 79' lang='grc' dir='ltr'>ΠΙ.</span> <span class='ocrx_word' id='word_1_351' title='bbox 1630 2405 1695 2439; x_wconf 93' lang='grc' dir='ltr'><em>ΙΙΙ.</em></span> <span class='ocrx_word' id='word_1_352' title='bbox 1745 2406 1888 2440; x_wconf 71' lang='grc' dir='ltr'><em>ΙιάΙεηᾶ.</em></span> <span class='ocrx_word' id='word_1_353' title='bbox 1931 2404 2020 2448; x_wconf 74' lang='lat' dir='ltr'>Maji&#39;</span> 
     </span>
     <span class='ocr_line' id='line_1_36' title="bbox 905 2467 1284 2514; baseline -0.005 -11"><span class='ocrx_word' id='word_1_354' title='bbox 905 2469 986 2508; x_wconf 79' lang='lat'><em>(29.</em></span> <span class='ocrx_word' id='word_1_355' title='bbox 1019 2469 1142 2514; x_wconf 70' lang='lat' dir='ltr'>April)</span> <span class='ocrx_word' id='word_1_356' title='bbox 1176 2467 1284 2502; x_wconf 62' lang='lat'><strong><em>1:338.</em></strong></span> 
     </span>
    </p>
   </div>
   <div class='ocr_carea' id='block_1_12' title="bbox 169 2526 2017 2652">
    <p class='ocr_par' dir='ltr' id='par_1_13' title="bbox 169 2526 2017 2652">
     <span class='ocr_line' id='line_1_37' title="bbox 329 2526 2016 2591; baseline -0.001 -12"><span class='ocrx_word' id='word_1_357' title='bbox 329 2526 371 2579; x_wconf 78' lang='lat' dir='ltr'>&#39;n</span> <span class='ocrx_word' id='word_1_358' title='bbox 403 2550 532 2580; x_wconf 80' lang='lat' dir='ltr'>nomine</span> <span class='ocrx_word' id='word_1_359' title='bbox 561 2547 681 2580; x_wconf 86' lang='lat' dir='ltr'>domini</span> <span class='ocrx_word' id='word_1_360' title='bbox 711 2558 818 2582; x_wconf 81' lang='lat' dir='ltr'>amen.</span> <span class='ocrx_word' id='word_1_361' title='bbox 850 2546 918 2581; x_wconf 77' lang='lat' dir='ltr'>Nos</span> <span class='ocrx_word' id='word_1_362' title='bbox 947 2546 1158 2591; x_wconf 81' lang='lat' dir='ltr'>Margaretlia</span> <span class='ocrx_word' id='word_1_363' title='bbox 1188 2548 1357 2591; x_wconf 79' lang='lat' dir='ltr'>magistra.</span> <span class='ocrx_word' id='word_1_364' title='bbox 1388 2542 1525 2589; x_wconf 61' lang='lat' dir='ltr'>denka</span> <span class='ocrx_word' id='word_1_365' title='bbox 1563 2547 1718 2589; x_wconf 83' lang='lat' dir='ltr'>priorissa</span> <span class='ocrx_word' id='word_1_366' title='bbox 1749 2549 1900 2588; x_wconf 84' lang='lat' dir='ltr'>totusque</span> <span class='ocrx_word' id='word_1_367' title='bbox 1928 2554 2016 2577; x_wconf 88' lang='lat' dir='ltr'>con-</span> 
     </span>
     <span class='ocr_line' id='line_1_38' title="bbox 169 2603 2017 2652; baseline -0.002 -11"><span class='ocrx_word' id='word_1_368' title='bbox 169 2612 288 2641; x_wconf 69' lang='lat' dir='ltr'>ventus</span> <span class='ocrx_word' id='word_1_369' title='bbox 324 2607 619 2640; x_wconf 82' lang='lat' dir='ltr'>sanctimonialium</span> <span class='ocrx_word' id='word_1_370' title='bbox 655 2609 845 2651; x_wconf 67' lang='lat' dir='ltr'>monasteri]</span> <span class='ocrx_word' id='word_1_371' title='bbox 885 2608 920 2641; x_wconf 90' lang='lat' dir='ltr'>S.</span> <span class='ocrx_word' id='word_1_372' title='bbox 957 2606 1073 2640; x_wconf 87' lang='lat' dir='ltr'>Jacobi</span> <span class='ocrx_word' id='word_1_373' title='bbox 1109 2606 1273 2652; x_wconf 74' lang='lat' dir='ltr'>Apostoli.</span> <span class='ocrx_word' id='word_1_374' title='bbox 1315 2608 1365 2638; x_wconf 85' lang='lat' dir='ltr'>siti</span> <span class='ocrx_word' id='word_1_375' title='bbox 1404 2607 1433 2638; x_wconf 90' lang='lat' dir='ltr'>in</span> <span class='ocrx_word' id='word_1_376' title='bbox 1473 2604 1626 2650; x_wconf 86' lang='lat' dir='ltr'>preurbio</span> <span class='ocrx_word' id='word_1_377' title='bbox 1665 2604 1879 2638; x_wconf 87' lang='lat' dir='ltr'>Olomuccnsi</span> <span class='ocrx_word' id='word_1_378' title='bbox 1917 2631 1924 2638; x_wconf 93' lang='lat'>.</span> <span class='ocrx_word' id='word_1_379' title='bbox 1965 2603 2017 2637; x_wconf 83' lang='lat' dir='ltr'>Ad</span> 
     </span>
    </p>
   </div>
  </div>
 </body>
</html>
