2184 2828
986 109 1058 144 615

98 232 194 263 situm
232 228 351 262 dudum
386 238 447 273 per
480 230 601 272 ipsum.
638 232 669 260 nt
704 226 892 272 przndicitur
926 231 1122 272 conceptum
1153 224 1193 258 de
1222 223 1391 258 fundando
1421 231 1453 259 et
1482 225 1706 260 construendo
1735 238 1775 260 ac
1804 227 1947 261 dotando

99 289 286 334 hujusmodi
320 288 393 322 loco
429 289 589 332 religioso
627 288 812 321 et'licaciter
839 287 1051 333 adimpleret„
1086 287 1203 330 legans
1233 290 1265 318 et
1292 286 1485 331 relinquens
1514 287 1625 320 villam
1653 286 1881 321 Lubodersicz
1909 300 1948 322 ac

97 356 207 385 certas
240 351 401 395 pecunias
436 360 495 394 pro
529 347 724 382 fundatione
756 353 786 381 et
816 348 983 382 dotatione
1012 347 1187 393 prsedictis.
1233 345 1306 386 Quo
1335 350 1532 381 testamento
1561 350 1609 381 sic
1638 359 1698 393 per
1726 350 1832 393 ipsum
1862 349 1948 382 facto

98 415 130 444 et
157 409 292 444 condito
322 409 480 455 praefatus
510 408 672 442 Nicolaus
703 412 734 442 in
765 408 899 442 Christo
928 420 1001 442 cum
1030 407 1180 454 patribus
1209 406 1423 440 ohdormivit.
1461 408 1690 442 Considerans
1719 413 1828 442 autem
1858 421 1950 454 prse-

101 471 206 505 dictus
235 469 342 504 frater
369 474 487 503 noster
516 472 699 516 episcopus
728 470 963 503 Olomucensis
994 469 1120 503 decens
1150 472 1183 501 et
1209 470 1417 501 meritorium
1451 467 1524 501 fore
1553 468 1785 503 defunctorum
1816 473 1889 515 pias
1919 475 1948 503 el

96 531 230 565 ultimas
257 531 452 564 voluntates
482 530 600 564 solerti
630 542 669 564 ac
691 530 842 569 ditm-enti
872 530 980 564 studio
1009 529 1194 574 adimpleri,
1224 528 1414 573 volensque
1444 529 1593 573 praedicti
1624 529 1789 575 quondam
1818 529 1946 564 Nic-olai

97 591 352 637 dispositionem
389 591 521 624 effectui
556 594 752 636 mancipare
788 594 889 637 petita
920 602 936 624 a
966 590 1063 624 nobis
1099 590 1231 623 licentia
1262 593 1293 622 et
1323 592 1520 622 auctoritate
1556 593 1706 635 primitus
1737 595 1768 624 et
1796 590 1945 629 obtentaq

96 655 336 686 monasterium
367 652 669 685 sanctimonialium
699 651 825 685 ordinis
855 663 880 684 s.
903 651 1076 684 Benedicti
1105 653 1137 683 in
1157 649 1298 696 quadam
1329 661 1407 683 area
1439 661 1498 683 seu
1530 651 1604 684 loco
1635 652 1751 696 plateae
1781 663 1840 685 seu
1869 655 1948 685 vico

98 712 290 746 Judzeorum
326 715 484 756 contiguo
519 716 551 745 et
587 714 700 745 vicino
734 714 767 745 in
805 711 890 745 dicta
920 715 1055 745 civitate
1084 711 1250 755 Pragensi
1279 713 1417 747 situatm
1453 715 1547 756 prout
1577 715 1677 744 etiam
1707 715 1779 757 ipse
1808 717 1949 746 testator

98 776 146 807 sic
176 773 247 807 fieri
276 773 475 806 decreverat
509 776 540 806 et
574 772 783 818 disposuerat
812 772 994 806 accedente
1030 772 1069 806 ad
1102 771 1165 805 hoc
1193 771 1298 805 felicis
1338 772 1580 805 recordationis
1617 773 1825 806 illustrissimi
1854 776 1950 818 prin-

99 836 182 880 cipis
211 833 374 879 quondam
405 833 527 866 domini
548 833 711 866 Jobannis
741 838 815 866 tune
838 833 982 867 Boemiae
1001 836 1092 878 regis
1112 835 1325 866 conniventia
1347 837 1377 865 et
1399 844 1581 867 consensu.
1612 833 1761 867 fundavit
1782 837 1949 867 constituit

97 899 130 928 et
157 897 266 928 erexit
294 896 448 927 institutis
470 896 502 927 in
530 904 570 927 eo
591 893 707 927 eadem
729 897 923 928 auctoritate
952 899 1063 928 nostra
1091 893 1151 927 sibi
1179 905 1239 939 per
1268 904 1330 926 nos
1360 896 1389 926 in
1421 893 1483 926 liae
1513 899 1606 939 parte
1635 894 1785 927 similiter
1805 899 1835 927 et
1865 905 1948 939 spe-

97 954 227 989 cialiter
254 954 370 988 tradita
400 958 431 987 et
459 964 635 987 concessa.
665 953 833 988 abbatissa
863 959 895 988 ct
924 953 1239 988 sanctimonialilms.
1270 965 1340 999 quze
1363 957 1391 987 in
1424 954 1510 987 dicto
1531 957 1734 987 monasterio
1755 954 1814 988 sub
1835 955 1949 999 regula

98 1020 131 1049 et
158 1016 306 1061 regulari
335 1014 446 1049 babitu
476 1015 622 1061 praedicti
653 1015 777 1049 ordinis
799 1026 824 1049 s
848 1015 1020 1049 Benedicti
1041 1017 1256 1061 omnipotenti
1277 1014 1338 1048 deo
1360 1014 1482 1048 devote
1511 1019 1542 1048 et
1568 1015 1733 1048 humiliter
1753 1015 1949 1049 famulantes

97 1075 244 1110 divinum
278 1075 421 1109 osticium
458 1075 608 1109 diurnum
645 1076 802 1109 vitlelicet
840 1080 873 1109 et
906 1080 1102 1109 nocturnum
1135 1075 1255 1109 debent
1291 1080 1321 1108 et
1362 1075 1505 1109 debeant
1543 1075 1724 1109 decantare
1766 1087 1804 1110 ac
1843 1076 1950 1109 eidem

97 1139 301 1170 monasterio
337 1139 369 1169 in
405 1136 492 1169 dicto
526 1136 637 1170 osticio
674 1137 851 1179 vigilanter
887 1141 918 1170 et
954 1137 1096 1170 fideliter
1123 1136 1307 1170 deservire.
1351 1135 1402 1170 Ne
1432 1141 1540 1170 autem
1571 1137 1710 1181 alicujus
1738 1139 1951 1170 necessitatis

97 1200 233 1231 occasio
268 1208 327 1231 seu
361 1196 511 1230 desectus
550 1197 779 1242 temporalium
809 1208 867 1230 eas
897 1198 1030 1231 desides
1058 1197 1184 1231 faceret
1212 1202 1267 1231 aut
1294 1197 1406 1231 robur.
1438 1197 1522 1242 quod
1554 1197 1650 1240 absit.
1680 1200 1950 1231 conversationis

99 1257 309 1303 infringeret,
339 1260 519 1303 praesertim
550 1268 624 1291 cum
653 1258 833 1303 spiritualia
862 1261 935 1291 sine
956 1258 1191 1304 temporalibus
1212 1269 1278 1292 non
1299 1258 1496 1300 subsislant3
1527 1258 1651 1292 idcirco
1671 1259 1828 1304 praefatus
1848 1258 1950 1292 frater

98 1323 215 1353 noster
252 1321 430 1364 episcopus
465 1317 714 1359 Olomucensis„
753 1323 917 1352 executor
951 1319 1116 1365 quondam
1151 1319 1279 1353 Nicolai
1316 1319 1463 1365 praedicti
1500 1319 1587 1353 bona
1622 1331 1681 1353 seu
1716 1319 1812 1353 villas
1842 1319 1951 1352 infra-

99 1382 241 1426 scriptas
271 1379 429 1413 videlicet
458 1372 704 1421 Lul)odersiez‚
741 1391 813 1426 qua>
843 1391 902 1425 per
932 1379 1052 1413 dietum
1082 1384 1272 1414 testatorem
1302 1391 1363 1425 pro
1393 1380 1581 1424 hujusmodi
1610 1380 1806 1414 fundatione
1835 1380 1950 1413 relicta

97 1440 221 1483 suerat,
258 1444 290 1473 ut
319 1440 493 1486 przefertur
521 1444 553 1473 et
581 1439 742 1481 thssud,
780 1452 875 1486 quam
912 1440 1020 1474 dietus
1057 1439 1207 1474 dominus
1243 1443 1422 1487 episcopus
1453 1441 1684 1474 Olomucensis
1722 1452 1780 1487 pro
1810 1443 1951 1487 pecunia

98 1500 174 1534 dicti
210 1503 375 1534 testatoris
413 1502 490 1534 emit
525 1504 557 1534 et
591 1512 651 1546 pro
687 1500 803 1533 eodem
841 1503 1043 1533 monasterio
1078 1504 1283 1546 comparavit
1318 1512 1377 1546 pro
1411 1503 1656 1535 sustentatione
1686 1506 1718 1535 et
1746 1513 1806 1535 usu
1837 1513 1876 1534 ac
1907 1501 1947 1534 ad

97 1547 180 1607 opus
210 1561 371 1595 dictarum
402 1561 529 1595 scilicet
558 1561 734 1594 abbatis-sm
763 1566 795 1594 et
825 1561 1015 1594 monialium
1043 1572 1117 1594 cum
1147 1561 1298 1595 omnibus
1318 1564 1527 1607 pertinentiis
1558 1562 1739 1596 earundem
1769 1566 1951 1595 memorato

97 1625 302 1656 monasterio
327 1623 402 1666 jure
436 1625 647 1667 proprietatis
675 1631 741 1667 per
776 1625 881 1668 ipsum
917 1625 1153 1655 monasterium
1186 1625 1355 1668 perpetuis
1390 1622 1594 1668 temporibus
1627 1623 1846 1669 possidendas
1874 1625 1950 1656 vice

97 1687 129 1717 et
157 1685 291 1717 nomine
321 1683 396 1717 dicti
426 1685 596 1716 testatoris
626 1683 767 1716 tradidit.
799 1683 935 1716 contulit
965 1687 997 1716 et
1024 1683 1173 1716 donavit.
1204 1682 1403 1717 Procul-avit
1431 1687 1527 1717 etiam
1549 1683 1654 1717 dictus
1676 1684 1828 1716 dominus
1857 1686 1951 1728 epis-

99 1754 204 1790 copus
232 1748 344 1777 certos
373 1748 405 1777 et
433 1755 563 1777 annuos
592 1744 738 1777 redditus
768 1744 838 1776 l'ere
867 1746 1105 1788 quinquaginta
1135 1754 1383 1788 sexagenarum
1421 1756 1479 1790 per
1508 1744 1657 1778 l1a=redes
1687 1749 1719 1777 et
1747 1749 1950 1777 executores

97 1804 261 1850 quondam
282 1803 445 1851 Meynlini
474 1804 588 1838 fratris
618 1804 694 1837 dicti
716 1804 844 1838 Nicolai
874 1806 1052 1846 testatoriS,
1082 1814 1166 1848 quos
1186 1804 1270 1838 ide-m
1291 1804 1484 1850 Meynliuus
1513 1808 1545 1839 in
1567 1810 1671 1839 morte
1691 1816 1750 1838 sua
1771 1805 1950 1848 reliquerat

100 1869 133 1898 et
160 1867 192 1898 in
222 1867 293 1911 pios
322 1876 403 1899 usus
432 1876 493 1911 pro
523 1876 657 1899 suorum
688 1865 836 1899 remedio
865 1869 1080 1911 pcccatorum
1111 1868 1263 1899 converti
1289 1867 1449 1910 jusserat,
1479 1866 1641 1900 mandans
1663 1868 1755 1911 ipsos
1777 1865 1874 1899 alicui
1896 1867 1949 1910 pio

99 1929 132 1958 et
161 1926 320 1969 religioso
355 1926 431 1959 loco
470 1937 531 1960 seu
560 1926 714 1960 coenobio
744 1926 900 1971 applicari
935 1927 1173 1972 przenominato
1203 1929 1406 1960 monasterio
1442 1931 1611 1973 perpetuae
1641 1926 1828 1960 donationis
1858 1925 1950 1958 titulo

101 1996 141 2019 ac
168 1986 281 2021 usibus
310 1991 343 2021 et
371 1990 614 2021 sustentatione
644 1987 805 2020 dictarum
837 1986 1011 2020 abbatissa}
1045 1991 1077 2020 et
1104 1987 1315 2031 monialium,
1345 1992 1377 2021 ut
1406 1987 1611 2033 przedicitur,
1648 1998 1718 2032 quse
1753 1997 1840 2020 nunc
1876 1990 1950 2020 sunt

100 2050 131 2079 et
159 2057 229 2091 quae
258 2058 316 2092 pro
345 2052 495 2093 tempore
524 2048 647 2082 suerint
675 2050 842 2092 assignari
871 2059 931 2093 per
960 2051 1049 2093 ipsas
1080 2051 1111 2080 et
1141 2047 1263 2080 dictum
1293 2051 1529 2082 monasterium
1557 2050 1726 2094 perpetuis
1748 2046 1950 2092 temporibus

101 2107 252 2140 similiter
279 2108 500 2153 possidendos
530 2113 563 2142 et
592 2109 767 2142 tenendos.
825 2108 909 2142 Sunt
937 2111 1034 2142 ctiam
1066 2108 1173 2142 adhuc
1203 2113 1302 2142 certae
1337 2112 1487 2154 peeuuiae
1517 2121 1577 2155 per
1605 2109 1725 2142 dietum
1755 2112 1947 2141 testatorem

100 2166 258 2200 videlicet
285 2166 454 2202 Nicolaum
484 2169 619 2212 retictae,
648 2181 708 2216 pro
738 2168 856 2214 quibus
886 2168 1009 2202 debent
1036 2170 1184 2213 majores
1205 2173 1237 2202 et
1257 2169 1435 2216 ampliores
1464 2169 1611 2203 redditus
1632 2180 1691 2214 pro
1713 2168 1798 2202 dicto
1827 2179 1949 2202 mona-

101 2229 205 2261 sterio
234 2231 267 2260 et
294 2228 453 2276 dictarum
482 2230 673 2264 monialium
703 2230 818 2264 usibus
847 2232 1048 2275 comparari.
1080 2230 1172 2263 Sane
1201 2229 1319 2263 volens
1348 2235 1379 2264 et
1407 2233 1547 2276 cupiens
1576 2228 1766 2276 pra›tit›atus
1796 2229 1947 2263 dominus

100 2291 279 2333 episcopus
314 2287 544 2324 Olomucensis
579 2290 782 2325 fundationis
818 2291 894 2324 dicti
930 2293 1123 2324 monasterii
1163 2292 1370 2336 participium
1407 2292 1559 2325 obtinere
1602 2301 1640 2323 ac
1676 2300 1735 2335 pro
1770 2289 1946 2324 fundatore

101 2351 205 2394 ipsius
236 2359 374 2381 {utacum
404 2350 490 2383 dicto
512 2355 669 2386 testatore
689 2355 835 2397 reputari
866 2356 897 2385 et
926 2353 1058 2384 censeri
1079 2353 1204 2384 curiam
1226 2361 1333 2394 suam,
1362 2363 1458 2396 quam
1489 2362 1576 2385 nuuc
1604 2349 1765 2384 inhabitat
1792 2353 1824 2384 in
1853 2362 1947 2397 prae-

101 2409 187 2442 dicta
216 2411 352 2441 civitate
381 2409 542 2453 Pragensi
567 2413 664 2456 juxta
694 2417 821 2458 portam
852 2423 878 2446 s.
910 2411 1082 2445 Benedicti
1112 2414 1209 2444 sitam
1238 2411 1374 2456 praefato
1403 2413 1606 2446 monasterio
1635 2413 1848 2457 proprietatis
1873 2413 1948 2455 jure

102 2470 236 2503 contulit
265 2474 296 2501 et
326 2469 461 2503 donavit
490 2472 671 2506 secundum
692 2472 832 2507 sormam
862 2472 1090 2517 dispositionis
1110 2475 1214 2518 ipsius
1234 2473 1356 2506 domini
1377 2475 1524 2519 episcopi
1546 2475 1576 2505 in
1597 2473 1752 2506 utilitates
1773 2472 1947 2506 evidentes

102 2530 179 2563 dicti
209 2533 400 2563 monasterii
430 2536 590 2576 perpetuo
618 2533 880 2568 convertendas.
913 2532 953 2566 [t
981 2537 1091 2566 autem
1121 2535 1290 2578 praemissa
1319 2538 1427 2568 omnia
1458 2538 1490 2567 et
1517 2532 1664 2577 singula,
1694 2544 1765 2579 quae
1794 2536 1947 2579 superius

101 2595 175 2623 sunt
204 2601 388 2636 expressa.
427 2590 517 2624 lirma
552 2592 728 2628 stabilitate
763 2598 940 2629 serventur
968 2598 999 2627 et
1027 2593 1128 2627 robur
1156 2598 1324 2639 perpetuae
1353 2594 1525 2628 obtineant
1558 2594 1737 2637 firmitatis,
1773 2604 1947 2638 recogno-
