2184 2828
1084 127 1151 161 112

190 250 244 280 eis
272 247 468 293 disponetur
495 246 615 280 factum
650 248 791 278 civitatis
833 247 934 290 ipsius
966 255 1026 290 per
1061 246 1132 289 ipsa
1167 246 1351 277 communia
1386 247 1419 277 et
1450 243 1600 278 dominos
1634 243 1830 277 Lornbardie
1866 246 1950 277 sicut
1985 246 2035 278 eis

194 307 358 341 videbitur
386 306 579 341 honorabile
612 315 672 350 pro
707 304 838 338 domino
872 305 994 339 Karolo
1029 308 1060 338 et
1088 303 1209 337 cedere
1241 308 1273 337 et
1300 314 1376 337 esse
1405 303 1445 337 ad
1473 307 1762 338 conservationem
1792 308 1823 337 et
1852 303 2035 338 firmitatem

193 368 354 402 dictorum
396 369 617 402 communium
653 369 684 398 et
720 365 923 399 dominorum
960 364 1155 399 Lombardie
1189 374 1228 396 ac
1262 366 1446 398 vicinorum
1479 375 1623 398 suoi-uni.
1679 363 1828 398 Predicta
1861 367 1970 399 omnia
2003 368 2037 398 et

193 429 327 473 singula
356 431 574 474 promiserunt
603 426 688 459 dicte
728 430 839 471 partes
873 426 1000 459 scilicet
1033 424 1108 458 dicti
1143 428 1375 469 procuratores
1411 429 1444 458 et
1475 428 1578 458 nuntii
1614 423 1730 470 prefati
1773 423 1894 458 domini
1921 424 2035 459 Karuli

194 491 424 534 procuratorio
458 490 592 520 nomine
627 498 686 531 pro
721 497 762 520 eo
796 491 827 519 et
862 485 947 519 dicto
990 485 1142 519 Johanne
1175 483 1276 518 fratre
1312 495 1371 518 suo
1412 484 1548 531 prefatis
1590 485 1725 519 sindicis
1766 485 2034 531 procuratoribus

194 548 476 582 ambaxiatoribus
506 551 538 581 et
564 549 706 580 nunctiis
734 546 954 592 predictorum
984 547 1203 578 communium
1231 549 1263 578 et
1290 545 1493 579 dominorum
1521 545 1706 579 nominibus
1726 544 1907 579 eorundem
1926 548 2036 591 stipu-

198 609 337 643 lantibus
366 613 398 642 et
431 607 676 653 recipientibus.
732 606 772 640 Et
804 609 866 652 ipsi
902 605 1018 639 sindici
1051 609 1285 650 procuratores
1317 605 1564 639 anibaxiatores
1609 610 1641 639 et
1674 608 1777 639 nuntii
1812 605 2034 651 predictorum

192 671 414 703 communium
444 672 476 701 et
503 668 708 701 dominorum
736 670 817 712 ipsis
847 666 1116 712 procuratoribus
1145 670 1178 699 et
1205 669 1324 699 nuntiis
1352 665 1427 699 dicti
1457 666 1579 700 domini
1603 666 1715 699 Karnli
1735 668 1867 699 nomine
1887 665 2034 700 eiusdem

193 731 317 763 domini
352 728 465 762 Karuli
499 733 530 762 et
563 728 637 761 dicti
671 727 792 760 domini
829 726 990 760 ,Iohannis
1032 726 1139 760 fratris
1177 728 1247 759 eius
1282 725 1509 771 stipulantibus
1544 731 1575 760 et
1617 725 1852 771 recipientibus
1893 725 1953 760 sibi
1994 725 2035 760 ad

196 793 341 824 invicem
370 794 403 823 et
429 791 576 823 vicissim
605 788 729 821 scilicet
757 799 821 821 una
850 798 928 832 pars
963 787 1056 820 alteri
1091 791 1121 819 ct
1155 787 1257 820 altera
1294 787 1386 820 alteri
1421 786 1512 820 lirina
1550 791 1582 820 et
1610 791 1679 820 rata
1708 786 1831 820 habere
1859 791 1892 820 et
1919 791 2035 821 tenere

193 850 366 884 attendere
394 854 426 883 et
454 849 636 883 observare
665 848 777 881 facere
813 851 845 881 et
879 847 1058 893 adimplere
1094 851 1126 880 et
1159 858 1226 880 non
1253 846 1480 881 contrafacere
1508 847 1562 881 vel
1597 850 1714 881 venire
1742 858 1801 892 per
1829 858 1866 881 se
1893 847 1949 881 vel
1975 857 2036 893 per

193 911 276 945 alios
305 911 414 956 aliquo
442 910 539 943 modo
566 909 620 942 vel
650 911 784 952 ingenio
820 911 850 941 in
879 919 963 953 pena
994 912 1025 941 et
1059 907 1119 941 sub
1154 918 1239 953 pena
1266 918 1348 941 vere
1385 912 1417 941 et
1450 912 1542 941 recte
1576 907 1649 941 lidei
1685 912 1716 941 et
1749 910 1835 941 sacri
1871 912 1903 942 et
1937 907 2035 942 debiti

194 974 366 1005 iuramenti
403 971 488 1016 quod
530 973 746 1003 iuramentum
782 969 920 1014 predicti
961 973 1194 1014 procuratores
1229 972 1260 1001 et
1298 971 1399 1002 nuntii
1442 968 1516 1001 dicti
1552 968 1673 1001 domini
1715 968 1827 1002 Karuli
1862 971 1893 1002 in
1928 971 2035 1002 anima

193 1032 343 1065 ciusdem
373 1036 405 1065 et
434 1041 491 1076 pro
521 1042 560 1063 eo
589 1035 620 1063 et
649 1031 733 1063 (licto
763 1029 894 1063 domino
923 1029 1077 1062 Johannc
1105 1028 1205 1062 fratre
1225 1039 1285 1062 suo
1313 1033 1344 1062 et
1363 1028 1437 1062 dicti
1458 1029 1509 1062 alii
1531 1040 1645 1062 omnes
1665 1028 1781 1062 sindici
1802 1033 2035 1074 procuratores

193 1092 442 1126 ambaxiatores
471 1095 501 1124 et
531 1094 631 1124 nuntii
661 1093 691 1123 in
721 1089 892 1124 animabus
922 1092 1064 1123 omnium
1095 1094 1125 1122 et
1154 1089 1354 1133 singulorum
1381 1092 1601 1123 communium
1622 1094 1651 1122 et
1672 1089 1878 1122 dominorum
1897 1099 2035 1134 quorum

194 1158 269 1187 sunt
311 1152 427 1186 sindici
469 1156 701 1197 procuratores
739 1150 972 1184 ambaxatores
1006 1154 1038 1183 et
1075 1152 1182 1183 nuncii
1218 1149 1257 1183 de
1285 1149 1488 1183 attendendis
1530 1154 1562 1183 ct
1602 1149 1822 1183 observandis
1863 1152 2036 1195 premissis

192 1213 344 1246 omnibus
374 1213 411 1246 ad
441 1217 555 1246 sancta
585 1212 636 1245 dei
674 1211 849 1255 evang-elia
885 1211 1103 1256 corporaliter
1144 1213 1355 1255 prestiterunt
1389 1213 1625 1244 renunciantes
1659 1209 1809 1244 omnibus
1839 1214 1870 1244 et
1898 1210 2036 1255 singulis

195 1273 448 1320 exceptionibus
483 1272 730 1306 defensionibus
767 1271 890 1305 iuribus
927 1271 1109 1317 privilegiis
1144 1270 1425 1304 constitutionibus
1460 1271 1568 1314 legum
1605 1271 1817 1304 decretalium
1847 1271 1978 1305 auxiliis
2005 1274 2037 1304 et

194 1335 266 1368 aliis
295 1346 358 1376 qne
387 1338 501 1367 contra
531 1337 667 1378 possent
696 1335 829 1378 opponi.
886 1331 925 1365 Et
957 1335 1032 1376 quia
1068 1332 1143 1365 dicti
1178 1331 1421 1365 ambasiatorcs
1458 1336 1489 1364 et
1526 1334 1627 1365 nuntii
1656 1334 1839 1365 communis
1867 1330 2036 1365 Florentie

196 1406 262 1429 non
304 1394 470 1428 habebant
513 1394 706 1428 sindicatum
745 1393 784 1426 ad
827 1395 988 1438 premissa
1031 1392 1104 1425 licet
1138 1391 1298 1426 haberent
1335 1392 1457 1425 litteras
1498 1392 1697 1425 credulitatis
1738 1392 1886 1438 plenarie
1927 1391 2035 1436 sigillo

192 1458 376 1490 communis
406 1454 573 1488 Florentie
602 1454 761 1497 sig-illatas
796 1456 1017 1499 promiserunt
1051 1464 1126 1486 sese
1162 1452 1382 1498 principaliter
1419 1452 1603 1497 obligantes
1641 1464 1819 1498 procurare
1856 1457 1888 1486 et
1923 1451 2036 1486 facere

192 1528 266 1550 cuin
297 1516 412 1549 cll'cctu
442 1515 526 1560 quod
556 1518 638 1548 intra
668 1526 765 1547 unmn
795 1525 943 1547 mensem
972 1518 1003 1546 et
1032 1513 1196 1546 dimidium
1225 1516 1407 1559 proximum
1437 1524 1496 1558 per
1524 1512 1644 1546 dictum
1674 1523 1848 1547 commune
1868 1512 2036 1547 Florentie

191 1588 252 1611 seu
281 1588 340 1622 per
367 1576 526 1610 sindicuni
566 1576 756 1612 leuittinium
786 1574 932 1608 eiusdem
962 1574 1106 1619 predicta
1135 1576 1242 1607 omnia
1270 1572 1515 1607 ratiticabuntur
1543 1578 1574 1607 ct
1603 1573 1847 1619 aprobabuntur
1871 1576 1901 1607 in
1922 1577 2033 1607 totum.

193 1638 350 1671 Similiter
378 1641 409 1670 ct
438 1637 511 1669 dicti
541 1640 772 1681 procuratores
803 1640 833 1669 et
862 1638 962 1669 nuntii
993 1635 1111 1668 domini
1141 1634 1252 1668 Karuli
1280 1634 1457 1679 supradicti
1491 1637 1718 1679 procuratorio
1747 1636 1880 1674 nomine
1907 1644 1966 1680 pro
1994 1644 2035 1668 eo

193 1701 413 1744 promiserunt
441 1708 517 1731 sese
546 1701 576 1730 et
605 1696 723 1729 dictum
759 1696 924 1729 dominum
960 1695 1116 1729 Karuluin
1153 1698 1233 1728 intra
1263 1694 1382 1727 dictum
1419 1705 1566 1727 mensem
1596 1699 1629 1728 et
1657 1695 1821 1728 dimidium
1850 1696 2035 1741 proximum

193 1770 375 1805 procurare
404 1763 434 1791 et
463 1757 575 1791 facere
604 1768 676 1791 curn
707 1756 822 1790 effectu
852 1756 937 1801 quod
966 1756 1114 1801 prefatus
1153 1756 1300 1789 dominus
1328 1755 1497 1789 Johannes
1527 1755 1672 1789 Karintie
1701 1756 1767 1789 dux
1795 1760 1826 1790 et
1855 1755 1974 1789 Tirolis
2003 1759 2036 1789 et

195 1819 329 1853 Goricic
358 1830 470 1852 conies
499 1830 558 1864 per
586 1829 622 1851 se
650 1817 704 1851 vel
734 1828 792 1863 per
820 1828 913 1850 suum
951 1816 1131 1861 legitimum
1162 1820 1405 1861 procuratorem
1444 1820 1475 1849 et
1512 1819 1656 1849 nuntium
1692 1816 1837 1861 predicta
1867 1818 1975 1850 omnia
2003 1819 2035 1850 et

192 1879 323 1923 singula
345 1878 515 1912 ratilicabit
537 1883 567 1911 et
587 1877 781 1924 approbabit
799 1889 872 1911 cuin
894 1877 1045 1910 omnibns
1072 1879 1242 1923 promissis
1262 1876 1572 1910 renunciacionibus
1592 1876 1831 1910 conditionibus
1852 1879 2034 1910 iuramento

191 1946 224 1974 ct
252 1941 323 1974 aliis
353 1939 634 1984 solempnitatibus
671 1941 862 1984 oportunis..
909 1938 1029 1971 Actum
1065 1938 1223 1971 Yeneciis
1259 1940 1288 1970 in
1319 1937 1414 1970 domo
1449 1936 1657 1970 habitationis
1692 1937 1784 1970 Paxii
1813 1937 1853 1970 â€¹le
1882 1936 2034 1970 Bolzanis

192 2005 343 2035 contrate
372 2002 475 2033 sancti
513 1999 600 2032 Pauli
639 1998 847 2044 presentibus
882 1998 1044 2032 nobilibus
1081 2001 1160 2032 viris
1196 1997 1335 2031 dominis
1375 1997 1558 2030 Justiniano
1601 2002 1633 2031 et
1673 1997 1808 2031 Marcho
1850 1996 2036 2031 Lauretano

192 2061 458 2107 procuratoribus
496 2063 599 2093 sancti
629 2059 743 2093 Marci.
774 2059 872 2092 nobili
901 2062 974 2092 viro
1002 2059 1133 2092 domino
1163 2058 1246 2092 Urso
1274 2057 1456 2091 Justiniano
1485 2062 1646 2103 potestate
1680 2057 1869 2092 Mediolani.
1905 2057 2036 2091 domino

191 2123 328 2156 lN'iccolo
359 2122 465 2155 l'isani
495 2124 570 2154 cive
599 2120 727 2154 Veneto
757 2120 892 2153 testibus
922 2123 1046 2158 rogatis
1075 2125 1107 2153 et
1136 2120 1218 2153 aliis.
1249 2118 1320 2163 Ego
1345 2118 1491 2151 Â¹lacobus
1511 2119 1673 2163 quondam
1694 2118 1856 2151 Johannis
1877 2118 2036 2164 imperiali

191 2186 386 2216 auctoritate
414 2186 445 2216 ct
474 2181 598 2215 ducalis
627 2181 700 2214 aule
730 2180 949 2214 Vencciaruin
980 2183 1125 2214 notarius
1154 2179 1282 2214 interfui
1310 2183 1339 2212 et
1369 2183 1504 2219 rogatus
1534 2179 1725 2224 subscripsi.

500 2261 584 2293 (Nat-h
610 2261 683 2285 cineiÎ‡
707 2261 738 2285 im
765 2259 973 2285 1â´'cruliiiaiulctiiii
992 2267 1021 2284 zu
1043 2258 1187 2284 luusbruck
1213 2258 1421 2284 nustiewutmvn.
1447 2266 1493 2282 aas
1518 2258 1601 2283 eim-m
1626 2257 1831 2289 gleichzeitigen
1852 2257 2033 2292 Kopiulbuche

601 2312 648 2338 â€¹lcr
665 2312 739 2337 suun
758 2312 867 2337 Florcnz
886 2328 914 2330 â€”
935 2312 1061 2337 Archivio
1087 2312 1156 2337 delle
1178 2310 1367 2343 risormngioui.
1395 2310 1516 2343 t'npiioti.
1537 2310 1609 2335 Toni.
1641 2309 1743 2335 Î§Î§Î§Î™Î™.
1771 2309 1786 2335 s.
1818 2309 1884 2335 105.
1909 2312 2032 2335 entnomâ€”

603 2373 696 2390 nicncu
722 2364 772 2389 und
798 2364 901 2389 auitlicli
923 2363 1112 2397 begtunbuguen
1132 2362 1277 2394 Abschrist,
1296 2361 1451 2392 niitgctheitt
1470 2369 1528 2387 vom
1550 2362 1719 2387 Ausschussc
1737 2362 1785 2387 (les
1800 2361 2031 2388 Ferdiuundeums.

603 2416 666 2442 Eine
690 2417 788 2442 uutlcrc
814 2416 949 2442 Abschritt
974 2416 1129 2447 niitgcthcilt
1154 2423 1205 2441 von
1230 2414 1273 2440 Dr.
1299 2421 1348 2439 von
1374 2413 1489 2438 tim-0125.
1515 2413 1546 2439 (lu
1572 2414 1648 2439 t'urte
1677 2414 1724 2439 56.
1746 2414 1788 2439 dcl
1809 2413 1870 2440 vot.
1893 2413 1924 2439 V.
1944 2412 2031 2439 Pacta.

603 2472 793 2503 appan-tenente
819 2468 859 2494 all'
886 2468 1002 2493 archiiio
1027 2468 1095 2493 â€¹lclla
1121 2466 1282 2493 t'nncctturiu
1306 2469 1420 2497 secreta,
1438 2466 1469 2490 ini
1488 2465 1512 2490 k.
1532 2465 1556 2490 k.
1578 2466 1699 2491 tun-tinio
1713 2465 1842 2491 (iciierule
1860 2466 1883 2491 in
1899 2465 2030 2498 Venedig.

602 2521 713 2552 l'alaclty
740 2520 905 2546 ltulicnisrhc
931 2520 1005 2545 nesse
1031 2521 1057 2545 S.
1086 2520 1132 2545 w.
