2184 2828
949 102 1022 139 687

68 224 165 255 cione
194 220 388 266 pfeudoruin
418 224 612 253 consuetum
642 225 691 254 est
721 220 801 255 lieri.
824 220 971 254 adinstar
998 218 1275 265 predecessorum
1297 224 1495 261 nosti-orum,
1516 219 1656 254 condam
1676 219 1903 255 Marchionum

68 281 184 315 ibidem
223 285 372 326 prestare
405 285 436 313 et
474 280 586 314 facere
624 282 808 326 corporalia
848 284 1042 321 iuramenta,
1080 279 1196 313 Dictus
1235 290 1366 324 quoque
1402 281 1551 315 dominus
1587 285 1619 315 et
1647 281 1750 315 frater
1778 287 1904 319 noster„

69 341 208 376 heredes
236 346 268 374 et
297 351 514 375 successores
544 344 604 375 sui.
633 342 769 376 Boemie
791 342 902 379 Reges
931 341 1052 376 domini
1080 343 1194 383 nostri,
1216 351 1277 374 nos
1306 339 1447 375 heredes
1476 346 1508 375 et
1535 341 1739 387 proheredes
1761 347 1903 379 nostros.

68 401 278 436 Marchiones
320 400 472 435 Morauie
518 405 679 447 tamquam
718 403 801 436 alios
840 402 947 446 Regni
986 406 1017 436 et
1045 400 1176 435 Corone
1214 400 1351 434 Boemie
1389 401 1559 448 Principes
1597 407 1627 436 et
1664 403 1828 442 vasallos„
1865 403 1905 437 ab

71 461 344 508 oppressionibus
374 462 527 496 violentis
557 467 587 495 et
622 464 750 507 injurijs
779 466 862 496 tueri
892 468 923 496 et
952 461 1130 496 defendere
1158 461 1369 495 tenebuntur.
1398 461 1435 495 Et
1465 466 1613 507 quamuis
1643 463 1684 497 de
1703 463 1783 497 Jure
1810 474 1907 497 eom-

68 524 216 556 muniet
252 525 394 568 positiuo
431 525 603 557 consistat.
639 523 723 567 quod
762 524 890 556 vasallo
924 534 989 556 non
1025 523 1148 556 relictis
1186 521 1357 567 legittimis
1395 523 1566 557 masculini
1596 534 1700 557 sexus
1730 522 1908 557 heredibus

52 586 239 618 moriente.
277 582 430 628 piendum
461 583 502 616 (le
541 586 590 617 sui
621 588 734 617 natura
769 584 808 617 ad
845 586 947 629 ipsius
975 582 1084 629 pfeudi
1112 582 1278 616 dominum
1307 585 1394 616 iusto
1424 583 1527 628 tytulo
1555 588 1754 624 reuertatur„
1784 588 1905 619 tamen.

66 648 99 678 ut
134 645 187 678 via
227 643 446 677 dubietatibus
485 648 515 676 et
554 644 757 689 Calumpnijs
792 644 938 689 precludi
976 643 1085 678 valeat
1113 643 1253 677 consilio
1282 645 1405 677 saniori
1436 643 1540 677 dictus
1569 644 1719 678 dominus
1748 649 1779 678 et
1807 645 1908 678 frater

66 709 189 743 noster„
212 707 452 749 pronunciauit.
474 704 621 738 dill'iniuit
651 709 683 738 et
712 708 741 737 in
771 707 839 738 suis
868 705 984 738 litteris
1013 703 1203 745 declarauit5
1225 708 1259 737 vt
1288 706 1448 749 quociens
1476 714 1537 737 nos
1567 704 1706 739 heredes
1736 710 1792 739 aut
1820 716 1905 750 pro-

69 764 210 799 heredes
238 769 381 806 nostr0s‚
411 764 624 798 Marchiones
645 764 805 801 Min-anie,
836 765 961 810 absque
990 764 1161 798 masculini
1190 775 1293 798 sexus
1314 763 1501 798 Heredibus
1530 768 1701 809 continget,
1729 765 1906 800 decedere.

67 825 153 871 quod
180 824 428 859 Marchionatus
456 824 609 858 Morauie
638 826 802 871 predictus
824 826 875 859 Ad
897 829 1001 871 ipsum
1030 825 1171 859 heredes
1192 829 1223 858 et
1244 825 1471 859 Successores
1494 827 1607 870 ipsius.
1626 825 1738 870 Reges
1760 826 1906 863 Boemie,

67 886 218 920 dominos
253 890 386 920 nostros
419 890 450 919 et
488 887 634 919 eiusdem
675 886 781 923 Regni
813 887 976 920 Coronam
1007 886 1130 931 absque
1158 885 1347 919 difficultate
1376 885 1478 919 libere
1507 891 1706 925 reuertatur,
1737 892 1771 920 vt
1800 891 1908 920 tamen

67 947 173 980 dictus
212 947 364 980 dominus
399 951 431 980 et
468 946 569 980 l'rater
603 952 717 980 noster
754 947 895 980 heredes
932 951 963 980 et
1002 948 1228 980 Successores
1257 949 1306 979 sui
1337 946 1473 979 Boemie
1502 946 1614 991 Reges
1644 946 1765 980 domini
1795 950 1908 984 nostri„

68 1007 118 1041 uel
149 1007 235 1040 alter
263 1017 375 1041 eorum
405 1010 458 1053 qui
490 1018 548 1053 pro
578 1012 725 1053 tempore
754 1008 863 1042 fuerit.
893 1012 1023 1041 nostras
1052 1006 1208 1041 heredum
1237 1011 1268 1040 et
1299 1006 1519 1052 proheredum
1550 1012 1737 1041 nostrorum
1774 1007 1854 1040 lilias
1883 1010 1910 1040 si

68 1078 150 1112 quas
179 1067 410 1109 dimiserimus‚
440 1068 493 1101 Ad
524 1073 641 1101 statum
672 1068 826 1102 ordinare
855 1068 1041 1109 decentem⁷
1071 1071 1102 1101 et
1121 1078 1234 1101 earum
1263 1067 1407 1105 cuilibeh
1430 1067 1504 1101 dum
1526 1067 1734 1101 Matriinonio
1755 1069 1908 1113 copulate

68 1128 199 1169 fuerint,
221 1140 238 1161 a
259 1128 312 1161 die
340 1133 537 1162 eonsuinate
567 1129 685 1174 copule
714 1129 797 1163 inl'ra
828 1140 927 1162 vnum
950 1130 1083 1162 Annum
1113 1128 1343 1162 decurrentem
1373 1131 1530 1161 continuo
1559 1128 1599 1161 de
1620 1128 1736 1162 decem
1757 1128 1911 1162 Muluius

67 1187 252 1222 Marcarum
282 1189 434 1233 Argenti.
455 1200 647 1233 grossorum
680 1189 894 1233 l’ragensiuin
925 1191 1112 1234 pagamenti
1141 1188 1278 1233 Regalis
1308 1188 1348 1222 de
1370 1191 1519 1234 pecuniis
1542 1189 1650 1222 Berne
1671 1200 1735 1234 que
1761 1189 1801 1222 ob
1823 1200 1911 1222 ean—

68 1250 140 1283 dem
171 1260 305 1283 causam
335 1253 366 1283 in
388 1249 614 1283 Mai-chionatu
646 1251 793 1295 predicto
823 1252 1000 1283 instaurari
1030 1248 1171 1292 debebit,
1194 1249 1394 1283 tenebuntur
1414 1254 1449 1283 vt
1469 1249 1558 1283 duris
1588 1254 1647 1283 est.
1670 1255 1702 1283 et
1731 1249 1911 1283 obseruate

68 1310 315 1344 consuetudinis
345 1311 531 1355 prouidere.
564 1311 695 1344 Adiecit
725 1313 830 1344 eciam
861 1310 967 1343 dictus
997 1309 1098 1343 frater
1125 1315 1241 1344 noster
1269 1315 1301 1344 et
1330 1310 1480 1344 dominus
1510 1310 1549 1344 de
1578 1311 1736 1355 singulari
1774 1321 1911 1343 munere

68 1374 186 1415 gracie
215 1371 371 1417 specialis
401 1376 431 1405 et
461 1371 501 1404 ob
532 1371 617 1405 illum
647 1374 845 1405 sinceritatis
875 1372 1040 1412 allectum.v
1070 1382 1134 1417 quo
1162 1382 1223 1405 nos
1252 1374 1463 1417 prosequitur
1492 1371 1660 1407 l'auorose.
1691 1376 1723 1405 ut
1752 1374 1912 1417 quociens

69 1435 174 1477 ipsum
205 1442 301 1476 quein
331 1432 411 1466 deus
440 1433 603 1466 custodiat
633 1432 774 1465 heredes
804 1437 857 1465 aut
888 1433 1114 1465 Sin-cessores
1142 1434 1245 1478 ipsius
1274 1431 1388 1476 Reges
1420 1432 1567 1465 Boeinie.
1598 1432 1749 1465 dominos
1770 1436 1913 1472 nosti-os,

68 1503 133 1526 non
172 1494 294 1527 relictis
333 1494 503 1527 masculini
542 1504 645 1527 sexus
684 1492 872 1527 liei-edibus.
912 1492 951 1526 ab
989 1492 1050 1526 hac
1087 1492 1177 1526 Luce
1215 1495 1360 1537 migrare
1396 1496 1626 1537 contingeret,
1665 1492 1752 1538 quod
1787 1496 1912 1525 extunc

71 1549 222 1598 Regnum
253 1553 389 1587 Boemie
419 1544 581 1599 prefatum
613 1565 743 1587 net-uon
774 1565 889 1586 omnes
929 1556 1130 1599 principatus
1165 1557 1197 1586 et
1232 1553 1386 1588 dominia.
1422 1564 1484 1598 que
1520 1553 1560 1587 ad
1595 1553 1716 1587 dictum
1755 1552 1913 1597 Regnum

70 1613 206 1648 Boemie
236 1618 411 1660 pertinent.
443 1617 633 1648 nominatim
665 1616 846 1648 Comitatus
877 1614 1190 1658 Lucemburgensis,
1219 1624 1291 1647 cuin
1321 1614 1473 1648 omnibus
1502 1617 1570 1648 suis
1605 1615 1835 1659 pertinencijs.
1872 1613 1912 1646 ad

69 1685 141 1717 nos,
172 1680 227 1709 aut
256 1674 351 1709 nobis
380 1686 446 1709 non
475 1675 693 1709 existentibus
725 1675 874 1708 liei-edes.
906 1686 963 1708 seu
993 1674 1198 1720 proheredes
1228 1679 1358 1708 nostros
1396 1675 1562 1719 legitimos
1598 1674 1768 1708 masculini
1807 1684 1912 1707 sexus

68 1734 219 1769 Morauie
246 1735 458 1770 Mareliiones
487 1736 613 1781 absque
642 1736 814 1769 eleccione
842 1738 914 1769 siue
952 1738 1185 1780 assuinpcione
1219 1735 1282 1769 alia
1316 1740 1349 1769 et
1382 1735 1510 1781 absque
1545 1735 1732 1769 difficultate
1771 1734 1914 1780 qualibet

69 1795 263 1830 deuoluatur
297 1801 327 1830 et
365 1797 451 1841 quod
486 1799 513 1830 is
548 1800 640 1830 cuius
678 1801 754 1830 tunc
791 1796 870 1829 dure
906 1795 1034 1842 prefato
1068 1800 1101 1829 et
1134 1798 1257 1829 virtute
1289 1795 1530 1830 declaracionis
1567 1796 1713 1842 predicte
1749 1798 1913 1829 interesse

70 1856 234 1891 videbitur
274 1860 304 1890 in
344 1857 480 1891 Boemie
520 1857 648 1902 Regem
691 1860 829 1891 assumi.
873 1861 905 1890 et.
938 1857 1099 1890 Coronari
1136 1855 1254 1890 debeat
1291 1857 1524 1903 impedimento
1561 1856 1707 1901 quolibet
1746 1867 1813 1889 non
1848 1855 1913 1888 ob-

72 1920 196 1959 stante‚
233 1917 294 1958 Qui
331 1918 471 1964 denique
506 1918 581 1952 dicti
616 1918 735 1951 domini
767 1922 797 1950 et
833 1918 942 1951 l'ratris
972 1920 1076 1951 nostri
1104 1917 1279 1959 heredium
1313 1917 1550 1963 proheredum,
1580 1920 1650 1951 siue
1679 1927 1913 1950 successorum

72 1987 203 2012 suorum
243 1978 370 2023 Regum
408 1978 560 2013 Boemie.
597 1979 800 2012 dominorum
836 1983 1021 2012 nostrorum
1060 1978 1204 2015 filiabus*
1241 1981 1268 2012 si
1306 1990 1388 2024 quas
1422 1979 1603 2012 dimiserint
1641 1977 1680 2011 dc
1715 1980 1913 2020 congruenti

72 2041 166 2078 statu,
197 2039 376 2073 secundum
407 2039 515 2084 Regni
547 2040 682 2073 ltoemie
712 2039 984 2073 consuetudinem
1015 2039 1230 2084 approbatam
1261 2039 1427 2073 tenebitur
1455 2044 1487 2073 et
1516 2038 1646 2073 debebit
1685 2037 1846 2071 decenter
1882 2041 1913 2070 et

74 2098 249 2141 magnifice
277 2100 464 2144 prouidere.
494 2100 610 2146 Neque
640 2100 856 2145 Supratlictns
885 2099 1037 2133 dominus
1067 2104 1099 2133 et
1134 2098 1236 2133 frater
1270 2105 1396 2141 noster„
1431 2100 1573 2134 heredes
1609 2099 1658 2132 uel
1695 2109 1913 2131 successores

73 2161 123 2192 sui
144 2158 279 2193 Boemie
299 2159 423 2205 Reges,
445 2161 566 2195 domini
595 2164 697 2195 nostri
727 2160 886 2206 prelatum
917 2160 1068 2204 Regnum
1099 2159 1245 2201 Boemie„
1275 2165 1330 2194 aut
1359 2172 1420 2195 nos
1449 2160 1591 2194 heredes
1621 2170 1679 2193 seu
1709 2157 1913 2204 proheredes

74 2221 176 2252 nostri
206 2218 416 2255 Marchiones
444 2221 607 2257 Morauie.
637 2221 897 2255 Mai-cliionatuin
936 2220 1076 2253 eundem
1110 2223 1141 2254 in
1177 2225 1245 2254 toto
1280 2222 1331 2255 uel
1367 2224 1396 2255 in
1434 2226 1526 2267 parte
1561 2222 1739 2253 occasione
1773 2218 1910 2252 tiliarum

73 2283 276 2313 nostrarum.
308 2281 497 2327 vti-obtque„
527 2287 581 2316 aut
611 2283 672 2316 alia
702 2293 804 2315 causa
834 2292 1039 2327 quacumque
1077 2280 1220 2323 donare,
1254 2281 1418 2319 uendere,
1455 2282 1621 2325 obligare,
1657 2284 1713 2313 aut
1749 2280 1909 2322 alienare,

74 2339 267 2373 debebimus
287 2340 394 2386 aliquo
423 2342 719 2377 diineinbracionis.
742 2347 795 2376 aut
826 2344 1108 2386 sequestracionis
1136 2341 1233 2374 niodo
1262 2352 1325 2386 quo
1355 2342 1472 2388 prefati
1496 2342 1602 2384 Regni
1624 2340 1758 2374 Boeniie
1778 2340 1910 2373 Corona

76 2399 284 2445 Principatus
313 2405 343 2433 et
373 2401 513 2436 dominia
543 2414 605 2449 que
635 2403 673 2437 ad
704 2403 787 2437 idem
810 2402 961 2445 Regnum
984 2402 1118 2435 Boemie
1147 2405 1311 2447 pertinent
1339 2403 1529 2448 specialiter
1558 2400 1739 2434 Comitatus
1766 2400 1913 2435 Lucem-

75 2461 250 2505 burgensis
288 2472 360 2494 cum
401 2465 467 2495 suis
507 2465 738 2508 pertinencijs.
777 2467 809 2496 ut
844 2462 1007 2508 prefertur
1041 2473 1058 2495 a
1094 2461 1190 2496 nobis
1223 2462 1400 2497 heredibus
1436 2467 1468 2496 et
1508 2460 1746 2507 proheredibus
1788 2464 1911 2495 nostris

74 2524 194 2554 nostris
223 2524 307 2565 (sict
328 2520 573 2556 Mareliionibus
595 2524 756 2559 Morauie.
778 2528 831 2557 aut
861 2523 935 2556 dicti
956 2521 1203 2556 Marchionatus
1232 2522 1404 2557 deuolucio
1433 2535 1450 2556 a
1480 2522 1566 2556 (licto
1595 2521 1727 2555 domino
1757 2526 1787 2555 et
1809 2521 1910 2555 fratre

76 2586 189 2615 nostro
219 2581 395 2615 heredibus
424 2587 456 2615 et
485 2582 743 2618 Successoribus
773 2587 841 2618 suis
871 2582 1021 2627 Regibus
1042 2582 1177 2617 Boeinie
1206 2583 1344 2618 dominis
1373 2586 1497 2618 nostris
1527 2586 1639 2628 posset
1667 2586 1698 2616 in
1728 2585 1908 2628 prenotatis
