2184 2828
1006 98 1075 135 131

994 225 1094 262 183.

126 311 198 345 Der
219 311 351 343 Gra-ner
370 306 583 350 Erzbi‘scleof
597 305 812 339 Cleamidinas
841 306 998 339 selde'esst
1025 305 1121 337 einen
1148 302 1293 347 l''erlra9
1322 303 1379 335 mil
1407 302 1470 335 (len
1491 314 1552 335 aas
1573 301 1735 345 Bokmem
1758 302 1960 345 Schwaben,

125 371 234 406 Rhein
269 369 335 403 und
368 367 537 401 Flandern
575 366 663 400 nacla
699 367 863 410 Ilmeyaru
898 365 1110 399 hommenden
1144 363 1358 408 Kausleuten,
1394 362 1570 408 bez-nqliclz
1604 363 1665 397 cler
1698 375 1740 397 zu
1775 363 1962 397 zahlenden

278 428 409 463 Mautk.
439 427 498 462 Dt.
529 427 709 472 Striqomi,
740 429 770 460 ιή
802 427 918 471 vigilia
947 426 1150 460 Nativitatis
1178 423 1316 458 Domini
1345 423 1426 466 (24.
1456 423 1665 467 December)
1698 423 1807 458 1337.

279 506 369 560 Nos
398 523 621 563 Chanadinus,
652 522 702 556 dei
732 527 763 556 et
789 523 967 568 apostolica
988 523 1092 566 gratia
1112 519 1383 566 archiepiscopus
1404 519 1647 564 Strigoniensis
1666 521 1796 567 locique
1816 520 1963 565 eJ'usdem

123 598 236 622 comes
278 590 473 633 perpetuus,
516 584 743 629 significamus
786 588 900 616 tenore
935 584 1153 628 praesentiuni,
1195 580 1312 626 quibus
1355 580 1501 626 expedit,
1543 583 1719 624 universis,
1762 581 1848 627 quod
1888 581 1965 615 licet

127 647 279 682 thelonea
309 646 460 680 ecclesiae
489 649 610 679 nostrae
631 644 870 689 strigoniensis
896 649 927 677 et
955 644 1236 677 sanctissimorum
1257 643 1465 686 antiquorum
1485 652 1600 685 regum
1620 641 1799 686 Hungariae
1818 641 1961 676 felicium

124 707 388 742 recordationem
417 709 478 752 piis
507 704 763 739 institutionibus
792 715 851 750 per
878 704 950 738 loca
979 706 1123 750 ipsorum
1153 701 1344 736 tributorum
1379 705 1619 735 transeuntium
1647 702 1706 736 sub
1734 707 1826 737 certa
1854 713 1965 749 quan-

126 772 216 803 titate
250 767 375 813 absque
408 765 551 812 qualibet
584 765 796 810 ambiguitate
831 769 863 798 et
897 765 1102 799 dissensione
1133 765 1280 796 existant
1313 762 1481 796 moderata
1516 763 1670 797 volentes
1705 767 1815 797 tamen
1843 763 1966 797 domini

125 831 227 863 nostri
255 830 347 873 regis
376 827 536 862 voluntati
565 825 660 860 nobis
689 825 891 859 demandatae
928 836 972 858 ex
1007 824 1112 858 debita
1148 826 1337 858 reverentia
1371 824 1493 857 utiliter
1527 823 1727 857 admittendo
1763 827 1965 867 consentire,

125 889 334 923 attendentes
361 891 460 922 etiam
489 897 696 921 communem
726 887 893 920 utilitatem
922 890 953 920 et
980 885 1185 919 commodum
1213 887 1261 918 rei
1282 884 1429 930 publicae.
1451 889 1485 918 ut
1504 887 1607 930 ipsum
1628 895 1766 929 regnum
1786 884 1965 930 Hungariae

127 954 364 985 extraneorum
391 959 582 993 regnorum,
617 947 762 981 Boeiniae
801 946 963 989 videlicet,
1000 946 1154 988 Sweuiae‚
1190 945 1275 980 Reni
1309 950 1342 979 et
1376 945 1538 979 Flandriae
1572 948 1660 979 omni
1694 957 1822 990 genere
1855 957 1965 980 rerum

128 1009 420 1044 mercimonialium
453 1008 512 1043 sub
547 1008 643 1042 fertili
671 1010 767 1053 copia
803 1007 1103 1041 habundantissime
1135 1006 1318 1051 gratuletur
1352 1010 1623 1052 mercatoresque
1652 1009 1721 1052 ipsa
1751 1009 1966 1040 mercimonia

127 1082 187 1117 per
216 1073 304 1104 viam
331 1072 427 1115 regni
457 1069 600 1103 Boemiae
629 1068 669 1102 de
697 1078 786 1102 novo
815 1068 854 1101 ad
889 1068 1059 1101 utilitatem
1096 1070 1190 1112 regni
1220 1070 1388 1113 utriusque
1417 1072 1643 1101 assecuratam
1673 1071 1705 1101 et
1732 1072 1878 1113 apertam
1908 1078 1968 1113 per

127 1131 359 1166 alienationem
386 1133 498 1164 oneris
527 1140 661 1164 suorum
697 1128 889 1163 tributorum
924 1132 1177 1173 augmententur
1211 1127 1397 1161 humillimis
1435 1128 1726 1173 supplicationibus
1754 1128 1966 1174 providorum

126 1195 273 1226 virorum
300 1191 463 1225 ffranklini
493 1191 534 1224 de
561 1189 730 1235 Magantia
750 1188 922 1223 Manbardi
942 1193 973 1222 et
993 1188 1133 1234 Nicolay
1153 1188 1193 1222 de
1212 1200 1316 1234 praga
1337 1199 1462 1234 sovper
1481 1193 1514 1222 et
1533 1188 1687 1222 francisci
1708 1189 1748 1222 de
1768 1188 1968 1233 Nfirenberg

127 1264 168 1287 ac
201 1251 356 1286 Chvikkil
391 1252 431 1285 de
465 1251 636 1296 auspurgb
670 1254 889 1284 mercatorum
932 1261 988 1283 sua
1024 1253 1056 1283 et
1095 1252 1236 1283 omnium
1273 1254 1492 1283 mercatorum
1527 1249 1686 1283 dictorum
1721 1261 1900 1294 regnorum
1934 1252 1966 1283 in

127 1324 267 1359 regnum
295 1312 473 1357 Hungariae
503 1315 671 1346 transitum
700 1311 813 1345 facere
843 1311 1020 1344 volentium
1055 1313 1087 1344 in
1120 1321 1263 1356 persona
1300 1309 1475 1343 nobiscum
1503 1313 1668 1356 inscriptis
1696 1313 1896 1356 pactantium
1927 1310 1967 1344 de

128 1374 268 1409 consilio
305 1373 440 1407 fratrum
475 1377 661 1407 nostrorum
698 1372 738 1406 de
773 1372 915 1418 capituto
950 1374 1097 1415 gratiose
1127 1381 1232 1417 usqne
1266 1375 1394 1416 tempus
1429 1373 1505 1404 vitae
1539 1375 1660 1405 nostrae
1702 1382 1767 1405 non
1808 1375 1968 1417 perpetuo

128 1435 234 1470 taliter
261 1434 414 1469 duximus
442 1434 637 1479 pactandum
667 1432 804 1471 eisdemq
841 1431 924 1478 quod
961 1435 991 1465 in
1027 1434 1158 1465 introitu
1191 1434 1337 1477 ipsorum
1372 1434 1404 1465 in
1432 1435 1650 1477 possessione
1678 1437 1790 1465 nostra
1819 1431 1967 1476 Niarhin

128 1499 262 1538 vocata,
291 1494 331 1528 de
360 1494 503 1540 quolibet
531 1505 629 1527 curru
658 1494 724 1527 levi
753 1504 812 1527 seu
840 1495 937 1537 gravi
966 1492 1041 1525 dicti
1069 1496 1270 1526 mercatores
1298 1503 1478 1537 regnorum
1499 1496 1764 1538 priescriptorum
1793 1504 1853 1538 per
1880 1496 1968 1526 viam

129 1559 222 1601 regni
251 1555 395 1589 Boemiae
423 1557 636 1589 mercimonia
666 1557 696 1587 in
725 1565 862 1598 regnum
899 1553 1076 1597 llungariae
1111 1552 1327 1586 deferentium
1363 1553 1469 1587 solvet
1505 1565 1562 1599 pro
1599 1553 1716 1587 tributo
1751 1558 1819 1587 tres
1847 1564 1969 1599 pensas

129 1617 266 1651 latorum
286 1616 368 1662 (sic)
388 1619 611 1649 winnensium
631 1620 663 1649 et
683 1614 881 1648 tantumdem
911 1617 942 1647 in
971 1613 1143 1647 wdweard
1172 1614 1320 1648 similiter
1339 1625 1397 1659 pro
1426 1613 1561 1656 tributo;
1590 1619 1762 1660 postquam
1792 1618 1900 1648 autem
1929 1614 1970 1648 ad

129 1682 256 1723 portum
287 1676 418 1710 danobii
454 1676 717 1721 Strigoniensem
751 1675 945 1709 devenerint
979 1678 1185 1708 transeuntes
1222 1679 1348 1720 portum
1387 1674 1519 1708 danobii
1553 1685 1618 1708 non
1654 1678 1685 1708 in
1724 1675 1877 1718 danobi0‚
1907 1686 1970 1708 nec

129 1738 210 1772 ultra
239 1737 414 1771 danobium
443 1737 501 1771 sed
531 1748 574 1770 ex
610 1739 671 1770 ista
708 1741 799 1782 parte
834 1734 964 1769 danobii
999 1737 1029 1768 in
1065 1745 1152 1768 nova
1186 1737 1319 1769 civitate
1355 1739 1466 1769 nostra
1505 1735 1726 1780 Strigoniensi
1756 1735 1795 1769 de
1825 1735 1969 1781 quolibet

129 1810 226 1833 curru
255 1801 412 1844 ipsorum,
443 1800 515 1843 qula
546 1809 606 1831 nos
642 1798 777 1830 eosdem
817 1800 1017 1830 mercatores
1052 1798 1084 1828 in
1119 1795 1280 1840 praedictis
1316 1795 1507 1830 tributorum
1537 1801 1724 1830 nostrorum
1754 1796 1969 1830 solutionibus

130 1859 326 1893 alleviamus
354 1863 386 1893 et
413 1870 532 1892 causas
561 1870 620 1904 per
648 1861 816 1904 quospiam
855 1862 968 1890 contra
1005 1855 1182 1902 quemlibet
1210 1859 1354 1902 ipsorum
1384 1860 1415 1890 in
1444 1860 1564 1891 nostris
1593 1860 1716 1891 semitis
1745 1861 1968 1901 emergentes7

130 1924 279 1966 exceptis
309 1919 501 1966 quibusdam
537 1920 686 1952 articulis
722 1919 937 1964 infrascriptis
973 1928 1037 1950 non
1072 1917 1163 1959 alias,
1201 1920 1262 1951 nisi
1298 1920 1329 1951 in
1365 1918 1519 1963 praedicta
1562 1928 1649 1951 nova
1688 1920 1822 1951 civitate
1858 1921 1970 1951 nostra

126 1981 301 2025 judiciario
329 1983 483 2014 examine
513 1991 571 2026 pro
600 1982 760 2013 securiori
789 1984 822 2013 et
850 1978 1062 2023 tranquilliori
1091 1980 1233 2023 ipsorum
1261 1989 1422 2023 processu
1451 1981 1624 2013 annuimus
1651 1978 1870 2012 discutiendas
1886 1979 1970 2021 juris

131 2045 258 2075 tramite
292 2046 501 2087 congruente
538 2052 597 2086 pro
632 2052 672 2074 eo
708 2040 748 2073 de
780 2039 920 2084 singulis
955 2038 1104 2072 curribus
1139 2049 1252 2072 eorum
1289 2043 1351 2072 tam
1390 2042 1420 2072 in
1455 2039 1633 2073 veniendo.
1670 2050 1766 2084 quam
1803 2041 1832 2072 in
1862 2038 1970 2072 eundo

133 2102 262 2136 solvent
291 2101 384 2136 nobis
413 2101 561 2146 singulos
591 2105 729 2146 quatuor
757 2112 906 2145 grossos.
937 2100 976 2133 de
1002 2099 1139 2143 singulis
1160 2103 1267 2132 autem
1287 2103 1379 2145 equis
1399 2112 1457 2134 seu
1478 2099 1654 2145 pecoribus
1674 2110 1803 2133 currum
1824 2102 1970 2144 ipsorum

132 2162 335 2197 trahentibus
370 2167 433 2196 tam
472 2165 598 2196 {estivis
633 2166 665 2195 et
700 2160 971 2207 autumpnalibus·q
1008 2170 1103 2205 quam
1138 2159 1344 2205 hyemalibus
1382 2172 1421 2194 ac
1455 2159 1645 2194 vernalibus
1681 2159 1881 2205 temporibus
1912 2171 1969 2205 pro

132 2227 237 2270 pretio
265 2225 389 2268 navigii
418 2227 451 2257 et
478 2222 587 2256 tributi
616 2222 765 2265 singulos
792 2233 941 2267 grossos.
971 2225 1003 2253 et
1031 2220 1071 2253 de
1100 2220 1170 2253 aliis
1197 2223 1301 2266 equis.
1324 2233 1405 2266 quos
1425 2221 1521 2254 iidem
1543 2225 1745 2254 mercatores
1766 2219 1968 2265 equitabunt.

133 2284 283 2318 dimidios
312 2294 451 2328 grossos
471 2283 604 2317 solvere
625 2282 831 2317 tenebuntur.
863 2282 896 2316 In
920 2281 1087 2315 redeundo
1108 2292 1188 2314 vcro
1208 2284 1239 2314 in
1261 2281 1423 2315 deard
1446 2284 1620 2325 sexaginta
1642 2281 1723 2314 latos
1744 2280 1970 2314 Wiennenses

133 2350 166 2379 et
199 2343 388 2379 tantumden
423 2346 454 2377 in
488 2343 636 2387 Niarbijd
671 2345 803 2378 solvent
837 2344 877 2380 do
912 2342 1049 2385 singulis
1083 2341 1233 2375 curribus
1267 2344 1410 2387 ipsorum
1453 2354 1511 2388 pro
1547 2341 1682 2383 tribut03
1717 2344 1819 2375 ceteri
1860 2348 1968 2375 autem

133 2409 333 2440 mercatores
380 2415 438 2450 per
477 2405 548 2438 loca
590 2404 748 2438 dictorum
792 2404 981 2437 tributorum
1027 2407 1235 2436 transeuntes
1278 2403 1407 2435 telonea
1448 2403 1580 2436 solvent
1614 2413 1675 2447 qna
1711 2406 1838 2436 tenetur
1874 2402 1970 2436 modo

133 2470 293 2501 consueto
323 2492 330 2498 .
363 2493 368 2498 .
399 2465 633 2499 Concessinius
674 2468 770 2498 etiam
813 2465 927 2498 iisdem
971 2463 1207 2497 mercatoribus
1249 2465 1343 2506 regni
1382 2463 1525 2497 Boemize
1567 2466 1598 2495 et
1634 2465 1682 2496 cis
1718 2465 1749 2495 in
1785 2467 1967 2496 mercatura

135 2529 281 2566 sociatis,
311 2531 343 2559 ut
372 2526 477 2559 nullus
506 2528 648 2570 ipsorum
678 2529 708 2559 in
739 2524 1008 2571 possessionibus
1038 2527 1157 2557 nostris
1187 2522 1382 2569 quibuslibet
1410 2534 1469 2568 per
1503 2525 1675 2568 quospiam
1704 2522 1743 2556 ad
1773 2534 1833 2556 nos
1863 2526 1968 2568 perti-

135 2592 250 2622 nentes
279 2598 336 2621 seu
366 2586 447 2619 alios
476 2588 579 2631 possit
614 2586 797 2632 aliqualiter
832 2585 990 2631 impediri,
1027 2585 1079 2618 vet
1119 2587 1148 2618 in
1183 2584 1338 2628 judicium
1376 2594 1434 2628 pro
1469 2583 1610 2628 qualibet
1647 2595 1745 2617 causa
1783 2586 1967 2617 conveniri.

1813 2643 1866 2671 17ss
