2184 2828
343 243 424 276 Item
461 245 612 288 promitto
643 247 673 275 et
702 245 791 285 iuro,
826 243 911 288 quod
947 242 1214 288 quandocunque
1242 248 1317 288 post
1345 243 1616 288 approbationem
1654 245 1844 291 przedictam
1874 247 1904 278 in
1936 244 2040 278 Lom-

189 304 336 337 bardiam
376 308 407 337 et
440 303 616 341 Tusciam,
657 303 709 337 vel
747 315 859 337 earnm
895 304 1029 337 alteram
1067 303 1209 348 aliquem
1244 304 1298 337 vel
1329 303 1456 356 aliquos
1485 308 1606 339 mittam
1636 317 1695 351 pro
1725 309 1821 339 terris
1851 310 1883 339 et
1908 305 2039 349 juribus

190 366 315 409 imperij
352 363 600 408 gubernandis,
637 367 790 408 quotiens
824 364 912 397 illum
950 363 1003 396 vel
1039 363 1111 396 illos
1149 366 1382 406 transmittam,
1416 363 1537 399 faciam
1575 377 1668 407 eum,
1698 371 1729 399 et
1757 377 1816 400 eos
1842 368 1975 409 jurare,
2006 370 2039 398 ut

188 425 319 469 adjutor
346 426 400 458 vel
430 424 600 467 adjutores
630 424 752 458 domini
782 424 877 469 Papa*
908 427 972 457 sint
1000 424 1039 457 ad
1071 423 1315 458 defendendum
1345 429 1465 458 terram
1486 425 1520 460 S.
1541 426 1628 460 Petri
1658 431 1690 459 et
1710 427 1892 460 Romanam
1922 426 2039 459 eccle-

1721 490 1763 529 0·i,
1795 491 1827 520 ut
1853 487 2037 532 praefertur,

189 489 270 519 siam
302 484 483 518 secundum
516 496 610 533 suum
640 496 751 530 posse.
782 485 860 518 Item
892 487 1043 529 promitto
1073 488 1105 517 et
1128 485 1205 528 juro
1226 485 1310 529 quod
1341 487 1367 518 si
1397 489 1565 531 contingat
1595 498 1645 519 me
1675 487 1737 530 eli„

186 545 271 579 infra
308 550 383 579 octo
419 544 489 578 dies
524 546 722 578 electionem
760 556 865 578 nicam
905 544 1093 578 immediate
1128 550 1327 590 sequentes,
1357 558 1472 580 omnes
1508 548 1714 592 supradictas
1751 552 1783 580 et
1811 548 2039 593 infrascriptos

187 609 426 652 promissiones
456 610 487 638 et
511 607 697 649 juramenta
729 605 911 640 renovabo.
943 610 975 639 et
1004 608 1120 639 iterum
1151 605 1269 639 faciam
1290 607 1398 652 plene,
1428 608 1651 652 singulariter,
1682 613 1713 641 et
1733 618 1908 653 expresse,
1939 608 2039 641 vide-

186 668 262 700 licet
290 667 375 712 quod
406 669 515 700 omnia
546 671 577 699 et
605 667 734 711 singula
766 669 990 711 suprascripta
1020 671 1051 700 et
1070 666 1279 712 infrascripta
1302 678 1361 712 per
1381 679 1432 701 ine
1460 672 1635 713 promissa,
1666 673 1697 701 et
1725 680 1784 714 per
1813 679 1865 701 me
1894 671 2039 714 praestito

181 729 371 771 juranwnto
408 727 528 760 vallata
565 732 638 772 post
675 727 947 772 approluitionem
984 738 1091 760 meam
1127 739 1186 772 per
1221 727 1335 761 sedem
1371 729 1598 773 Apostolicam
1638 729 1757 762 factam
1793 728 1879 762 bona
1915 728 1977 762 lide
2007 733 2040 761 et

185 787 421 821 iuviolabiliter
456 787 665 821 observabo.
697 788 833 829 l'aciam,
871 787 1035 832 implebo,
1074 792 1105 821 et
1134 789 1341 832 integraliter
1370 789 1533 822 attendam
1558 791 1654 833 juxta
1686 792 1897 835 przesentium
1927 792 2039 822 conti—

184 851 328 882 nentiam
359 853 390 882 et
419 853 586 882 tenorem:
616 848 770 893 quodque
799 859 873 881 cum
896 851 1019 881 mittam
1049 848 1088 881 ad
1119 848 1232 882 sedem
1254 849 1480 894 Apostolicam
1510 862 1568 895 pro
1598 851 1683 883 dicta
1705 861 1777 883 mea
1799 849 2040 895 approbatione

184 909 355 949 habenda,
387 913 507 942 mittam
546 911 642 942 etiam
680 908 717 942 ad
749 908 863 942 sedem
894 908 1033 942 eandem
1073 914 1183 943 certos
1215 914 1448 955 procuratores
1477 921 1569 944 meos
1598 922 1670 943 cum
1701 912 1816 956 pleno.
1847 910 2039 951 sufficienti,

183 981 370 1015 expresso,
401 981 439 1002 ac
469 969 605 1015 speciali
636 969 791 1002 mandato
821 969 861 1002 de
890 969 1043 1003 ominbus
1073 970 1369 1015 promissionilms,
1405 971 1698 1014 concessionibus,
1729 971 1978 1013 donationilniS,
2008 975 2039 1004 et

184 1030 337 1064 omnibus
367 1034 462 1063 etiam
493 1030 567 1074 alijs
597 1030 811 1075 supradictis,
842 1029 938 1063 vobis
968 1033 1102 1064 immine
1129 1036 1253 1073 vestro,
1283 1036 1314 1064 et
1343 1032 1494 1065 ecclesia»
1514 1032 1672 1065 Romana¹
1702 1032 1950 1077 recipientibus,
1981 1042 2040 1077 per

183 1102 242 1124 cos
273 1102 330 1136 pro
361 1102 412 1124 me
442 1102 480 1124 ac
511 1102 584 1123 meo
613 1094 747 1123 nomine
777 1090 958 1124 faciendis:
988 1094 1042 1136 qui
1071 1096 1327 1137 procuratores,
1364 1103 1437 1125 meo
1475 1095 1607 1126 nomine
1637 1103 1752 1126 omnes
1781 1095 2038 1138 promissiones,

183 1154 444 1193 concessiones,
480 1142 697 1188 donationes',
735 1155 765 1184 et
801 1155 910 1184 omnia
947 1151 1009 1184 alia
1039 1155 1263 1198 suprascripta
1299 1157 1332 1186 et
1359 1152 1570 1198 infrascripta
1606 1156 1637 1187 in
1674 1156 1850 1199 przesentia
1879 1154 1978 1198 plene
2006 1157 2038 1187 et

182 1211 340 1257 specifice
376 1211 518 1249 faciant,
556 1216 588 1245 et
622 1211 824 1257 adimpleant
852 1216 884 1245 ct
922 1212 1121 1258 adimplere,
1153 1217 1185 1246 et
1221 1213 1334 1247 facere
1369 1218 1558 1247 teneantur:
1594 1219 1625 1247 et
1663 1218 1736 1259 post
1765 1213 2037 1259 approbationem

181 1273 368 1318 praedictam
400 1272 485 1306 infra
515 1277 590 1306 octo
621 1273 708 1311 dies,
745 1284 788 1305 ex
818 1284 881 1318 quo
911 1273 951 1306 de
980 1273 1220 1319 approbatione
1249 1277 1318 1319 ipsa
1348 1274 1459 1308 literas
1488 1274 1688 1320 apostolicas
1718 1286 1896 1319 recepero,
1927 1277 2037 1308 omnia

181 1338 213 1367 et
242 1334 372 1378 singula
402 1345 462 1379 per
491 1333 627 1366 eosdem
658 1338 908 1379 procuratores,
940 1338 973 1367 ut
1001 1338 1218 1379 pra-mittitur,
1249 1346 1323 1368 meo
1352 1338 1484 1368 nomine
1512 1335 1599 1368 facta
1628 1346 1794 1380 expresse
1823 1340 1855 1369 et
1883 1335 2038 1380 singula-

181 1397 261 1427 riter
291 1393 450 1439 approbo,
481 1394 665 1431 ratiticabo,
697 1398 728 1427 et
757 1406 816 1439 per
844 1405 896 1427 me
926 1397 1033 1440 ipsmn
1064 1398 1163 1428 etiam
1193 1395 1379 1438 renovabo,
1410 1400 1441 1429 et
1468 1399 1583 1429 iterum
1612 1396 1732 1429 faciam
1762 1396 1833 1430 haee
1863 1395 1904 1429 de
1932 1406 2037 1430 novo:

181 1460 213 1488 et
243 1455 454 1488 nibilominus
485 1459 559 1500 post
589 1458 878 1488 consecrationem
910 1460 942 1488 et
970 1459 1222 1489 coronationem
1254 1467 1359 1490 meam
1381 1457 1585 1502 imperialem
1614 1456 1699 1490 infra
1728 1461 1803 1490 octo
1833 1456 1916 1499 dies,
1948 1468 2034 1490 con-

180 1518 404 1548 secrationem
431 1520 463 1548 et
483 1519 734 1549 coronationem
764 1516 904 1549 eandem
935 1517 1124 1550 immediate
1153 1522 1343 1561 sequentes.
1366 1528 1424 1562 pro
1454 1519 1568 1560 majori
1598 1517 1750 1550 firmitate
1771 1520 1916 1551 (annium
1945 1528 2036 1563 prae-

181 1576 343 1609 dictorum
379 1579 452 1621 ipsa
487 1579 596 1609 omnia
633 1581 665 1610 et
700 1577 829 1621 singula
869 1577 1039 1610 ratilicabo
1074 1582 1106 1610 et
1135 1581 1240 1611 eciam
1277 1578 1448 1611 renovabo
1482 1578 1694 1622 singulariter
1730 1583 1762 1611 et
1791 1589 1975 1623 expresse:
2005 1582 2038 1611 et

182 1648 282 1682 super
319 1640 500 1682 przemissis
537 1637 689 1671 omnibus
725 1642 757 1671 et
787 1638 948 1682 singulis,
985 1643 1017 1672 et
1052 1650 1110 1684 pro
1146 1638 1289 1684 qualibet
1326 1642 1401 1672 vice
1430 1638 1470 1672 de
1500 1639 1662 1684 pra-dictis
1687 1641 1799 1681 juxtra
1829 1642 2035 1684 praemissam

181 1697 427 1731 distinctionem
464 1702 648 1743 temporum
685 1698 770 1732 dabo
800 1699 913 1732 literas
943 1710 1035 1732 meas
1066 1699 1336 1745 quadruplicatus
1365 1699 1511 1733 eiusdem
1541 1702 1665 1733 tenoris
1694 1704 1847 1745 patentes
1877 1704 1907 1732 et
1936 1698 2037 1733 suffi—

181 1761 323 1795 cientes„
355 1770 393 1792 ac
423 1758 545 1803 sigillo,
575 1770 639 1803 quo
669 1759 762 1792 dictis
793 1764 866 1793 utar
894 1760 1111 1806 tenqioribus,
1141 1763 1370 1794 csnnnnmitas.

335 1819 417 1853 Item
447 1830 548 1864 super
576 1824 691 1853 sancta
720 1820 781 1854 Dei
812 1820 998 1865 Evangelia
1029 1822 1249 1866 corporaliter
1278 1832 1375 1854 manu
1404 1825 1488 1854 tacta
1518 1823 1602 1854 iuro.
1620 1820 1718 1864 -quod
1748 1820 1869 1853 nullam
1900 1823 2035 1854 omnino

180 1882 450 1925 promissionem,
480 1879 602 1913 nullum
634 1885 778 1926 pactum,
809 1882 1000 1927 nullumque
1029 1885 1261 1924 iuramentum,
1291 1893 1353 1915 nec
1374 1881 1491 1926 aliquid
1522 1881 1607 1914 aliud
1630 1882 1710 1914 feci:
1740 1892 1801 1926 per
1828 1881 1913 1926 quod
1944 1892 2035 1926 prae—

180 1943 303 1977 missis,
333 1941 388 1974 vel
418 1951 533 1974 eorum
563 1941 660 1974 alicui
690 1945 792 1987 possit
821 1945 852 1976 in
884 1942 995 1987 aliquo
1024 1942 1272 1988 quomodolibet
1301 1942 1467 1987 derogari.
1497 1941 1768 1975 Etnihi1‹›1mnus
1799 1953 1900 1987 super
1919 1945 2034 1975 sancta

179 1999 244 2036 Dei
281 2001 460 2046 evangelia
498 2003 719 2047 corporaliter
759 2014 858 2036 mann
894 2007 982 2037 tacta
1017 2007 1109 2041 iuro,
1149 2006 1320 2049 praemissa
1356 2005 1464 2036 onmia
1501 2007 1533 2035 et
1568 2003 1698 2046 singula
1729 2013 1781 2035 me
1809 2002 1972 2036 facturum
2003 2006 2035 2035 et

179 2063 439 2107 completurum,
474 2066 507 2095 et
541 2063 630 2096 nullo
666 2075 807 2109 unquam
845 2069 995 2110 tempore
1031 2076 1090 2110 per
1126 2076 1178 2098 me
1214 2064 1267 2098 vel
1303 2065 1385 2098 alios
1413 2067 1527 2096 contra
1556 2062 1626 2101 illa,
1657 2062 1712 2096 vel
1741 2063 1870 2108 aliquod
1901 2062 1942 2096 de
1970 2062 2034 2096 illis

180 2126 298 2168 quovis
336 2123 433 2156 modo
472 2127 660 2157 venturum.
704 2124 775 2158 Etsi
812 2124 916 2171 [quod
953 2125 1055 2170 absit)
1091 2129 1304 2169 contingeret
1333 2135 1383 2157 me
1419 2124 1549 2165 facere,
1580 2123 1709 2165 dicere,
1738 2126 1948 2168 promittere,
1977 2123 2033 2157 vel

179 2186 290 2216 iurare
327 2183 435 2228 aliqua
477 2183 532 2218 vel
561 2183 699 2229 aliquid,
729 2197 800 2231 qua?
830 2188 1028 2231 praemissis,
1064 2186 1118 2220 vel
1157 2196 1273 2219 eorum
1307 2185 1403 2218 alicui
1438 2188 1575 2229 possent
1608 2183 1854 2228 quomodolibet
1881 2183 2033 2227 obviare,

179 2244 232 2276 vel
270 2255 321 2277 me
358 2244 397 2277 ad
433 2243 553 2290 aliquid
589 2255 688 2278 secus
724 2246 891 2290 agendum
921 2246 1097 2289 inducere,
1132 2247 1186 2280 vel
1216 2245 1291 2280 mihi
1320 2247 1531 2279 occasionem
1568 2245 1688 2288 agendi
1718 2250 1835 2278 contra
1864 2245 2032 2290 praedicta,

181 2304 233 2336 vel
255 2315 368 2338 eorum
391 2305 521 2350 aliquod
543 2305 789 2350 quomodolibet
811 2310 1018 2349 ministrare,
1039 2306 1264 2349 nihilominus,
1286 2306 1348 2339 illis
1370 2315 1612 2350 nequamquam
1634 2305 1854 2348 obstantibus,
1875 2305 2032 2351 praedicta

180 2367 289 2397 omnia
319 2369 351 2398 et
379 2366 508 2409 singula
538 2366 714 2411 complebo
743 2372 775 2401 et
805 2368 1042 2401 inviolabiliter
1070 2367 1274 2409 observabo,
1303 2370 1335 2399 et
1363 2365 1402 2399 ad
1430 2376 1469 2398 ea
1497 2366 1706 2410 complenda,
1737 2370 1769 2400 et
1796 2365 2033 2400 inviolabiliter

180 2423 390 2458 observanda
427 2437 470 2459 ex
499 2427 777 2472 promissionibus
807 2433 839 2462 et
867 2431 1059 2462 iuramentis
1088 2430 1269 2474 praemissis
1297 2437 1429 2471 semper
1457 2436 1510 2459 me
1540 2426 1615 2460 volo
1644 2438 1821 2460 remanere
1850 2426 2033 2460 efficaciter

181 2484 372 2527 obligatum.
404 2486 444 2520 Et
472 2498 516 2520 ex
544 2498 632 2520 nunc
661 2491 760 2521 etiam
790 2493 929 2522 attestor
957 2493 989 2522 et
1018 2493 1201 2534 protestor,
1239 2499 1290 2521 me
1327 2486 1414 2521 velle
1443 2491 1475 2519 et
1503 2487 1691 2531 intelligere
1720 2491 1890 2533 praemissa
1920 2490 2030 2521 onmia

182 2549 213 2577 et
241 2545 369 2588 singula
399 2549 448 2579 sic
477 2548 615 2581 exclusa
645 2547 718 2582 fore
747 2549 786 2582 ab
817 2549 970 2583 omnibus
1000 2548 1095 2583 factis
1124 2553 1157 2583 et
1184 2546 1459 2594 promissionibus
1487 2558 1525 2580 ac
1547 2550 1741 2582 iuramentis
1770 2547 1970 2594 specialibus
1999 2552 2031 2581 et

181 2605 415 2649 generalibus,
450 2618 509 2652 per
544 2619 595 2641 me
630 2609 877 2654 quomodolibet
910 2609 1093 2653 faciendis,
1130 2620 1191 2654 per
1225 2619 1297 2653 quae
1327 2610 1526 2653 praemissis,
1562 2609 1616 2642 vel
1646 2620 1760 2642 eorum
1790 2609 1888 2642 alicui
1916 2612 2031 2654 posset
