2184 2828
1069 116 1116 149 98

170 235 353 277 moen-toz,
384 238 414 267 et
443 245 509 267 vno
539 244 597 279 per
626 231 846 266 chzkonem
875 231 994 266 ibidem
1024 243 1082 277 per
1121 231 1217 264 tilium
1254 231 1377 265 Vitlini.
1414 244 1481 266 vno
1511 236 1541 266 in
1572 232 1806 268 Schentmicz.
1836 238 1867 267 et
1895 237 2012 278 quarto

169 307 228 341 per
255 294 471 328 U'okkonem
501 298 532 327 et
560 293 680 326 fratres
700 303 788 335 suos,
811 292 929 326 ibidem
950 295 982 326 in
1002 291 1259 335 Schenckuffcz,
1281 292 1319 326 ad
1341 303 1402 326 nos
1423 297 1453 326 et
1472 293 1625 337 Regnum
1646 298 1790 327 nostrum
1811 298 2011 339 spectantes,

169 356 372 389 conserimus
408 354 596 395 liberaliter,
633 357 665 386 et
699 352 870 395 donamus,
906 356 960 399 pie
994 352 1035 386 ob
1070 352 1209 386 salutem
1244 357 1276 386 et
1310 353 1490 387 remedium
1525 358 1721 388 nostrarum.
1761 358 1791 387 et
1824 359 2012 387 nostrorum

170 416 449 450 predecessorum
479 417 672 456 animarum,
702 425 761 459 per
789 424 851 447 vos
880 418 911 447 et
940 417 1086 448 vestrum
1114 411 1355 447 Monasterium
1376 413 1594 459 possidendos
1613 418 1773 459 perpetuo
1793 418 1825 447 et
1844 413 2014 448 habendos

169 477 400 510 Decernentes
439 475 545 508 edicto
580 478 740 520 perpetuo
778 478 940 520 quatenus
976 484 1193 519 possessores
1237 476 1383 519 ipsorum
1424 474 1622 517 Laneorum,
1653 474 1816 517 Sei-uician
1850 474 1948 508 vobis
1983 479 2014 508 et

169 542 284 571 vestro
313 536 531 577 Monasterio.
561 534 685 577 facere,
724 539 755 568 et
796 534 957 568 exhibere
998 533 1151 575 debeant,
1188 544 1251 579 que
1284 533 1380 568 nobis
1414 534 1528 568 facere
1563 534 1784 581 quomodlibet
1812 539 2014 568 tenerentur.

170 597 366 631 Mandantes
409 598 576 629 vniuersis
611 599 642 629 et
675 595 822 639 Singulis
857 593 995 636 villicis,
1034 605 1094 628 seu
1137 593 1334 628 Castellanis
1376 594 1646 641 Znoymensibns
1681 599 1713 629 et
1755 595 1825 629 aliis
1866 595 2016 630 fidelibus

171 661 293 692 nostris
322 656 543 702 presentibus,
573 660 605 690 et
634 658 686 702 qui
715 666 774 701 pro
803 659 951 701 tempore
970 654 1102 697 fuerint,
1124 658 1284 700 quatenus
1304 655 1375 689 Vos
1399 655 1455 689 vel
1473 655 1713 689 Monasterium
1741 660 1888 689 vestrum
1917 666 2018 702 super

171 717 354 752 huiusmodi
384 721 494 751 nostra
524 716 708 750 donacione
736 727 802 749 non
832 715 1018 749 molestent.
1048 718 1238 761 inquietent,
1265 720 1297 749 et
1324 715 1525 762 perturbent,
1546 727 1609 750 nec
1629 715 1808 758 molestari,
1829 718 2016 762 inquietari,

170 779 224 813 vel
261 778 380 812 turbari
418 789 478 823 per
512 777 594 811 alios
635 775 881 822 quomodolibet
914 779 1116 822 permittant.
1152 775 1423 821 Indignacionem
1458 781 1617 819 nostram,
1659 779 1685 810 si
1723 787 1821 811 secus
1858 779 2018 822 quispiam

171 843 366 885 attemptare
394 840 644 884 presumpserit,
675 848 711 870 se
740 839 869 870 nouerit
896 839 1114 870 incursurum.
1144 836 1269 870 Harum
1297 836 1394 871 Serie
1419 841 1449 870 et
1469 840 1658 871 testimonio
1677 837 1869 871 litterarum.
1898 836 2019 871 Datum

171 899 322 945 Znoyme
352 900 451 932 Anno
481 899 601 932 domini
631 897 805 931 Millesimo
835 897 1086 931 Trecentesimo
1116 897 1300 931 Tricesimo
1329 897 1446 932 Sexto.
1476 900 1507 931 in
1537 898 1590 931 die
1619 897 1705 931 beati
1735 896 1831 932 Galli.

480 977 546 1009 (Das
571 976 644 1004 ori-„n
670 976 716 1001 aus
737 976 893 1006 Pergameni
920 977 962 1001 mit
987 977 1072 1002 einem
1097 984 1212 1004 gri-ossen
1237 976 1435 1002 zerbroelienen
1460 976 1654 1011 Doppelsigille
1679 978 1710 1002 im
1737 976 1851 1002 Areliive
1876 976 2018 1002 desselben

583 1028 714 1056 Klosters,
746 1029 777 1053 im
809 1036 841 1053 ιιι,
874 1032 906 1053 st.
935 1028 1147 1054 Landesaretiive
1178 1027 1224 1054 Lit.
1256 1026 1291 1054 H.
1323 1037 1347 1054 ιι.
1379 1028 1427 1054 30.
1459 1044 1486 1047 —
1518 1029 1692 1062 Abgt-‹truckt
1724 1028 1765 1054 bei
1793 1028 1878 1054 Pelzel
1902 1028 1932 1054 K.
1958 1028 2020 1054 Karl

586 1081 629 1106 ΙΥ.
656 1080 827 1107 [rkundenb.
854 1080 872 1106 l.
902 1079 969 1106 1¹21.
997 1089 1021 1106 n.
1047 1080 1142 1109 (ΧΥ.)

1051 1208 1153 1243 143.

319 1277 439 1341 Kart‚
469 1296 646 1342 Markgral'
670 1308 736 1330 von
765 1296 917 1339 Mithren,
946 1295 1078 1330 besiehlt
1108 1295 1170 1329 den
1207 1295 1396 1330 Trientiner
1424 1295 1595 1330 Beamten.
1626 1295 1788 1329 wahrend
1816 1295 1876 1329 der
1903 1294 2025 1329 Sedis-

174 1370 303 1392 vacanz
333 1359 406 1393 dem
432 1357 595 1392 ltlatthaus
624 1358 686 1391 und
708 1358 873 1391 Justiiiian
901 1368 969 1392 von
999 1356 1154 1399 Gardelm
1184 1355 1320 1391 Richter
1348 1368 1387 1390 zu
1408 1356 1535 1390 Trient.
1565 1356 1648 1390 iiber
1675 1356 1738 1390 alle
1757 1355 1937 1390 Einkiinfte
1966 1355 2026 1390 der

176 1419 298 1453 Kirche
327 1422 359 1453 in
389 1419 504 1453 Trient
532 1418 625 1452 Rede
654 1418 718 1452 und
747 1419 905 1452 Antwort
933 1430 973 1451 zu
1002 1417 1124 1462 geben.
1156 1417 1270 1451 Trient
1300 1416 1358 1451 14.
1389 1416 1535 1450 October
1566 1415 1674 1451 1336.

484 1498 572 1531 (Orig.
598 1499 630 1523 im
656 1498 680 1523 k.
707 1498 732 1523 k.
758 1497 899 1525 «gebennen
925 1497 1039 1522 Areliive
1064 1505 1094 1522 zu
1120 1497 1224 1529 wien.)

1055 1625 1156 1660 144.

180 1706 291 1750 li'om'y
319 1705 455 1738 Jolmme
487 1716 549 1738 ron
579 1704 730 1738 Bolemen
761 1703 903 1748 best-eie!
933 1704 986 1737 (lie
1017 1703 1280 1737 Eibenscln‘tz-er
1299 1702 1434 1746 Rea-yer
1470 1714 1531 1735 ron
1561 1703 1621 1735 der
1641 1702 1797 1747 Zalelunq
1825 1703 1884 1736 (les
1906 1702 2028 1735 Ziuses

180 1778 244 1799 ron
273 1767 335 1799 {len
370 1765 604 1809 ll'ee'uffli'rlen.
635 1765 792 1807 Feldern,
835 1764 969 1799 tt'ieseu
1006 1776 1036 1797 ιι.
1066 1776 1093 1798 s.
1124 1776 1163 1798 w.
1194 1775 1237 1797 an
1266 1764 1319 1797 die
1353 1763 1486 1807 (ΙονΙῖῃε
1521 1763 1646 1807 lfom'yl.
1678 1763 1783 1807 Bury,
1814 1762 2027 1808 retpllv'eltlet

178 1828 228 1859 sie
258 1826 342 1859 uber
370 1838 431 1859 zur
460 1827 619 1859 ereiteren
649 1825 785 1870 s‘lltsethr
813 1826 871 1858 des
901 1825 1079 1858 Zeleemles
1107 1836 1150 1857 (ιη
1180 1824 1233 1858 die
1261 1824 1394 1868 {Iorle‘qe
1429 1824 1568 1857 Iso-elie.
1626 1824 1684 1857 Dt.
1730 1823 1883 1858 ll'e'emie.
1914 1825 1945 1856 in
1975 1824 2028 1857 de'e

694 1886 723 1920 Ι).
759 1886 847 1919 Lat-(¹
879 1885 1044 1930 Eranyel.
1077 1884 1159 1927 (18.
1192 1884 1360 1927 October)
1393 1883 1503 1918 1336.

332 1961 525 2016 «lohannes
568 1982 618 2015 dei
661 1984 774 2020 gracia
813 1981 971 2014 Bolieinie
1013 1981 1088 2014 Rex
1130 1992 1170 2014 ac
1211 1978 1511 2023 Lucemlnirgensis
1553 1980 1673 2012 t'oines
1716 1978 1864 2012 tidelibus
1906 1981 2028 2012 nostris

180 2043 307 2076 dilectis
338 2071 343 2076 .
377 2070 383 2076 .
413 2042 519 2075 Judici
549 2047 580 2075 et
608 2042 731 2076 Juratis
761 2045 790 2075 in
821 2041 1031 2075 Ybantseliitz
1060 2044 1207 2085 graciam
1237 2051 1328 2074 suani
1359 2045 1389 2073 et
1419 2051 1515 2073 omne
1545 2039 1677 2073 bonum.
1719 2039 1887 2073 lnl'orinati
1917 2050 2030 2073 sumus

184 2115 241 2148 per
276 2104 450 2137 nonnullos
486 2107 665 2148 sapientes.
702 2103 788 2148 quod
825 2114 886 2136 vos
922 2108 953 2136 et
989 2105 1147 2136 concines
1183 2106 1316 2136 vestros
1350 2112 1367 2133 a
1407 2100 1578 2134 solucione
1614 2100 1740 2133 decime
1777 2099 1817 2133 de
1852 2102 1962 2133 vineis
1998 2102 2030 2133 in

184 2167 273 2207 agris
304 2167 415 2209 pratis,
447 2175 505 2197 seu
535 2165 607 2197 aliis
637 2164 717 2197 locis
746 2163 786 2196 de
816 2163 931 2209 quibus
967 2168 1042 2196 ante
1077 2162 1215 2196 dalmtur
1250 2165 1376 2205 integra
1413 2161 1552 2196 decima.
1589 2160 1674 2206 apud
1713 2171 1774 2194 vos
1810 2160 1964 2206 plantatis
1999 2164 2032 2194 et

184 2225 367 2270 plantandis
404 2228 435 2258 in
472 2225 717 2258 detraccionein
754 2223 906 2258 Ecclesie
942 2224 1061 2257 ibidem
1097 2235 1157 2269 per
1194 2233 1330 2256 censum
1373 2224 1551 2266 vnicuique
1586 2224 1685 2254 vinee
1723 2223 1919 2266 impositum.
1956 2221 2031 2255 licet

182 2296 282 2330 super
311 2285 371 2317 lioe
402 2284 497 2318 vobis
526 2285 674 2319 dedimus
695 2284 775 2317 alias
797 2289 924 2318 nostras
946 2285 1068 2318 litteras
1090 2296 1153 2318 non
1176 2286 1339 2330 possimus
1359 2281 1524 2318 libertare.
1547 2286 1679 2327 propter
1698 2281 1782 2326 quod
1805 2281 2030 2315 ordinauimns

184 2357 242 2390 per
262 2345 342 2378 alias
363 2351 491 2379 nostras
512 2346 623 2379 literas
643 2349 674 2379 et
695 2348 878 2379 statuimus.
902 2350 933 2379 vt
955 2346 995 2378 de
1016 2344 1200 2378 liuisumodi
1222 2346 1328 2378 vineis
1348 2342 1500 2376 annnodo
1521 2342 1559 2375 ad
1581 2342 1732 2375 Castrum
1759 2345 1789 2376 in
1811 2341 2032 2376 Ybantscliicz

184 2406 319 2439 soluatis
349 2409 476 2450 penitus
516 2407 636 2440 nullum
666 2417 813 2439 censum.
851 2405 1047 2439 Mandantes
1083 2405 1226 2439 fidelitati
1264 2408 1376 2437 vesu-e
1413 2404 1546 2436 tirmiter
1582 2407 1611 2435 et
1646 2414 1822 2448 expresse,
1852 2407 1887 2437 vt
1914 2413 2031 2435 omnes

184 2469 343 2500 concines
374 2471 503 2500 vestros
533 2471 645 2501 nostra
675 2469 706 2500 in
736 2466 796 2500 liae
827 2471 917 2512 purte
947 2467 1018 2499 l'reti
1050 2468 1255 2500 auctoritate.
1285 2467 1368 2498 sicut
1397 2468 1542 2497 nostram
1573 2463 1744 2497 volueritis
1774 2462 2030 2497 irremissibilem

184 2530 292 2560 vitare
322 2526 587 2569 indignacionem
617 2532 732 2561 tenere
761 2531 792 2560 et
827 2528 1027 2572 compellere
1065 2529 1174 2571 itique
1208 2525 1367 2558 debeatis⁴
1404 2524 1489 2569 quod
1526 2536 1542 2557 a
1572 2523 1742 2557 solucione
1777 2534 1898 2557 census
1928 2525 2032 2556 nostri

187 2588 346 2621 haetenus
373 2587 466 2621 nobis
493 2587 531 2620 ad
559 2593 700 2621 castrum
729 2593 875 2622 nostrum
897 2590 992 2621 annis
1013 2586 1152 2631 singulis
1172 2586 1235 2619 (lati
1257 2589 1416 2631 perpetuo
1437 2584 1575 2618 absoluti
1597 2584 1748 2618 Eeclesie
1769 2587 1799 2618 in
1820 2582 2032 2617 thntsctntz
