2184 2828
1099 98 1145 131 30

204 217 437 262 religiosarum
465 226 696 262 personarum,
726 226 790 261 que
819 215 936 248 diuinis
964 217 1116 248 insistunt
1150 213 1317 259 obsequijs
1352 225 1424 248 cum
1453 214 1603 260 profectu
1633 215 1808 260 diligencia
1836 214 2046 257 intendimus,

203 282 235 311 et
263 277 387 311 eisdem
416 281 531 311 nostre
560 277 722 320 largitatis
750 274 911 309 beneficia
940 274 1077 308 vbilibet
1104 276 1315 320 impertimur.
1346 274 1530 320 Eapropter
1558 279 1620 308 tam
1650 286 1788 321 presens
1814 275 1892 309 Etas
1920 277 2050 309 nouerit

207 350 304 384 quam
333 340 510 384 posteritas
539 347 737 371 successura
759 335 853 377 Quod
880 335 949 369 Nos
975 335 1081 369 Bolko
1110 335 1162 368 dei
1189 336 1303 379 gracia
1331 335 1398 368 dux
1418 334 1525 369 Slesie
1553 335 1704 369 dominus
1733 335 1772 370 de
1793 335 2049 370 Furstemberch

205 403 238 432 et
268 401 299 432 in
329 398 511 439 Swidnicz,
541 396 748 431 attendentes
776 400 949 442 parentum
969 400 1157 429 nostrorum
1178 406 1217 428 ac
1237 398 1401 440 propriam
1422 396 1571 439 salutem,
1593 399 1850 442 instantiuasque
1865 399 2050 442 peticiones

206 459 422 493 Serenissimi
450 460 606 504 principis
636 457 757 491 domini
785 456 899 490 Karuli
927 455 1130 490 Marchionis
1158 454 1318 498 Morauie,
1348 455 1447 489 incliti
1468 456 1588 490 domini
1607 456 1768 490 Jobannis
1789 456 1892 501 Regis
1912 456 2049 490 Boeinie

205 522 426 566 primogeniti,
457 519 667 559 admittimus,
697 517 922 559 concedimus,
952 521 985 550 ct
1012 516 1162 550 fauemus
1183 515 1359 560 Religiosis
1387 519 1479 559 viris,
1500 516 1647 559 Rectori,
1668 516 1783 560 Priori,
1811 521 1841 550 et
1862 516 2047 551 Conuentui

205 580 342 614 fratrum
372 579 615 626 predicatorum
643 581 676 612 in
705 577 886 620 Swidnicz,
917 577 1046 611 deuotis
1074 579 1194 610 nostris
1220 575 1354 620 dilectis,
1381 579 1435 622 qui
1460 588 1546 611 nunc
1573 582 1647 611 sunt
1675 582 1729 611 aut
1748 580 1801 623 qui
1821 588 1880 623 pro
1900 581 2050 623 tempore

205 640 326 674 fuerint
362 640 493 683 ibidem,
528 643 564 673 vt
599 641 660 684 ipsi
693 638 881 672 Ecclesiam
919 641 950 671 et
983 636 1126 670 CllOrunl
1162 635 1298 670 Cenobii
1332 642 1446 671 sancte
1480 641 1600 681 crucis,
1637 638 1860 671 dormitorium
1895 648 1935 671 ac
1968 638 2050 672 alias

205 712 284 736 suas
305 701 457 734 officinas
477 702 689 734 necessarias
711 709 812 744 super
830 708 957 731 murum
977 697 1062 741 dicte
1081 699 1220 730 ciuitatis
1237 696 1403 731 Swidnicz
1422 701 1513 732 iuxta
1534 698 1707 733 consilium
1727 703 1759 732 et
1778 697 2049 732 informacionem

206 764 399 797 dilectorum
429 766 618 796 nostrorum
647 763 766 794 ciuium
795 759 914 793 ibidem
943 762 1127 793 instaurare
1156 761 1186 791 et
1214 757 1367 792 edificare
1394 764 1532 804 possunt
1552 759 1636 804 (sie)
1656 763 1688 792 et
1716 759 1863 800 valeant,
1893 758 2049 805 quando-

207 834 338 870 cunque
367 826 415 856 eis
444 822 585 869 placebit
614 826 644 855 et
674 820 810 855 facultas
839 820 967 853 affuerit
996 818 1165 865 operandi.
1195 818 1316 852 Harum
1344 823 1526 853 nostrarum
1557 831 1637 865 quas
1666 819 1781 864 Sigillo
1801 823 1913 853 nostro
1934 821 2050 853 maiori

205 887 398 929 consignari
428 883 565 917 facimus
595 882 800 916 Testimonio
830 880 1022 914 litterarum.
1078 879 1200 912 Actum
1238 883 1269 912 et
1307 879 1413 913 datum
1449 880 1620 914 Swidnicz
1654 879 1863 925 presentibus
1900 879 2050 914 fidelibus

206 948 328 979 nostris
363 944 510 978 Henrico
545 944 585 977 de
620 942 795 987 Hugwiez.
833 941 1014 985 Peregrino
1051 940 1090 973 de
1120 939 1354 983 Peterswalde,
1394 940 1558 983 militibus,
1601 940 1739 974 Alberto
1781 940 1821 974 de
1858 939 2050 983 Krenwicz,

205 1005 359 1048 Martino,
400 1009 431 1039 et
467 1004 611 1038 Henrico
647 1003 686 1036 de
721 1001 974 1040 Swenkenuelt,
1011 1005 1043 1034 et
1076 1000 1218 1047 Eylx'one
1254 1000 1436 1045 Bur-granio
1473 1005 1585 1034 nostro
1623 1004 1652 1034 in
1683 1000 1881 1046 Kinspercli,
1911 1001 2051 1047 aliisque

206 1066 399 1111 fidedignis,
443 1066 542 1099 Anno
585 1064 706 1097 donnini
748 1062 924 1096 Millesimo
966 1061 1220 1095 Trecentesimo
1262 1061 1442 1095 Tricesimo
1485 1061 1606 1102 Quinto
1649 1061 1685 1095 ln
1727 1061 1779 1094 die
1821 1063 2050 1096 conuersionis

204 1130 310 1161 sancti
339 1126 440 1160 Pauli.

514 1213 599 1243 (Nacti
623 1212 682 1238 dem
709 1212 782 1241 θήρ.
809 1211 855 1237 aus
875 1211 1033 1243 Pergament
1063 1211 1106 1235 mit
1131 1211 1215 1235 einen}
1247 1209 1436 1243 anli'angenden
1453 1209 1544 1238 Sit-ville
1571 1210 1602 1234 im
1628 1209 1729 1243 konigt.
1748 1209 1862 1235 Areliive
1886 1218 1917 1236 zu
1929 1209 2049 1243 Breslau,

618 1264 776 1297 mitgetlieilt
800 1271 859 1288 vom
885 1262 1013 1288 Ari-bivar
1038 1261 1081 1287 Dr.
1107 1262 1310 1294 wattenbach.)

1095 1408 1169 1443 37.

205 1501 327 1535 Sirreo
356 1500 422 1533 med
449 1498 639 1543 illarquard
673 1508 734 1530 rou
765 1496 886 1530 Nos-ile
921 1495 1087 1529 seltenlfen
1125 1496 1187 1528 das
1216 1495 1383 1528 Patrona!
1413 1494 1494 1527 iiber
1522 1495 1575 1527 die
1604 1495 1733 1528 lsirclae
1761 1507 1801 1528 zu
1830 1495 1951 1529 thse'le
1978 1495 2052 1530 dem

299 1562 556 1594 Proemonstrat.
588 1559 730 1592 Kloslei·
758 1570 798 1591 zu
828 1556 1011 1590 llraclisele.
1042 1556 1102 1589 Dt.
1132 1558 1164 1589 in
1193 1556 1246 1589 (lie
1274 1555 1499 1590 Scholastica?
1530 1555 1609 1597 (10.
1641 1555 1816 1597 Febrmzr)
1849 1555 1958 1590 1335.

359 1655 450 1708 'Axos
472 1673 612 1706 Swrczo
642 1676 673 1705 et
692 1670 909 1717 Marquardus
939 1669 1059 1704 fratres
1087 1671 1237 1714 germani
1266 1668 1339 1702 dicti
1367 1668 1407 1702 de
1427 1667 1549 1702 Nasile.
1580 1668 1632 1702 Ad
1653 1671 1799 1702 notitiam
1819 1672 2051 1703 universorum

206 1738 354 1781 cupimus
390 1733 597 1780 presentibus
630 1732 802 1773 devenire,
839 1731 923 1777 quod
961 1730 1206 1776 perpendentes
1242 1741 1301 1763 nos
1335 1728 1418 1762 diem
1461 1729 1597 1762 districti
1640 1732 1816 1772 examinis,
1859 1740 1922 1775 que
1964 1733 2051 1764 terre

206 1796 417 1830 fundamenta
447 1797 645 1840 qvatientes.
675 1796 847 1839 (minisque
876 1803 954 1826 caro
984 1802 1163 1836 resurgens
1188 1790 1297 1835 jdcam
1331 1791 1499 1835 pristinam
1529 1794 1667 1835 repetet.
1703 1795 1737 1823 nt
1765 1790 1805 1824 ad
1833 1794 2050 1836 conspectum

206 1868 345 1902 gravem
382 1860 413 1889 et
450 1853 754 1900 ineomplaeabilcm
787 1853 908 1897 judicis
944 1864 981 1886 se
1014 1856 1232 1898 representet,
1268 1854 1395 1884 cautum
1431 1852 1527 1893 igitur
1562 1850 1633 1883 l'ore
1666 1851 1841 1893 credimus,
1877 1855 1912 1884 vt
1947 1850 2051 1884 fidelis

207 1916 355 1963 qvilibet,
386 1919 417 1950 in
447 1915 509 1949 boe
539 1915 631 1948 brevi
661 1915 824 1948 curriculo
854 1916 1010 1959 temporis
1039 1912 1133 1946 bonis
1163 1911 1316 1958 operibus
1345 1913 1448 1956 ipsam
1479 1911 1679 1944 tremendam
1709 1911 1794 1945 diem
1823 1910 1941 1944 debeat
1969 1922 2051 1956 prc—

206 1981 335 2020 venire,
367 1988 405 2010 ea
434 1975 627 2010 seminando
659 1979 689 2008 in
719 1978 827 2017 terris,
858 1985 922 2020 qve
951 1973 1082 2007 domino
1112 1973 1316 2007 eoncedente
1344 1982 1415 2004 cuni
1443 1972 1608 2016 multiplici
1637 1971 1742 2005 fructu
1763 1972 1921 2016 colligere
1942 1971 2052 2005 valeat

206 2042 237 2072 in
267 2038 425 2071 excelsis.
456 2036 525 2070 Nos
555 2039 662 2081 itaque
692 2039 743 2081 pia
774 2038 849 2068 nioti
879 2035 1069 2068 devotione.
1100 2039 1131 2067 et
1160 2038 1282 2067 matura
1311 2030 1479 2078 preliabita
1510 2031 1748 2065 deliberatione
1776 2033 1830 2076 jus
1859 2036 2050 2077 patronatus

206 2100 349 2133 ecclesie
390 2101 421 2132 in
461 2097 537 2131 villa
574 2097 762 2142 supradicta
798 2095 921 2138 Nasile,
959 2098 1019 2128 sita
1056 2097 1086 2128 in
1124 2096 1292 2140 provincia
1321 2092 1537 2138 Oppaviensi,
1574 2092 1613 2125 ad
1649 2104 1708 2126 nos
1738 2094 1813 2136 jure
1851 2092 2050 2126 hereditario

207 2164 391 2205 spectante,
436 2160 636 2192 monasterio
672 2158 706 2190 S.
745 2156 901 2202 Stephani
938 2156 1058 2189 Protlio
1096 2155 1264 2201 Mai-tyris,
1306 2158 1338 2187 et
1372 2152 1502 2186 doniino
1546 2152 1714 2186 Friderico
1756 2152 1890 2189 Abbati.
1928 2155 2050 2199 totique

205 2223 398 2261 conventui,
429 2224 460 2253 et
489 2222 631 2265 ipsorum
661 2217 914 2251 suecessoribus
943 2220 973 2250 in
1002 2216 1131 2258 Gradis,
1153 2216 1276 2249 ordinis
1297 2216 1607 2260 premonstratensis
1630 2214 1859 2247 (domucensis
1879 2213 2049 2259 dyecesis,

208 2284 238 2314 in
270 2283 370 2314 nostri
402 2284 654 2324 nostrorumque
683 2281 929 2324 progenitorum
967 2276 1144 2311 remedium
1182 2279 1374 2315 aminarum,
1404 2273 1531 2313 danius,
1561 2273 1733 2310 donamus.
1764 2278 1795 2307 et
1823 2274 2048 2317 concedimus,

206 2335 393 2375 donatione¹
416 2341 561 2385 perfecta
591 2344 622 2373 et
651 2337 872 2373 irrevocabili.
909 2351 947 2371 ae
983 2342 1153 2383 perpetuo.
1191 2337 1285 2382 pleno
1313 2339 1344 2368 et
1376 2337 1461 2367 oiniii
1487 2335 1564 2377 jure
1593 2346 1644 2369 eo,
1675 2346 1740 2380 qvo
1771 2334 1938 2380 hueusque
1965 2345 2049 2380 pos-

207 2402 366 2437 sedimus.
405 2405 435 2433 et
472 2412 536 2445 qvo
573 2401 610 2434 ad
648 2411 707 2433 nos
743 2399 948 2441 dignoscitur
985 2400 1191 2443 pervenisse.
1229 2395 1441 2430 Nihilominus
1476 2397 1562 2427 ‹nnni
1601 2395 1834 2438 jurisdictioni,
1870 2406 1965 2441 qnam
2008 2394 2048 2427 du

207 2463 385 2497 ecch-siam
416 2461 554 2494 eaiideni
584 2460 767 2494 habuimus.
799 2463 1032 2492 renunciamus
1060 2458 1247 2491 omnimode
1283 2459 1312 2490 in
1348 2455 1396 2489 liis
1425 2458 1564 2500 seriptis,
1595 2467 1653 2500 pro
1690 2456 1784 2489 nobis
1813 2456 1890 2489 nibil
1919 2457 2048 2501 penitus

206 2523 413 2557 authoritatis
443 2526 497 2554 ant
525 2524 693 2566 potestatis
721 2520 955 2566 qvoqvoniodo
984 2522 1175 2553 retinentes.
1207 2517 1272 2551 Sed
1301 2516 1450 2550 dominus
1481 2515 1669 2549 Fran-rivus
1699 2516 1800 2550 abbas
1829 2515 2046 2562 supradictus,

206 2589 238 2618 et
269 2586 339 2617 eius
369 2593 593 2616 successores.
625 2587 694 2626 post
725 2581 846 2614 obitum
876 2581 996 2614 domini
1027 2579 1178 2612 Ylmanni
1217 2577 1345 2624 plebani
1375 2576 1492 2609 ibidem
1524 2579 1687 2622 presentis
1717 2578 1891 2611 ecclesiam
1921 2587 2049 2622 preno-
