2184 2828
983 130 1056 165 239

98 253 235 287 Boemie
263 256 427 297 tamquam
456 253 583 296 patrem
610 248 778 283 carnalem
799 253 831 282 et
858 248 1024 282 dominum
1043 246 1270 281 marchionem
1298 250 1452 292 tanquam
1481 246 1616 281 fratrem
1642 248 1808 280 vterinvm
1829 250 1944 280 tenere

99 323 279 358 eorumque
312 316 343 345 et
379 313 475 355 regni
511 314 673 343 terrarum
709 320 839 343 suarum
878 308 1078 354 profectum,
1114 306 1296 350 honorem,
1331 307 1538 341 commodum
1577 309 1664 341 omni
1700 311 1847 352 tempore
1875 311 1943 341 tota

98 374 277 419 diligencia
305 371 446 406 fideliter
482 381 663 416 procurare
701 374 733 404 et
761 373 809 404 eis
846 372 878 403 in
907 380 1012 414 regno
1040 379 1080 402 ac
1107 370 1204 401 terris
1234 370 1303 401 suis
1331 371 1365 401 et
1392 371 1486 401 extra
1517 371 1548 401 in
1577 378 1723 414 persona
1752 370 1885 413 propria
1914 371 1945 400 et

98 433 198 468 rebus
225 443 263 466 ac
282 434 438 478 potencia
458 435 569 465 nostra
590 433 749 464 assistere
769 434 801 464 et
819 432 851 463 in
871 429 1022 463 omnibus
1046 431 1114 463 vite
1133 432 1247 462 nostre
1267 427 1469 474 temporibus
1490 433 1604 461 contra
1626 438 1756 461 onmem
1776 430 1945 461 viuentem

99 493 265 528 hominem
299 495 535 536 cuiuscumque
572 493 839 536 preeminencie,
876 490 1080 524 condicionis
1116 493 1172 522 aut
1208 493 1312 522 status
1349 491 1471 522 existat
1507 489 1594 523 nullo
1629 491 1758 534 penitus
1794 488 1945 530 excluso,

97 558 210 600 preter
252 552 464 598 magnificum
501 554 683 598 principem
724 551 889 584 dominum
923 549 1104 584 Bolkonem
1145 548 1263 583 ducem
1292 548 1402 582 Slezie
1437 553 1469 582 et
1496 548 1662 582 dominum
1693 548 1733 582 de
1763 547 1945 590 Swidniez‚

96 613 260 660 Nepotem
287 617 436 647 nostrum
464 612 694 653 karissimum,
723 611 862 645 fideliter
896 611 1058 646 adherere
1091 615 1123 645 et
1156 613 1236 656 ipsis
1264 613 1298 644 in
1326 613 1491 644 uniuersis
1520 613 1629 644 causis
1658 609 1888 644 euenientibus
1918 614 1949 643 et

97 673 354 709 necessitatibus
388 676 457 707 suis
491 672 623 706 auxiliis
659 676 690 706 et
718 672 867 706 consiliis
896 675 1019 706 nostris
1047 671 1133 706 bona
1162 670 1226 705 fide
1255 675 1288 705 et
1318 670 1444 717 absque
1473 673 1561 704 omni
1589 670 1652 703 doli
1681 670 1835 716 scrupulo
1864 681 1948 716 pro-

99 737 194 781 sequi
229 739 261 768 et
295 737 422 768 iuuare.
476 733 519 767 Et
553 733 617 767 hoc
652 733 843 779 specialiter
877 732 1003 775 addito,
1039 731 1124 778 quod
1160 734 1188 766 si
1222 734 1377 778 princeps
1414 733 1601 777 quicunque
1635 742 1719 765 unus
1753 731 1809 765 vel
1836 731 1948 777 plures

97 806 237 840 regnum
274 797 346 829 siue
379 794 502 828 Terras
537 796 682 840 ipsorum
714 795 840 826 intrare
877 798 909 826 et
943 792 1116 836 inuadere,
1152 803 1316 838 occupare
1351 792 1406 826 vel
1443 791 1622 825 deuastare
1659 792 1799 835 velleut‚
1831 795 1948 825 contra

98 856 202 899 illum,
231 855 286 890 vel
314 855 387 889 illos
414 857 632 901 promittimus
660 853 829 887 adiuuare.
859 853 899 887 Et
919 856 945 887 si
965 856 1027 900 ipsi
1055 852 1176 887 domini
1195 857 1291 898 pater
1319 856 1351 886 et
1378 852 1482 886 frater
1500 855 1603 885 nostri
1632 851 1769 897 predicti
1789 862 1949 897 processu

98 919 259 963 temporis
286 915 382 950 nobis
411 915 597 958 deferrent,
627 914 713 960 quod
733 917 889 960 princeps
909 914 1026 959 aliquis
1053 917 1108 948 aut
1126 913 1213 947 Baro
1241 923 1381 958 regnum
1402 913 1456 947 vel
1485 917 1591 946 terras
1612 923 1726 946 eorum
1747 917 1800 946 aut
1820 917 1948 958 partem

99 978 240 1023 aliquam
277 976 440 1010 detineret
474 980 506 1009 et
541 975 653 1009 illicite
688 979 886 1020 occuparet.
923 986 965 1008 ex
1001 979 1077 1008 ωηο
1108 977 1200 1020 ipsos
1235 973 1275 1008 ad
1311 973 1531 1007 euincenduin
1561 978 1592 1007 et
1620 972 1833 1007 obtinendum
1862 972 1947 1006 bona

100 1038 177 1072 talia
206 1040 364 1071 uniuersa
393 1041 425 1070 et
443 1036 582 1083 pacifice
609 1035 842 1082 possidendum
864 1038 977 1069 iuuare
1005 1037 1222 1081 promittimus
1250 1038 1282 1068 et
1309 1038 1470 1068 tenemur.
1503 1033 1537 1067 Si
1566 1044 1650 1067 vero
1670 1038 1785 1067 contra
1807 1033 1949 1079 aliquem

98 1100 282 1144 principem
308 1097 487 1140 vasallum,
517 1097 678 1131 baronem
707 1097 761 1130 vel
791 1096 952 1130 subditum
981 1100 1129 1130 nostrum
1161 1098 1388 1141 cuiuscunque
1423 1094 1629 1128 condicionis
1657 1094 1712 1128 vel
1740 1098 1866 1137 status,
1895 1097 1949 1139 qui

99 1162 132 1193 in
159 1158 314 1193 limitibus
334 1161 405 1192 siue
426 1160 519 1192 metis
540 1162 703 1191 terrarum
723 1168 856 1191 suarum
876 1160 957 1202 ipsis
977 1159 1205 1199 iniuriaretur‚
1227 1160 1260 1190 et
1278 1155 1423 1189 indebite
1443 1159 1642 1201 occuparet,
1666 1155 1761 1189 nobis
1781 1154 1951 1188 deferrent

99 1219 286 1266 querelam,
321 1219 411 1253 illum
446 1218 487 1252 ad
528 1223 673 1253 nostram
707 1228 832 1251 vocare
867 1219 1076 1263 presenciam
1113 1221 1145 1250 et
1181 1216 1222 1250 ad
1257 1216 1434 1250 tenendum
1471 1219 1519 1250 eis
1556 1219 1639 1249 iusta
1674 1216 1812 1261 placita,
1843 1226 1882 1249 ac
1910 1215 1951 1248 ad

86 1280 289 1315 'faciendum
325 1290 429 1325 super
462 1278 543 1322 hoc,
582 1278 668 1324 quod
702 1278 906 1312 racionabile
941 1281 981 1312 sit
1009 1282 1041 1311 et
1076 1280 1215 1321 iustum,
1244 1282 1417 1311 coarctare
1446 1276 1632 1311 tenebimur
1658 1279 1772 1322 preuia
1800 1279 1949 1310 racione.

101 1341 227 1382 Quodsi
260 1340 440 1386 Princeps,
475 1339 650 1382 Vasallus,
685 1339 774 1373 Baro
809 1339 863 1373 nel
896 1338 1044 1373 subditus
1078 1342 1191 1372 noster
1224 1337 1409 1372 huiusmodi
1445 1341 1554 1371 animo
1589 1337 1733 1371 fortasse
1761 1336 1950 1370 rebellionis

100 1404 194 1447 regie
221 1404 404 1435 maiestatis
433 1400 548 1434 ductus
575 1403 737 1434 iusticiam
764 1402 916 1445 recipere
944 1410 1046 1444 super
1073 1398 1257 1433 huiusmodi
1284 1398 1371 1432 hona
1401 1403 1433 1432 et
1460 1398 1600 1432 reddere
1629 1408 1696 1431 non
1725 1401 1878 1440 curaret‚
1907 1407 1951 1430 ex

101 1467 178 1497 ωηο
206 1467 311 1496 metas
340 1466 373 1496 et
407 1461 526 1495 limites
554 1461 663 1495 taliter
697 1465 878 1506 occupatos
914 1464 944 1493 et
979 1459 1019 1492 ad
1048 1462 1139 1505 ipsos
1168 1459 1318 1493 dominos
1354 1463 1482 1505 patrem
1511 1463 1543 1492 et
1570 1458 1704 1492 fratrem
1734 1462 1867 1491 nostros
1896 1457 1952 1491 vel

102 1524 241 1558 alterum
270 1525 414 1569 ipsorum
444 1526 651 1568 spectantes„
682 1525 838 1556 euincere
867 1525 897 1554 et
925 1524 1015 1566 ipsos
1036 1520 1075 1553 ad
1103 1523 1354 1554 assecucionem
1375 1531 1489 1553 eorum
1519 1531 1559 1553 ac
1578 1521 1826 1565 possessionem
1855 1521 1951 1564 paci-

103 1584 199 1618 ficam
227 1583 413 1618 tenebimus
450 1582 627 1626 adiuuare,
667 1582 707 1616 ad
745 1581 830 1628 quod
865 1586 896 1615 et
930 1584 992 1627 ipsi
1028 1591 1123 1615 suum
1150 1580 1245 1615 nobis
1273 1580 1483 1627 prestabunt-
1519 1583 1546 1615 si
1574 1591 1656 1626 opus
1686 1582 1763 1621 erit,
1793 1579 1953 1612 auxilium

102 1644 178 1678 dum
206 1655 266 1691 per
299 1654 362 1678 nos
395 1643 519 1677 fuerint
550 1646 710 1689 requisiti.
767 1642 925 1676 Preterea
959 1641 1149 1687 specialiter
1184 1641 1337 1676 duximus
1374 1641 1644 1687 exprimendum,
1675 1640 1760 1686 quod
1789 1642 1817 1674 si
1846 1639 1951 1673 dictos

102 1705 253 1739 dominos
280 1709 407 1750 patrem
436 1708 467 1738 et
494 1703 631 1738 fratrem
660 1708 794 1738 nostros
823 1705 1013 1737 carissimos
1047 1706 1103 1735 aut
1137 1702 1271 1735 alterum
1307 1713 1421 1735 eorum
1450 1704 1483 1735 in
1512 1706 1681 1747 posterum
1710 1701 1775 1734 ullo
1803 1704 1952 1745 tempore

103 1776 179 1800 cum
207 1765 491 1799 excellentissimo
519 1767 668 1810 principe
688 1764 811 1798 Kar-olo
840 1775 921 1808 rege
951 1763 1099 1807 angarie
1127 1762 1241 1796 illustri
1269 1762 1370 1796 fratre
1398 1766 1512 1796 nostro
1541 1772 1697 1806 guerram
1727 1763 1891 1795 suscitare
1920 1764 1953 1793 et

103 1829 137 1860 in
165 1837 264 1860 manu
291 1828 416 1872 potenti
446 1830 552 1859 terras
582 1828 654 1859 eius
683 1828 807 1859 intrare
835 1827 1060 1867 contingeret³
1090 1833 1134 1856 ex
1162 1827 1238 1857 tunc
1258 1823 1367 1857 licebit
1394 1822 1489 1856 nobis
1518 1834 1557 1856 ac
1585 1825 1765 1868 poterimus
1794 1825 1826 1855 et
1853 1825 1953 1854 tene-

102 1886 210 1921 bimur
236 1897 311 1921 cum
338 1890 410 1932 ipso
431 1886 527 1931 Rege
547 1886 695 1931 Vngarie
724 1890 812 1920 stare
840 1890 872 1919 et
900 1896 972 1918 eum
1002 1887 1033 1917 in
1062 1886 1129 1917 suis
1156 1883 1316 1917 duntaxat
1344 1886 1456 1927 terris,
1486 1883 1526 1917 ad
1547 1881 1789 1916 defendendum
1817 1880 1952 1915 easdem

104 1951 219 1982 contra
256 1946 404 1993 prefatos
437 1947 588 1981 dominos
623 1951 750 1993 patrem
785 1950 817 1980 et
850 1946 984 1980 fratrem
1017 1948 1168 1987 nostros7
1205 1954 1265 1990 pro
1302 1944 1429 1978 viribus
1465 1943 1633 1977 adiuuare.
1691 1942 1726 1976 Si
1755 1952 1838 1976 vero
1866 1940 1952 1974 idem

105 2007 256 2042 dominus
285 2008 360 2042 Rex
387 2007 555 2053 Vngarie,
584 2012 692 2041 terras
721 2010 867 2053 ipsorum
888 2006 1034 2040 similiter
1054 2004 1303 2047 deuastaturus7
1332 2007 1487 2047 intraret,
1516 2015 1560 2038 ex
1581 2008 1657 2037 tunc
1677 2014 1735 2049 pro
1755 2002 1951 2035 defensione

106 2071 252 2113 ipsorum
280 2072 442 2102 terrarum
470 2079 604 2103 suarum
633 2079 706 2102 cum
736 2070 836 2114 ipsis,
867 2071 1019 2111 tanquam
1048 2065 1132 2099 filius
1161 2070 1193 2099 et
1220 2064 1322 2099 frater
1348 2069 1500 2111 prompte
1529 2069 1559 2098 et
1579 2068 1768 2098 constanter
1796 2061 1953 2096 stabimus

107 2132 140 2162 et
167 2130 258 2174 ipsos
286 2128 470 2163 iuuabimus
498 2133 566 2163 toto
593 2131 712 2163 virium
742 2133 927 2162 nostrarum
948 2129 1089 2160 omnium
1119 2130 1297 2171 potentatu.
1327 2125 1363 2159 In
1392 2136 1529 2171 qnorum
1559 2127 1702 2158 omnium
1731 2126 1954 2157 testimonium

108 2193 282 2235 presentes
313 2189 435 2223 litteras
472 2189 542 2223 fieri
577 2194 610 2223 et
643 2189 824 2234 sigillorum
860 2193 1043 2222 nostrorum
1088 2189 1267 2220 munimine
1295 2189 1450 2220 iussimus
1479 2185 1640 2220 roborari.
1696 2185 1817 2218 Actum
1846 2183 1954 2227 Prage

109 2248 322 2295 presentibus
349 2249 533 2283 venerabili
562 2249 694 2284 domino
713 2250 866 2283 Jolianne
896 2252 1053 2294 episcopo
1074 2246 1287 2280 olomucensi
1316 2258 1354 2280 ac
1375 2246 1552 2280 illustribus
1582 2244 1785 2290 Principibus
1814 2244 1954 2277 domitus

108 2309 264 2344 Bolezlao
292 2309 375 2343 duce
395 2309 504 2344 Slezie
533 2315 566 2344 et
594 2310 726 2344 domino
754 2310 961 2355 Lignicensi‚
993 2307 1142 2341 llolkone
1171 2307 1397 2340 Swidnicensi
1426 2311 1457 2341 et
1485 2306 1622 2341 Nicolao
1652 2305 1801 2350 Oppauie
1830 2310 1862 2338 et
1881 2305 1955 2339 Ra-

109 2369 250 2404 tliiborie
279 2369 433 2405 ducibus.
463 2382 526 2405 nec
560 2382 625 2405 non
664 2370 814 2404 fidelibus
850 2372 969 2404 nostris
999 2368 1125 2401 dilectis
1153 2367 1351 2413 Heymanno
1386 2368 1426 2401 de
1455 2367 1565 2401 Duba.
1597 2366 1728 2399 domino
1757 2369 1786 2399 in
1816 2365 1954 2399 Nachod

109 2431 285 2473 fflnkone,
316 2430 402 2463 dicto
431 2430 539 2473 llaze‚
568 2431 723 2465 llinkone
759 2432 845 2465 dicto
881 2430 1060 2463 lllawacz.
1096 2428 1246 2462 Jeskone
1281 2428 1366 2461 dicto
1396 2428 1491 2469 Iura,
1531 2426 1787 2460 Subcainerario
1823 2425 1954 2460 Craco-

110 2494 233 2531 ulensi,
267 2491 415 2525 Jescone
451 2490 618 2525 Venatore
652 2492 882 2526 Cracouhrnsi.
918 2489 1102 2523 Mat-zlmne
1132 2488 1308 2522 Berkwicz
1337 2489 1519 2522 castellano
1549 2486 1727 2529 Laudensl7
1757 2491 1789 2520 et
1818 2487 1953 2530 Segneo

110 2551 280 2598 Preposito
313 2554 417 2585 sancti
450 2550 620 2585 Michaelis
655 2555 685 2586 in
724 2553 841 2586 Castro
877 2551 1110 2592 Crat-oniensi,
1140 2549 1424 2582 vicecancellario
1454 2551 1544 2581 curie
1574 2552 1703 2589 nostre3
1737 2547 1877 2581 testibus
1913 2547 1952 2579 ad

112 2615 273 2657 premissa
308 2614 437 2646 vocatis
465 2614 588 2657 pariter
616 2617 647 2646 et
676 2616 842 2654 assumtis
883 2612 1028 2652 Quorum
1057 2613 1161 2644 eciam
1191 2610 1296 2654 sigilla
1327 2609 1534 2654 presentibus
1556 2607 1595 2642 ad
1624 2611 1782 2642 maiorem
1809 2607 1953 2641 eviden-
