2184 2828
92 242 217 273 uenire.
266 237 357 278 Quod
388 237 552 270 discretus
581 239 632 270 vir
659 237 829 271 Joliannes
859 237 1128 279 Dobrowiczeri‚
1159 248 1247 271 vxor
1274 241 1306 272 et
1335 237 1477 272 heredes
1507 241 1557 272 sui
1586 237 1627 272 de
1655 241 1745 273 curia
1779 241 1927 285 ipsorum

91 302 123 333 in
143 298 318 332 Scbibnicz
339 300 412 339 sita,
434 300 533 341 agris,
555 300 666 342 pratis,
697 302 728 332 et
757 297 908 332 omnibus
933 299 1004 332 aliis
1031 297 1069 331 ad
1099 300 1203 344 ipsam
1231 298 1482 343 pertinentibus.
1513 299 1794 345 qualitercumque
1819 299 1927 340 dictis,

91 363 243 394 tenentur
275 368 438 391 censuare
473 357 610 402 singulis
648 361 742 392 annis
778 360 810 392 in
846 358 933 392 festo
968 361 1071 392 sancti
1105 357 1319 401 Michahelis‚
1355 358 1536 403 Religiosis
1569 362 1669 403 viris,
1705 358 1859 394 fratribus
1896 364 1930 394 et

90 419 228 453 dominis
247 445 254 451 .
272 445 279 451 .
298 444 305 451 .
323 417 433 451 abbati
469 422 500 451 et
528 421 705 452 conuentui
733 418 928 452 Monasterii
956 422 988 453 in
1016 419 1079 453 Sar
1099 418 1331 452 cisterciensis
1360 418 1501 462 ordinis,
1534 419 1716 465 Pragensis
1745 419 1925 466 Dyocesis‚

90 479 170 513 duas
198 477 329 512 Marcas
357 489 552 523 grossorum
581 478 811 523 Pragensiunn
842 482 1018 524 sexaginta
1048 483 1186 524 quatuor
1213 489 1355 523 grossos
1382 490 1443 525 pro
1472 490 1585 514 earum
1614 479 1758 526 qualibet
1785 491 1929 526 compu—

89 539 204 581 tando,
239 538 449 583 Integraliter
483 543 516 572 et
551 540 730 585 complete,
769 540 888 573 nullam
923 543 1134 573 taxacionem
1169 543 1202 573 et
1239 539 1412 573 collectam
1451 538 1600 574 Ciuitatis
1642 540 1826 574 Brunensis
1869 551 1929 574 seu

89 604 233 634 steuram
269 599 530 645 qualemcunque
566 602 598 633 in
634 611 736 634 censu
769 599 941 645 prehabito
976 599 1188 643 defalcando,
1223 599 1283 634 sed
1316 610 1454 633 censum
1488 602 1595 645 ipsum
1630 611 1765 647 semper
1799 603 1929 636 statutis

88 659 290 706 temporibus
319 663 390 694 sine
418 659 638 693 diminucione
667 660 810 704 qualibet
838 661 1077 706 persoluend0‚
1113 664 1146 694 et
1174 671 1248 694 cum
1269 660 1442 695 duodecim
1463 660 1599 704 Marem,
1629 661 1760 706 quando
1788 661 1930 696 facultas

91 723 140 754 eis
160 720 259 754 fuerit
278 720 481 754 redimendo.
513 720 638 761 Quodsi
659 720 856 766 quandoque
876 732 942 755 non
962 721 1122 764 facerent,
1152 732 1195 754 ex
1221 725 1299 754 tunc
1318 724 1427 756 statim
1448 721 1562 767 elapso
1583 725 1768 768 prescripto
1788 724 1929 756 termino

89 781 166 814 dicti
201 781 320 814 domini
353 786 386 814 et
420 780 539 814 fratres
574 782 699 825 largam
744 781 867 815 habent
903 782 1077 816 licenciam
1112 786 1144 815 et
1182 781 1314 827 plenum
1348 792 1450 828 posse
1483 784 1515 815 in
1551 782 1649 816 Curia
1684 787 1716 816 et
1744 782 1929 816 hereditate

88 853 187 887 supra
217 845 354 887 scripta,
385 844 416 874 in
444 841 522 874 villa
552 841 605 875 vel
640 844 671 876 in
702 840 834 887 Campis
863 841 989 887 absque
1017 844 1239 888 requisicione
1274 845 1513 888 cuiuscumque
1549 853 1609 888 pro
1643 853 1746 876 censu
1774 843 1929 887 neglecto

90 913 149 947 per
177 913 290 935 eorum
319 902 475 935 familiam
505 901 545 935 de
575 902 751 935 sufficienti
779 902 839 936 sibi
869 906 1009 948 pignore
1038 903 1225 949 prouidere.
1255 902 1296 936 Et
1316 906 1343 937 si
1363 907 1484 949 pignus
1513 902 1634 937 ibidem
1662 906 1833 937 inuentum
1862 915 1928 937 non

88 962 198 1005 fuerit„
227 962 268 996 de
295 962 380 996 dicta
401 963 498 996 Curia
527 967 558 996 et
587 966 657 996 eius
686 966 899 1008 pertinenciis
931 968 1086 1008 quantum
1115 963 1154 998 ad
1183 963 1304 998 villana
1324 968 1356 997 et
1376 967 1576 1009 campestria
1605 966 1714 998 statim
1743 963 1783 998 ad
1812 975 1928 998 manus

89 1035 167 1057 suas
203 1023 288 1057 licite
321 1034 358 1056 se
393 1028 531 1068 possunt
559 1026 793 1066 intromitteret
823 1023 891 1058 Isto
928 1024 1083 1058 videlicet
1111 1024 1224 1067 modo,
1261 1023 1356 1065 Quod
1385 1035 1524 1058 censum
1552 1026 1773 1070 prescriptum
1803 1025 1931 1059 scilicet

88 1083 225 1117 duarum
260 1094 463 1126 marcarum,
500 1088 533 1117 et
565 1086 636 1117 eius
671 1085 821 1118 valorem
856 1084 1011 1118 videlieet
1046 1085 1220 1119 duodecim
1255 1095 1441 1118 marcarum
1477 1084 1638 1118 dictorum
1672 1095 1870 1130 grossorum
1899 1089 1931 1118 et

87 1144 244 1190 ponderis
273 1156 291 1178 a
319 1143 413 1178 bonis
442 1144 568 1178 eisdem
597 1144 720 1187 tollent,
750 1148 952 1190 percipient,
983 1150 1014 1179 et
1042 1145 1146 1180 modis
1175 1144 1441 1191 competentibus
1477 1144 1730 1192 quibuscunque
1762 1150 1930 1192 poterunt,

87 1204 341 1251 extorquebunt.
371 1204 407 1238 In
435 1207 529 1238 cuius
562 1208 610 1238 rei
646 1208 865 1239 testiinonium
894 1206 934 1239 ad
963 1216 1082 1252 preces
1110 1206 1186 1240 dicti
1214 1205 1378 1243 Johannis
1413 1205 1556 1250 sigillum
1585 1210 1733 1240 nostrum
1769 1205 1810 1240 de
1839 1210 1931 1240 certa

86 1270 198 1299 nostra
229 1268 371 1299 sciencia
402 1265 613 1311 presentibus
643 1270 692 1299 est
721 1277 915 1312 appensum.
945 1266 1064 1300 Datum
1093 1277 1180 1301 anno
1209 1266 1333 1301 domini
1360 1265 1538 1301 Millesiino
1560 1266 1812 1301 Trecentesimo
1841 1278 1930 1313 qua-

86 1326 274 1371 dragesimo
302 1331 432 1369 octauo,
463 1329 495 1360 iu
523 1326 606 1360 feria
636 1327 782 1361 secunda
811 1332 883 1373 post
911 1326 1108 1361 dominicam
1136 1327 1310 1361 Inuocauit
1337 1330 1502 1373 proxima.

393 1405 460 1440 (Das
492 1405 567 1439 Orig.
601 1406 647 1431 aul>
675 1406 795 1439 Pergam.
830 1407 873 1431 mit
906 1407 990 1431 vinem
1022 1406 1226 1439 guterhaltenen
1258 1406 1351 1440 Sigille
1376 1407 1408 1432 im
1434 1406 1551 1432 Art-hire
1576 1406 1720 1432 desselben
1745 1404 1871 1433 Klosters
1896 1407 1930 1432 im

493 1466 526 1484 m.
553 1461 584 1484 st.
610 1457 821 1484 Landesarrliive
846 1458 892 1484 Lit.
918 1458 950 1484 Α.
977 1458 1008 1483 II.
1034 1466 1059 1484 n.
1087 1458 1134 1484 50.
1160 1458 1338 1493 Ahgedruckt
1360 1458 1404 1484 lJei
1428 1458 1572 1484 steinbach
1596 1458 1628 1484 11.
1654 1459 1680 1484 S.
1707 1458 1771 1491 82.)

956 1614 1059 1648 758.

230 1671 301 1726 K.
332 1691 409 1726 Karl
438 1691 494 1726 IV.
526 1691 679 1737 bestatigt
710 1691 761 1726 die
791 1692 849 1726 der
870 1692 962 1725 Stadt
983 1692 1071 1725 Taus
1093 1703 1167 1725 vom
1189 1692 1320 1737 Konige
1340 1692 1472 1726 Joliaun
1501 1695 1545 1726 im
1573 1691 1604 1727 J.
1629 1692 1723 1726 1341
1747 1691 1926 1737 beziiglicll

86 1750 144 1785 der
172 1752 366 1785 ausserlialb
396 1753 454 1786 der
483 1753 695 1786 Stadtinaner
725 1752 937 1786 wohnendcn
968 1752 1095 1786 llrz'iuer
1124 1752 1187 1786 und
1218 1753 1395 1787 Schmiede
1425 1753 1622 1787 verliehene
1652 1752 1823 1787 Urkunde.
1871 1752 1924 1786 Dt.

85 1811 204 1856 l'rage,
233 1812 308 1846 XII.
339 1813 506 1847 Kalendas
535 1814 659 1859 Aprilis
689 1813 766 1857 (321,
797 1813 905 1856 Mai-z)
940 1814 1047 1848 1345.

391 1893 583 1927 [Ahgedruckt
619 1893 659 1918 bvi
685 1893 770 1918 l'clzrl
795 1892 824 1918 it.
851 1892 910 1917 lx'arl
937 1892 981 1917 lv.
1013 1892 1032 1917 1.
1059 1892 1104 1918 ΤΙι.
1131 1892 1304 1918 L'rkundenb.
1337 1893 1364 1919 S.
1391 1892 1429 1919 43
1455 1901 1479 1918 n.
1505 1893 1568 1919 xm.
1602 1893 1668 1919 nacli
1694 1892 1754 1918 dem
1779 1892 1853 1925 Orig.
1880 1891 1928 1917 (les

491 1946 615 1978 dortigen
641 1945 865 1977 Stadturrliixes.)

956 2073 1058 2107 759.

230 2130 298 2185 K.
319 2151 396 2186 Karl
416 2152 472 2186 lv.
495 2153 628 2195 erklart,
659 2153 737 2187 dass
757 2163 823 2186 von
845 2151 903 2185 der
923 2151 1016 2185 Stadt
1037 2151 1126 2185 Taus
1155 2151 1219 2185 und
1249 2151 1321 2186 dem
1351 2153 1501 2198 dortigen
1524 2151 1679 2186 Gerichte
1699 2150 1805 2185 nichts
1835 2150 1928 2185 mehr

89 2209 136 2243 als
165 2209 223 2243 der
250 2212 481 2255 gewobnliclic
501 2213 579 2247 Zins
609 2225 651 2247 an
680 2214 731 2247 (lie
761 2213 884 2257 konigl.
908 2212 1065 2245 Kammer
1092 2212 1227 2256 gezalilt
1254 2213 1369 2248 werde
1399 2214 1463 2247 und
1492 2217 1650 2258 gestattet
1679 2212 1742 2245 den
1772 2211 1924 2257 dortigen

88 2270 240 2315 Biirgern
269 2270 320 2304 die
349 2271 429 2307 freie
449 2273 549 2308 wahl
578 2274 636 2308 des
665 2273 912 2308 Stadii-ichters.
943 2272 995 2306 Dt.
1020 2272 1139 2317 Frage,
1169 2272 1228 2306 XI.
1254 2272 1389 2308 Kalend.
1414 2274 1540 2320 Aprilis
1570 2271 1781 2317 (22.it1arz)
1812 2272 1923 2307 1348.

391 2352 580 2385 (Aligedruckt
611 2353 652 2379 bei
686 2353 768 2378 l’elzel
795 2352 824 2378 Κ.
850 2352 910 2377 Karl
941 2351 986 2378 lv.
1019 2351 1038 2377 1.
1066 2352 1111 2377 Th.
1146 2351 1316 2379 urkundenb.
1351 2354 1377 2379 S.
1404 2353 1442 2379 »12
1468 2362 1493 2379 ιι.
1518 2352 1568 2379 XL
1599 2351 1666 2377 nach
1691 2351 1750 2378 dem
1775 2351 1850 2386 Orig.
1876 2352 1924 2378 des

494 2405 619 2439 dortigcn
645 2406 870 2436 studiari-lines.)
