2184 2828
1004 103 1075 138 163

115 228 150 257 ut
185 222 315 257 dicebat
348 233 407 256 eas
444 221 529 255 infra
563 220 736 256 Ciuitatem
773 233 832 256 seu
867 222 1035 256 diocesem
1071 220 1329 256 Olomucensem
1364 233 1429 256 non
1466 228 1582 269 posset
1614 227 1796 259 conuenire
1832 236 1964 269 secure,

115 288 246 318 nostras
283 283 321 316 ad
353 310 359 316 .
391 310 398 316 .
428 281 623 326 Monasterij
663 282 778 316 domus
819 283 871 316 dei
906 294 1009 329 prope
1044 281 1127 328 Opul
1167 293 1228 328 per
1267 282 1474 328 Prepositum
1511 284 1594 318 soliti
1629 284 1819 329 gubernari,
1854 291 1887 321 et
1916 315 1923 321 .
1955 315 1962 321 .

116 345 262 378 ecclesie
291 343 492 389 Opoliensis.
528 342 820 377 wratislauiensis
855 343 1009 386 diocesis,
1044 342 1229 388 Preposito.
1265 354 1304 376 ac
1339 371 1346 377 .
1382 371 1389 378 .
1426 343 1597 378 Decanum
1635 345 1784 380 eiusdem
1822 348 1967 382 ecclesie

116 404 307 450 Opoliensis
336 403 396 437 sub
426 408 518 437 certa
546 402 653 437 fornia
682 404 806 437 litteras
835 407 1024 449 impetrauit
1050 403 1198 438 clausula
1227 403 1411 438 huiusmodi
1439 405 1558 439 litteris
1587 409 1667 452 ipsis
1688 410 1849 453 apposita.
1872 407 1967 449 Quod

114 467 143 499 si
170 475 237 498 non
266 475 383 498 omnes
411 463 474 509 hijs
503 463 710 510 exequendis
738 467 903 498 interesse
932 469 1068 511 possent
1095 464 1160 498 duo
1188 467 1333 510 ipsorum
1363 476 1403 499 ea
1432 469 1554 512 exequi
1580 467 1812 502 nichilominus
1840 479 1968 514 procu-

114 529 239 568 rarent,
269 523 418 571 Cumque
444 524 654 570 postmodum
684 524 790 558 dictus
819 524 1011 571 Prepositus
1039 525 1115 559 dicti
1143 524 1352 569 Monasterij‚
1382 529 1435 559 0111
1464 526 1570 560 dictus
1591 527 1747 562 Decanus
1768 531 1860 563 uices
1890 540 1968 563 suas

115 596 182 619 non
217 589 326 619 tamen
362 585 505 619 totaliter
541 585 660 628 dicitur
694 588 914 619 commisisse.
952 586 1099 632 prefatas
1143 585 1356 620 Abbatissam
1391 591 1423 620 et
1453 585 1659 621 Conuentum
1697 588 1737 622 ad
1773 592 1968 624 instanciam

116 646 192 680 dicti
219 645 356 680 Plebani
384 648 416 679 in
445 656 545 679 causa
574 645 811 692 appellacionis
839 645 1023 680 huiusmodi
1051 657 1162 680 corani
1191 657 1229 680 se
1253 650 1447 681 auctoritate
1466 648 1649 682 litterarum
1670 654 1702 683 et
1721 653 1968 685 commissionis

115 706 339 753 predictarum
374 709 466 740 citari
503 705 750 752 fecissetgpro
784 711 879 752 parte
914 707 1072 741 dictarum
1104 706 1286 741 Abbatisse
1325 712 1357 741 et
1391 707 1584 742 Conuentus
1622 709 1682 743 fuit
1710 721 1823 744 coram
1851 711 1968 745 eodem

117 767 290 813 Preposito
319 767 394 800 dicti
421 766 615 811 Monasterij
646 767 844 812 excipiendo
882 771 1096 813 propositum.
1125 767 1211 813 quod
1240 779 1314 802 cum
1343 768 1429 802 dicte
1458 769 1564 803 littere
1599 769 1638 803 ad
1668 773 1774 816 ipsum
1802 776 1833 805 et
1863 772 1969 805 dictos

116 827 326 874 Prepositum
355 827 443 861 dicte
471 828 628 861 ecclesie.
659 838 699 860 ac
727 827 898 861 Decanum
927 828 1061 862 obtente
1088 828 1239 871 fuissent,
1271 828 1422 863 Clausula
1452 829 1639 864 huiusmodi
1669 834 1700 864 in
1730 835 1778 865 eis
1807 835 1968 879 apposita,

117 887 213 930 Quod
241 891 268 922 si
296 899 362 922 non
391 887 508 922 onfnes
537 891 709 934 premissis
739 888 945 934 exequendis
973 892 1135 923 interesse
1162 894 1315 936 possent.
1345 889 1408 923 duo
1438 893 1581 936 ipsorum
1611 902 1649 925 ea
1680 895 1802 938 exequi
1826 893 1971 926 nichilo-

116 951 224 982 minus
251 953 479 995 procurarent,
518 953 552 982 ut
587 951 740 995 superius
774 953 824 982 est
860 960 1071 995 expressum‚
1109 954 1141 983 et
1180 961 1224 984 ex
1259 950 1439 984 earundem
1474 951 1654 985 litterarum
1699 957 1815 987 tenore
1850 953 1970 998 liquido

116 1008 309 1055 apparebat.
339 1008 426 1042 idem
454 1008 645 1055 Prepositus
674 1009 750 1042 dicti
770 1008 964 1054 Monasterij
986 1014 1174 1056 contempto
1193 1015 1226 1044 et
1246 1014 1435 1057 irrequisito
1464 1023 1527 1045 nec
1550 1023 1587 1046 se
1607 1018 1792 1047 excusante
1812 1014 1972 1059 legittime

116 1069 203 1103 dicto
232 1069 405 1115 Preposito
435 1069 521 1103 dicte
550 1070 694 1103 ecclesie
724 1069 926 1115 Opoliensis.
963 1073 1016 1116 qui
1049 1071 1194 1114 volebat7
1230 1076 1369 1117 poterat,
1406 1077 1439 1106 et
1473 1072 1614 1107 debebat
1649 1077 1841 1119 cognicioni
1869 1086 1971 1109 cause

117 1130 204 1164 dicte
223 1130 459 1177 appellacionis
480 1130 654 1164 commode
674 1134 852 1164 interesse.
875 1142 937 1164 nec
957 1135 1196 1166 committentes
1212 1132 1273 1166 sibi
1289 1135 1381 1166 uices
1397 1144 1475 1167 suas
1492 1133 1533 1167 de
1549 1145 1648 1168 causa
1670 1138 1740 1181 ipsa
1761 1146 1971 1180 cognoscere

116 1190 158 1225 de
186 1194 257 1225 iure
284 1202 350 1225 nou
380 1196 509 1237 poterat
538 1202 600 1224 uec
629 1190 782 1225 debebat.
813 1191 853 1225 Et
882 1196 955 1237 quia
983 1192 1086 1226 dictus
1106 1192 1298 1238 Prepositus
1319 1193 1394 1227 dicti
1415 1193 1610 1239 Monasterij
1632 1195 1817 1229 huiusmodi
1839 1208 1973 1242 excep-

116 1254 246 1285 cionem
275 1251 508 1285 admittendam
538 1263 604 1285 nou
633 1263 713 1285 esse
740 1263 801 1297 per
830 1264 921 1286 suain
950 1253 1228 1287 interlocutoriam
1249 1258 1480 1300 pronunciauit
1500 1258 1656 1301 iniquam,
1685 1261 1717 1290 et
1745 1257 1820 1290 ilico
1851 1257 1970 1291 dictum

116 1312 296 1346 Plebanum
332 1324 349 1346 a
385 1312 469 1346 dicta
504 1315 675 1346 sentencia
711 1316 1075 1347 excommunicacionis
1110 1313 1151 1347 ad
1184 1315 1345 1348 cautelam
1389 1315 1530 1350 absoluit
1571 1317 1611 1351 de
1645 1316 1745 1351 facto.
1783 1329 1842 1363 pro
1877 1323 1971 1364 parte

115 1373 275 1406 dictarum
312 1372 492 1407 Abbatisse
530 1378 563 1407 et
597 1374 790 1407 conuentus
827 1376 1030 1407 sentenciam
1070 1375 1192 1408 exinde
1225 1375 1371 1409 indebite
1405 1388 1442 1410 se
1477 1381 1610 1422 grauari
1649 1378 1688 1411 ad
1717 1378 1830 1412 sedem
1865 1382 1973 1412 extitit

116 1434 314 1480 appellatum
344 1434 495 1467 eandem.
528 1436 691 1475 Quocirca
722 1435 921 1468 discrecioni
949 1439 1061 1468 ucstre
1090 1446 1150 1481 per
1184 1437 1367 1482 apostolica
1403 1440 1526 1483 scripta
1562 1438 1770 1475 mandamus,
1809 1444 1971 1485 quatenus

115 1497 255 1537 uocatis.
285 1497 338 1540 qui
366 1494 488 1528 fuerint
517 1495 691 1537 enoc-audi,
722 1500 754 1528 et
782 1496 899 1529 auditis
929 1495 1083 1529 hincinde
1117 1500 1310 1542 propositis,
1343 1498 1430 1544 quod
1465 1501 1585 1532 iustum
1614 1499 1715 1533 fuerit
1743 1501 1971 1546 appellacione

115 1559 242 1589 remota
271 1555 459 1589 decernatis
490 1555 663 1599 facientes,
694 1556 779 1601 quod
810 1556 1025 1589 decreueritis
1054 1567 1114 1602 per
1141 1568 1317 1591 censuram
1347 1559 1609 1593 ecclesiasticam
1631 1561 1768 1594 tirmiter
1787 1561 1972 1603 obseruari,

116 1615 238 1649 Testes
274 1621 394 1650 autem.
431 1619 483 1661 qui
523 1616 643 1650 fuerint
677 1620 846 1650 nominati.
883 1619 909 1650 si
945 1628 980 1649 sc
1016 1620 1140 1653 (gracia.
1183 1618 1269 1657 odio.
1309 1620 1360 1652 uel
1399 1622 1514 1653 timore
1557 1620 1791 1654 subtraxerint.
1829 1633 1971 1655 censura

115 1678 210 1710 51111111
240 1677 467 1723 appellacione
496 1682 650 1711 cessante
678 1681 804 1722 rogatis
832 1680 960 1711 ueritati
989 1680 1210 1712 testimonium
1240 1679 1427 1724 perhibere.
1485 1679 1581 1721 Quod
1612 1684 1638 1715 si
1669 1692 1734 1715 non
1764 1693 1879 1716 omnes
1908 1682 1972 1726 hijs

115 1738 324 1783 exequendis
345 1741 517 1783 potueritis
537 1741 712 1779 interesse.
734 1743 767 1772 tu
789 1737 891 1771 frater
907 1738 1092 1784 Episcopus
1113 1750 1187 1772 cum
1208 1750 1323 1773 eorum
1343 1740 1445 1774 altero
1466 1752 1504 1774 ca
1526 1741 1757 1776 nichilominus
1777 1746 1970 1787 exequaris.

114 1797 234 1832 Datum
264 1799 433 1832 Aninione
463 1798 520 1832 111.
552 1798 666 1832 Nonas
695 1798 825 1842 Marcij.
857 1799 1069 1832 l'outiticatus
1098 1803 1202 1833 nostri
1234 1802 1331 1834 Anno
1362 1802 1494 1842 Quinto.

425 1877 493 1906 (Das
518 1878 592 1905 Orig.
619 1879 652 1903 ini
678 1878 792 1903 Ari-iiive
818 1878 866 1903 ‹lt-r
891 1878 915 1903 lx,
942 1878 1015 1903 §tadi
1042 1878 1127 1903 Bruuu
1154 1878 1184 1904 0.
1211 1878 1229 1904 l.
1257 1888 1282 1905 n.
1309 1879 1373 1909 ¹26.)

990 1998 1096 2033 226.

116 2074 236 2108 Statu!
264 2076 322 2109 des
353 2076 526 2109 Olmiilz-er
554 2076 792 2121 Domltape'lels
822 2089 934 2122 eceyen
973 2076 1173 2121 l'erlez'leuuy
1201 2078 1262 2111 cler
1306 2078 1465 2113 l'iltam'en
1503 2080 1568 2113 mad
1596 2080 1816 2114 Proebenden.
1847 2080 1907 2114 Dt.
1939 2082 1972 2114 in

750 2138 920 2172 (Ilomacz.
952 2137 1054 2170 XIII.
1085 2137 1210 2171 Martia·
1238 2138 1349 2173 1339.

270 2202 358 2257 Nos
393 2223 502 2257 diuina
540 2227 761 2259 miseracione
799 2225 906 2259 Shoro
944 2224 1132 2270 Prepositus
1174 2229 1205 2258 et
1246 2225 1359 2259 &Vitco
1402 2227 1670 2261 Areliidiaconus
1711 2239 1748 2260 ac
1787 2227 1971 2274 Capitulum

115 2283 259 2317 ecclesie
288 2282 519 2318 Olomucensis
548 2285 587 2319 ad
616 2290 809 2332 perpetuam
831 2289 878 2320 rei
899 2288 1091 2319 memoriam
1112 2288 1142 2319 in
1164 2289 1312 2331 presenti
1333 2292 1446 2321 nostro
1466 2289 1614 2332 generali
1636 2289 1779 2333 capitulo
1799 2292 1970 2323 statuimus

113 2349 145 2377 et
173 2343 376 2377 ordinamus.
405 2345 492 2389 quod
521 2349 605 2380 sicut
634 2357 678 2380 ex
707 2349 839 2392 antiqua
869 2351 899 2380 et
928 2345 1088 2379 hactenus
1109 2346 1290 2392 approbata
1311 2349 1551 2382 consuetudine
1572 2351 1777 2394 antiquiores
1798 2349 1971 2384 dumtaxat

114 2407 266 2439 canonici
296 2405 481 2439 residentes
510 2407 670 2451 gradatim
700 2412 840 2453 possunt
869 2407 1022 2440 meliores
1052 2418 1124 2440 011111
1155 2412 1279 2442 vacant
1316 2413 1433 2454 optare
1468 2409 1668 2454 prebendas.
1707 2410 1762 2444 Sic
1801 2413 1907 2445 eciam
1936 2415 1971 2444 ut

115 2469 222 2499 omnis
252 2465 413 2499 discordia
444 2476 507 2510 que
536 2470 566 2500 in
596 2468 835 2502 collacionibus
865 2470 1063 2501 vicariarum
1093 2467 1284 2513 frequenter
1313 2470 1515 2516 temporibus
1545 2474 1718 2504 retroactis
1746 2470 1880 2505 suborta
1911 2471 1971 2505 fuit

115 2529 202 2560 inter
229 2529 412 2561 canonicos
441 2530 667 2573 conquiescat,
697 2528 840 2563 Easdem
870 2531 1015 2562 vicarias
1045 2532 1077 2561 01
1105 2529 1281 2562 ecclesiam
1317 2533 1421 2563 sancti
1459 2530 1559 2572 Petri.
1590 2541 1652 2575 que
1682 2531 1720 2565 ad
1751 2532 1969 2566 collacionem

116 2589 219 2632 ipsius
249 2586 388 2633 Capituli
416 2586 574 2622 hactenus
596 2594 770 2635 spectasse
791 2594 974 2624 noscuntur
993 2600 1065 2622 cum
1087 2592 1293 2633 vacauerint,
1315 2593 1443 2636 priores
1465 2602 1523 2624 seu
1545 2594 1748 2636 antiquiores
1769 2596 1969 2638 recepcione

1806 2652 1865 2682 21ss
