2184 2828
995 48 1093 83 1005

120 171 315 216 expressius
344 169 376 200 in
406 166 568 202 mandatis
597 170 632 201 ut
659 166 745 201 dicta
765 165 864 209 hona,
886 177 947 201 seu
966 169 1232 213 possessionem,
1262 169 1293 201 in
1323 172 1404 212 toto,
1434 170 1486 203 uel
1515 172 1546 203 in
1576 176 1681 216 parte,
1710 175 1741 206 in
1771 172 1892 207 iudicio
1920 174 1974 208 uel

121 235 228 273 extra,
248 232 408 275 impetere
428 228 607 263 molestare
627 233 683 263 aut
701 238 846 273 grauare
871 228 1055 273 aliqualiter
1082 238 1149 262 non
1177 227 1193 273 (
1297 229 1313 275 )
1341 236 1546 276 presumant,
1578 232 1635 266 sed
1666 235 1736 279 ipsa
1766 238 1799 268 et
1826 237 1972 280 ipsorum

120 300 353 339 possessorum
382 300 518 323 manere
547 292 739 336 permittant
765 288 904 334 pacifice
933 293 966 322 et
994 291 1114 335 quiete.

276 351 311 385 Si
339 353 411 396 quis
441 356 548 384 autem
578 353 610 384 in
638 354 761 384 tantam
790 352 979 396 proruperit
1008 353 1201 384 temeritatis
1231 350 1402 385 audaciam
1425 357 1458 386 ut
1484 357 1599 387 contra
1621 365 1761 399 presens
1782 356 1970 390 mandatum

119 417 269 447 nostrum
297 411 471 457 quidquam
502 415 699 458 attemptare
727 413 982 457 presumpserit,
1017 414 1167 456 presenti
1201 411 1362 447 edicimus
1398 413 1575 459 priuilegio
1611 415 1695 460 quod
1731 416 1974 452 in.V.marcis

120 475 201 515 auri,
231 475 364 507 nomine
399 483 497 518 pene,
535 472 574 506 ad
610 476 755 506 nostram
792 471 1033 518 pertinentibus
1071 482 1237 506 cameram
1274 476 1428 518 puniatur
1465 479 1496 508 et
1531 478 1667 522 insuper
1704 476 1973 521 indignacionem

121 538 280 576 nostram,
300 536 370 578 ipso
400 532 486 567 facto
515 544 551 567 se
580 536 709 566 nouerit
736 535 946 566 incursurum
977 535 1171 567 incurrisse.

275 594 359 628 Etne
388 594 429 627 de
458 594 614 640 prediciis
642 596 747 640 possit
775 593 881 639 aliqua
912 593 1062 628 dubietas
1092 597 1123 628 in
1153 599 1323 641 posterum
1352 599 1490 635 exoriri„
1512 608 1652 643 presens
1672 599 1882 644 priuilegium
1902 598 1975 633 fieri

121 660 153 690 et
182 656 300 701 sigillis
332 658 467 697 nostris,
497 660 529 689 et
557 654 733 689 reuerendi
762 657 865 700 patris
904 654 1027 689 domini
1062 655 1120 689 ΤΙι.
1165 655 1370 691 venerabilis
1400 660 1549 704 episcopi
1580 660 1804 694 elamet-ensis
1833 659 1974 695 fecimus

121 719 345 752 communieri.

407 821 621 864 (Restitucz'o
658 821 777 855 iudicii
803 822 957 855 ciuitatis
985 822 1169 864 cuiusdam,
1195 833 1261 867 pro
1285 822 1444 867 fidelibus
1479 823 1684 869 obsequiis.)

277 890 347 925 Nos
379 891 416 924 0.
447 891 498 925 dei
527 894 652 936 gracia.

277 951 396 986 Notum
427 955 594 987 vniuersis
623 952 763 987 facimus
792 957 908 987 tenore
937 955 1151 999 presencium
1180 956 1378 1000 inspecturis
1408 954 1493 1001 quod
1523 965 1585 989 nos
1615 958 1757 999 iusticie„
1794 966 1859 1001 que
1893 959 1974 990 uni-

123 1016 242 1060 cuique
271 1012 356 1059 quod
386 1024 480 1047 suum
509 1018 560 1047 est
588 1013 745 1057 tribuere,
783 1013 984 1048 satisfacere
1021 1017 1210 1060 cupientes„
1248 1015 1458 1050 attendentes
1497 1027 1629 1063 quoque
1662 1016 1760 1050 fidem
1794 1028 1909 1062 puram
1947 1022 1978 1051 et

123 1073 282 1120 obsequia
311 1078 404 1119 grata
435 1085 498 1120 que
525 1074 621 1108 nobis
649 1074 801 1108 exhibuit
830 1074 1013 1117 indefesseq
1044 1075 1151 1109 eidem
1184 1076 1344 1110 Conrado
1373 1081 1405 1110 et
1424 1080 1492 1111 suis
1524 1076 1702 1111 heredibus
1723 1080 1977 1124 possessionem

122 1135 232 1168 iudicii
253 1137 395 1168 ciuitatis
425 1146 464 1168 eo
494 1138 565 1169 iure
593 1136 679 1180 quod
709 1133 803 1182 ipsis'7
833 1135 987 1170 Conrado
1017 1141 1049 1170 et
1077 1140 1145 1171 suis
1175 1137 1353 1172 heredibus
1382 1141 1414 1171 in
1444 1141 1517 1183 ipso
1546 1138 1667 1172 iudicio
1696 1142 1854 1184 competit
1874 1141 1979 1173 resti-

124 1198 243 1229 tuimus
271 1199 429 1240 graciose
458 1199 501 1230 ita
531 1196 615 1241 quod
648 1197 825 1230 Comedus
854 1202 886 1231 et
913 1197 1056 1232 heredes
1086 1201 1135 1231 sui
1165 1198 1302 1244 predicti
1323 1199 1445 1232 dictum
1475 1199 1643 1241 iudicium,
1673 1210 1747 1233 cum
1786 1202 1976 1234 attinenciis

123 1260 155 1290 et
184 1256 307 1290 iuribus
335 1256 487 1290 omnibus
517 1257 556 1290 ad
586 1260 692 1303 ipsum
723 1257 762 1291 ab
792 1261 926 1304 antiquo
955 1258 1207 1305 pertinentibuS„
1238 1262 1309 1293 iure
1338 1260 1550 1301 hereditarie,
1581 1265 1697 1294 tenere
1733 1265 1765 1294 et
1798 1260 1977 1307 possidere

124 1317 276 1360 debeant,
305 1322 464 1363 perpetuo
494 1318 633 1364 pacifice
662 1323 693 1352 et
721 1322 841 1365 quiete,
871 1320 979 1354 taliter
1007 1320 1094 1366 quod
1124 1320 1317 1355 dicti.C.et
1351 1321 1495 1356 heredes
1534 1325 1597 1357 sui.
1635 1325 1688 1367 qui
1726 1321 1788 1356 sibi
1824 1324 1856 1355 in
1891 1321 1978 1355 dicto

121 1378 245 1412 iudicio
277 1381 502 1413 successerint
531 1379 571 1412 dc
601 1382 704 1425 ipsius
734 1379 998 1415 obuencionibus
1026 1381 1142 1415 iudicii·
1167 1381 1264 1416 nobis
1293 1381 1369 1416 XX.
1400 1393 1531 1417 marcas
1553 1385 1694 1427 argenti,
1721 1382 1861 1427 singulis
1883 1385 1979 1417 annis

125 1440 258 1473 soluere
285 1444 471 1474 teneantur.

277 1500 475 1535 Mandamus
505 1503 604 1545 igitur
633 1504 747 1535 iuratis
776 1507 808 1536 et
837 1503 989 1538 omnibus
1017 1507 1185 1538 vniuersis
1224 1504 1374 1550 predicte
1412 1507 1572 1538 ciuitatis.
1592 1509 1773 1550 ,quatenus
1806 1506 1855 1539 sic
1893 1504 1979 1547 (sic)

122 1564 271 1607 graciam
302 1566 448 1595 nostram
479 1572 683 1595 conseruare
713 1563 851 1608 diligunt
880 1565 895 1608 (
1002 1565 1018 1610 )
1053 1565 1312 1602 eisdeni.c.et„
1350 1576 1410 1611 per
1439 1576 1663 1611 consequens„
1693 1564 1871 1599 heredibus
1901 1567 1982 1609 suis,

123 1627 277 1667 tanquam
298 1625 443 1668 ipsorum
467 1623 640 1665 iudicibusff
671 1629 767 1669 prout
794 1625 930 1671 expedit
958 1628 988 1659 in
1018 1626 1144 1661 iuribus
1173 1631 1206 1661 et
1233 1629 1439 1661 reuerenciis
1469 1629 1639 1661 consuetis
1669 1625 1806 1660 obedire
1836 1625 1981 1659 debeant

123 1686 156 1715 et
182 1693 312 1728 parere.

277 1745 313 1779 ln
342 1749 434 1780 cuius
462 1749 510 1780 rei
539 1751 602 1780 etc.

529 1860 780 1901 (commutacio
809 1872 880 1894 cum
915 1861 1040 1896 abbate
1067 1864 1273 1896 monasterii
1300 1862 1570 1903 Zedeltzensis.)

277 1928 347 1963 Nos
377 1929 427 1963 dei
457 1932 571 1974 gracia
601 1934 665 1964 etc.

279 1988 440 2024 Omnibus
470 1994 500 2024 in
531 1996 726 2037 perpetuum
755 1993 879 2037 regalis
909 1994 1118 2027 excellencie
1146 1993 1307 2027 celsitudo
1336 1997 1414 2026 tunc
1449 1997 1540 2026 recto
1578 1994 1741 2033 regimine
1775 1996 1882 2026 terras
1917 1990 1981 2025 sibi

145 2048 273 2093 abditas
302 2051 492 2095 intelligitur
511 2052 712 2097 gubernare,
734 2065 808 2086 cum
838 2057 982 2100 equitate
1002 2057 1117 2101 preuia
1139 2059 1171 2088 et
1191 2054 1374 2088 clemencia
1396 2053 1569 2095 suadente„
1591 2055 1639 2087 sic
1660 2052 1700 2086 de
1720 2051 1820 2086 rebus
1841 2052 1980 2086 aliorum

126 2103 243 2144 siu-[tur
269 2115 305 2144 ut
332 2113 484 2158 quidquid
516 2113 557 2146 de
592 2114 716 2147 eisdem
757 2118 975 2161 assumpserit
1006 2118 1338 2163 recompensacionis
1372 2114 1569 2149 liberalitate
1604 2113 1800 2147 refundatur
1837 2117 1871 2147 et
1905 2124 1980 2146 cum

126 2171 213 2205 bona
243 2170 443 2207 subditorum
473 2186 635 2220 usurpare
664 2175 858 2215 dinoscitur,
881 2179 965 2210 iuste
994 2179 1268 2211 commutacionis
1298 2177 1389 2210 titulo
1419 2179 1465 2209 eis
1496 2175 1739 2220 eqnipollencia
1769 2176 1920 2209 restituet
1949 2177 1981 2207 et

125 2236 302 2266 restauret.

281 2293 349 2327 Per
376 2305 514 2340 presens
544 2300 642 2341 igitur
670 2298 877 2343 priuilegium
906 2303 1023 2333 noscat
1053 2304 1119 2334 tam
1146 2310 1287 2346 presens
1315 2303 1386 2333 etas
1416 2297 1648 2331 modernorum
1677 2307 1773 2341 quam
1803 2298 1980 2342 posteritas

125 2354 307 2391 futurorum
337 2359 422 2404 quod
451 2372 511 2396 nos
541 2361 732 2396 ardentibus
762 2360 938 2395 desideriis
967 2364 1139 2407 cupientes
1179 2361 1231 2394 uel
1267 2359 1500 2394 vniuersaliter
1536 2358 1657 2399 singuli
1693 2361 1726 2391 et
1764 2356 1981 2401 singulariter

126 2421 276 2452 vniuersi
305 2419 423 2464 quibus
451 2425 554 2457 nostri
589 2425 751 2457 serenitas
787 2422 940 2455 culminis
970 2424 1184 2468 principatur,
1225 2421 1285 2455 sub
1321 2425 1434 2455 nostre
1468 2419 1682 2463 benignitatis
1725 2418 1908 2452 clemencia
1946 2419 1979 2450 in

126 2483 213 2513 statu
242 2485 412 2514 morentur
440 2487 571 2529 proprio
600 2489 633 2518 et
661 2486 814 2517 mocione
843 2485 885 2517 ita
924 2487 956 2517 ut
998 2494 1071 2517 cum
1105 2486 1154 2516 eis
1189 2484 1320 2528 pietatis
1354 2481 1475 2514 lumine
1513 2479 1663 2513 blandius
1697 2479 1902 2513 ari-ideamus
1944 2481 1980 2511 ut

126 2548 274 2593 ipsorum
304 2547 335 2579 in
365 2545 427 2579 hoc
456 2546 607 2582 cordibus
637 2548 810 2592 integritas
841 2544 914 2578 fidei
949 2548 1103 2580 continua
1134 2545 1334 2577 monimenta
1364 2543 1549 2587 suscipiens
1579 2539 1703 2574 sorcius
1733 2539 1849 2573 solide.

1817 2600 1873 2627 127
