2184 2828
1077 126 1149 159 606

196 260 307 282 earum
329 247 507 281 redditibus
526 251 558 280 et
578 244 790 291 proueutibus
808 244 985 278 earundem
1003 246 1033 276 in
1050 252 1142 275 vsum
1161 241 1336 275 Abbatisse
1353 245 1385 274 et
1400 242 1584 274 monialium
1601 240 1843 274 conuertendis.
1862 242 2029 272 reseruata

196 309 367 342 dumtaxat
387 310 518 342 vicariis
539 317 650 345 earum
672 309 837 351 perpetuis
857 316 1004 349 congrua
1026 304 1195 348 porcione.
1216 306 1311 347 prout
1330 302 1391 334 bec
1410 303 1518 334 omnia
1535 305 1596 335 tam
1614 302 1653 334 de
1669 301 1854 334 donat-ione
1872 299 2030 332 bonorum

195 369 415 415 predictorum
446 371 475 400 in
497 367 699 402 DrazewitZ.
729 376 824 411 quam
846 365 886 398 de
907 364 1088 397 Collatioue
1109 362 1332 395 Ecclesiarum
1354 364 1495 406 ipsarum
1516 373 1559 395 ex
1581 364 1701 395 nostris
1722 362 1822 394 literis
1843 371 1942 405 super
1971 359 2032 392 bec

197 430 386 475 specialiter
414 427 588 467 consectis.
609 431 641 460 et
660 437 701 459 ex
718 426 820 459 literis
841 425 1114 469 incorporationis
1134 421 1289 467 Episcopi
1312 422 1438 466 plenius
1460 421 1667 465 colliguntur.
1691 421 1831 465 Insuper
1850 420 2032 453 Benessius

196 495 228 523 et
256 489 410 523 Andreas
439 487 479 520 de
509 486 704 520 Grunewalt
732 491 765 519 et
792 486 972 519 Benessius
1001 483 1041 516 de
1071 482 1181 515 Budcz
1201 485 1250 515 ius
1270 485 1462 526 patronatus
1484 481 1633 515 Ecclesie
1660 480 1777 513 ibidem
1805 480 1915 513 Budcz
1945 480 2032 512 dicto

198 551 397 583 monasterio
426 547 643 580 donauerunt.
666 546 740 591 Ipse
761 556 891 591 quoque
911 544 1094 589 Episcopus
1114 541 1253 575 eandem
1275 541 1314 574 de
1335 552 1502 574 consensu
1522 542 1653 586 capituli
1675 543 1722 574 sui
1750 543 1808 585 ipsi
1830 543 2033 573 monasterio

199 611 424 654 incorporauit
460 607 646 640 Ecclesiam
693 606 806 639 vsibus
849 608 919 637 eius
966 604 1061 636 modo
1098 605 1260 648 premisso
1297 601 1478 635 Abbatisse
1515 601 1777 642 etblonialibus
1816 601 2030 646 applicandis.

199 671 311 703 Pateat
339 667 581 713 inspectoribus
612 670 813 712 presentium
842 667 1007 699 vniuersis
1029 668 1091 697 tam
1113 662 1333 708 presentibus.
1354 673 1450 707 quam
1472 661 1597 695 futuris.
1619 662 1703 706 quod
1726 663 1864 703 erectio,
1885 660 2032 694 fundatio

197 736 228 764 et
258 730 388 763 dotacio
418 728 573 762 antedicti
609 729 798 760 monasterii
835 736 963 758 necnon
1004 724 1161 757 bonorum
1196 726 1493 768 suprascriptorum
1528 726 1730 767 comparatio
1765 726 1796 755 et
1832 724 2033 754 monasteri0

198 793 380 831 assignatio
410 800 469 834 per
498 792 602 833 ipsum
634 787 831 832 Episcopum
862 786 959 820 sacta.
990 785 1029 817 (le
1058 788 1170 817 nostra
1201 788 1437 828 processerunt
1465 783 1650 816 oinnimoda
1682 784 1862 821 voluntate.
1893 782 2033 815 consilio

198 856 229 884 et
258 861 412 892 assensu,
442 860 523 893 quas
553 853 583 881 et
614 850 711 880 etiam
741 858 855 879 onim-s
885 848 1124 879 eoncessiones
1154 843 1350 887 libertatum7
1380 844 1622 888 priuilegiorum
1653 848 1685 876 et
1712 847 1904 887 gratiarum.
1935 853 2033 875 emu-

198 915 333 945 nitatum
363 914 394 943 et
422 912 684 954 exemptionum.
716 918 774 952 per
808 907 896 939 clare
930 908 1088 938 memorie
1121 904 1305 937 J0hann‹›1n
1341 904 1415 936 olim
1452 903 1612 937 Illustrem
1644 932 1649 936 .
1683 932 1688 937 .
1720 904 1847 947 Regem
1884 903 2031 941 Boenuo.

198 975 382 1010 genitorem
413 975 559 1003 nostrum
590 968 753 1001 dilectum.
785 967 930 1000 eiusdem
966 968 1154 998 monasterii
1186 965 1404 998 fundatorem.
1435 969 1465 997 et
1500 976 1558 1009 per
1592 976 1654 997 nos
1688 965 1793 997 eidem
1831 967 2034 997 monasterio

199 1031 318 1064 dudum
347 1031 466 1065 factas.
497 1034 584 1062 ratas
614 1028 773 1062 habentes
803 1032 834 1060 ct
862 1031 986 1071 gratas.
1017 1028 1212 1059 auctoritate
1242 1025 1346 1068 Regia
1369 1024 1408 1057 de
1428 1029 1516 1057 certa
1538 1028 1674 1058 scientia
1697 1030 1812 1057 tenore
1832 1027 2033 1069 presentium

199 1091 419 1137 approbamus
449 1092 595 1135 presenti
623 1091 857 1121 constitutione
887 1090 1111 1132 inperpetuum
1142 1086 1280 1119 valitura
1310 1085 1425 1118 eadem
1461 1088 1654 1118 auctoritate
1692 1085 1798 1129 Regia
1836 1089 2032 1125 statuentes„

198 1157 234 1185 vt
262 1155 476 1185 memoratmn
508 1152 753 1182 nnmasterium.
783 1148 868 1193 quod
897 1151 928 1180 in
959 1152 1103 1180 nostram
1133 1151 1165 1179 et
1193 1157 1422 1179 suceessorum
1453 1150 1638 1178 nostrorum
1668 1135 1796 1189 Regum
1833 1145 1968 1178 Boemie
2003 1150 2035 1178 et

198 1211 427 1245 B'Iarchionum
456 1210 605 1243 Morauie
634 1210 812 1255 specialem
843 1211 1081 1254 protectionem
1111 1209 1288 1251 recipimus
1318 1209 1349 1239 in
1385 1209 1562 1251 semetipso
1599 1211 1630 1239 et
1662 1209 1829 1251 personis.
1867 1205 2031 1246 limitibus.

199 1271 483 1317 possessionibus„
514 1270 620 1307 bonis.
649 1270 736 1303 villis
765 1274 796 1302 ct
826 1269 941 1302 incolis
971 1280 1010 1301 ac
1045 1270 1211 1301 vuiuersis
1246 1277 1358 1300 eorum
1395 1269 1625 1311 pertinenciis„
1660 1278 1723 1312 que
1758 1270 2034 1311 inpresentiarum

200 1332 336 1369 obtinet,
368 1336 400 1364 et
429 1343 492 1376 que
520 1333 552 1363 in
582 1330 724 1364 futurum
755 1329 816 1362 deo
846 1332 986 1374 propitio
1025 1332 1108 1361 iusto
1146 1328 1248 1372 tytulo
1285 1338 1489 1372 quocumque
1524 1330 1627 1372 ipsum
1662 1330 1840 1371 contigerit
1872 1326 2034 1367 obtinere.

200 1393 322 1438 vbique
362 1392 509 1425 locorum
553 1402 612 1436 per
648 1391 799 1434 Regnum
836 1390 970 1422 Boemie
1011 1394 1040 1421 et
1078 1394 1182 1421 terras
1221 1388 1300 1421 alias
1340 1392 1451 1421 nostre
1488 1388 1710 1421 iurisdiceioni
1745 1387 1911 1421 subiectas
1947 1390 2034 1421 omni

200 1456 379 1487 emunitate
407 1457 441 1485 et
468 1454 681 1497 exemptione
711 1450 857 1496 perlecta
887 1451 1053 1494 gaudeant
1082 1453 1111 1481 et
1142 1448 1291 1481 fruantur
1320 1449 1507 1493 plenissima
1528 1448 1688 1481 libertate.
1712 1448 1754 1481 Vt
1773 1453 1880 1481 autem
1901 1447 2036 1482 libertas

201 1512 387 1547 huiusmodi
416 1511 666 1545 habundancius
696 1510 857 1544 exuberet
886 1515 917 1543 et
945 1510 1051 1543 eidem
1081 1512 1285 1542 monasterio
1315 1508 1508 1542 aflluencius
1537 1513 1647 1542 nostre
1677 1511 1858 1542 maiestatis
1879 1513 2037 1554 appareat

200 1577 346 1619 graciam
377 1572 520 1608 affuisse,
551 1575 656 1617 ipsum
687 1574 935 1604 monasterium.
965 1570 1181 1604 Abbatissam
1211 1573 1242 1602 et
1276 1570 1432 1603 moniales
1465 1573 1535 1603 eius
1572 1569 1611 1603 ab
1646 1569 1797 1602 omnibus
1831 1574 1863 1603 et
1898 1569 2036 1613 singulis

200 1632 514 1671 contribucimubus,
536 1632 652 1666 daciis.
682 1631 921 1665 exaccionibus
951 1636 1005 1665 aut
1034 1630 1199 1665 subsidiis.
1231 1630 1489 1676 quibuscumque
1518 1630 1702 1663 nominibus
1723 1635 1932 1663 censeantur.
1955 1640 2036 1674 quas

198 1700 229 1728 et
258 1705 322 1739 que
352 1698 463 1727 cetera
495 1695 697 1726 monasteria
728 1703 786 1737 per
815 1691 1076 1726 Marcbionatum
1106 1692 1255 1726 Morauie
1285 1694 1344 1725 sita
1367 1690 1611 1724 Marchionibus
1633 1690 1782 1724 Morauie
1812 1690 1926 1723 facere
1946 1701 2032 1723 con-

201 1759 393 1789 sueuerant.
423 1754 565 1787 totaliter
593 1755 780 1787 eximimus.
811 1757 843 1786 et
871 1753 1060 1788 liberamus.
1091 1765 1129 1786 ac
1160 1756 1327 1799 perpetuis
1349 1751 1547 1797 temporIbas
1569 1750 1705 1784 liberum
1728 1762 1804 1784 esse
1826 1751 2036 1784 decernimus

202 1820 232 1848 et
261 1819 463 1860 exemptum.
494 1824 531 1847 ac
561 1813 681 1846 liberas
711 1817 743 1846 et
772 1818 958 1859 exemptas.
989 1814 1184 1847 Adicientes
1213 1824 1387 1859 expresse.
1418 1812 1501 1858 quod
1530 1812 1769 1845 administratio
1803 1816 1834 1845 et
1866 1811 2037 1856 dispositio

201 1875 361 1909 bonorum
390 1877 532 1908 omnium
563 1878 595 1907 et
623 1885 731 1907 rerum
761 1877 865 1919 ipsius
896 1877 1084 1907 monasterii
1114 1877 1144 1907 in
1174 1878 1336 1920 potestate
1365 1878 1397 1907 et
1426 1872 1574 1906 manibus
1595 1871 1774 1905 Abbatisse
1795 1876 1826 1904 et
1845 1871 2037 1905 Monialium

203 1947 277 1969 esse
306 1935 436 1972 debeat,
467 1939 499 1968 et
527 1945 734 1979 nequaquam
765 1946 824 1980 per
852 1934 1036 1980 Episcopos
1067 1934 1310 1968 Olomucenses
1341 1934 1394 1967 vel
1423 1935 1571 1978 quemuis
1600 1933 1696 1965 alium
1726 1932 1909 1965 vendicari.
1942 1931 2037 1973 Quod

202 1999 308 2030 eciam
337 1997 573 2028 monasterium
604 1999 634 2027 et
664 1994 748 2028 bona
779 1998 850 2028 eius
879 1998 986 2028 omnia
1018 1999 1080 2028 tani
1111 1998 1277 2040 presentia
1307 2005 1402 2040 quam
1430 1993 1537 2027 futura
1566 2004 1625 2038 per
1658 1992 1858 2038 Episcopum
1896 1992 2039 2026 Olomu-

202 2066 349 2098 censem,
380 2058 432 2101 qui
462 2055 559 2088 fuerit
590 2065 648 2100 pro
679 2060 838 2100 tempore„
868 2058 921 2089 cui
950 2059 1185 2089 monasterium
1215 2059 1319 2101 ipsum
1351 2057 1443 2089 sicuti
1473 2054 1533 2087 alia
1564 2053 1687 2086 ordinis
1724 2056 1830 2087 sancti
1865 2053 2038 2087 Benedicti

203 2119 404 2150 monasteria
434 2127 493 2162 per
521 2115 691 2160 dyocesim
722 2114 978 2149 Olomucensem
1008 2118 1067 2149 sita
1101 2119 1132 2149 in
1168 2115 1389 2161 spiritualibus
1427 2114 1569 2148 subesse
1603 2114 1797 2149 dinoscitur.
1835 2113 1874 2147 ab
1909 2116 2038 2148 iniuriis

203 2181 234 2210 et
267 2176 434 2210 violentiis
468 2174 686 2220 quorumlibet
718 2179 847 2220 protegi
881 2176 998 2210 affectu
1031 2181 1169 2222 paterno
1209 2176 1359 2209 volumus
1397 2179 1429 2208 et
1468 2174 1609 2207 defendi.
1667 2174 1713 2207 Ita
1750 2178 1854 2208 eciam
1887 2174 1973 2220 quod
2012 2177 2038 2208 si

204 2248 420 2270 successores
459 2238 563 2269 nostri
597 2236 709 2280 Reges
744 2236 880 2270 Boemie
919 2237 974 2270 vel
1002 2236 1213 2270 Marcbiones
1249 2236 1397 2270 Morauie
1438 2234 1490 2268 vel
1533 2235 1615 2268 alter
1655 2237 1814 2281 quispiam
1857 2238 2038 2282 premissas

203 2296 369 2330 libertates
398 2300 547 2330 minuere
575 2299 606 2329 in
637 2296 743 2341 aliquo
773 2297 825 2330 vel
854 2296 1038 2342 infringere
1067 2301 1306 2343 attemptarent.
1336 2306 1395 2341 pro
1423 2306 1463 2328 eo
1492 2295 1675 2341 Episcopus
1697 2295 1930 2329 Olomucensis
1950 2300 2039 2329 tam-

203 2367 297 2401 quam
327 2368 385 2402 pro
414 2357 599 2391 libertatum
629 2356 780 2390 Ecclesie
811 2357 1043 2391 Olomucensis
1076 2361 1332 2391 conseruatione
1366 2355 1503 2389 fideliter
1539 2360 1569 2388 et
1606 2357 1762 2390 solliciter
1793 2361 1882 2390 stare
1917 2355 2038 2390 debeat

204 2421 235 2449 et
263 2422 463 2450 constanter.
494 2417 565 2450 Nec
594 2422 701 2450 tamen
730 2417 916 2463 Episcopus
944 2421 1016 2463 ipse
1044 2417 1104 2451 sub
1133 2419 1337 2452 defensionis
1365 2418 1476 2461 specie
1507 2416 1559 2449 vet
1589 2417 1650 2450 alio
1681 2428 1886 2462 quocumque
1923 2421 2039 2450 tenore

204 2476 302 2510 vllam
331 2479 392 2521 ipsi
422 2481 622 2511 monasterio
651 2477 775 2511 inferre
803 2483 919 2523 querat
947 2478 1118 2512 offensam.
1150 2479 1184 2512 ln
1215 2489 1278 2523 quo
1307 2480 1334 2511 si
1363 2487 1421 2522 per
1440 2475 1640 2522 Episcopum
1662 2478 1714 2511 vel
1735 2481 1919 2523 quempiam
1941 2477 2038 2510 alium

205 2547 302 2570 secus
333 2536 435 2569 tieret.
466 2538 504 2570 ad
535 2549 595 2571 nos
625 2542 656 2571 et
685 2549 902 2572 successores
929 2543 1064 2573 nostros
1098 2539 1212 2583 Reges
1249 2539 1383 2572 Boemie
1412 2541 1442 2569 et
1476 2536 1686 2571 Marchiones
1723 2538 1873 2572 Morauie
1910 2537 2039 2571 debebit

206 2596 318 2630 haberi
347 2607 514 2631 recursus.
546 2598 731 2632 Premissas
760 2601 869 2643 itaque
898 2599 1152 2645 Exemptionem
1181 2604 1211 2632 et
1240 2599 1475 2631 libertationem
1505 2610 1544 2631 ac
1573 2603 1704 2642 gracias
1734 2603 1796 2645 ipsi
1834 2602 2038 2633 monasterio
