2184 2828
1027 106 1047 140 3

113 229 237 272 graciis
264 229 297 259 et
323 224 458 258 Juribus
486 229 704 258 manutenere
733 229 765 258 et
793 224 921 259 fouere.
950 224 1116 271 predictas
1145 224 1361 259 donaciones.
1383 225 1462 259 Jura
1492 230 1523 259 et
1551 229 1695 270 gracias.
1723 225 1828 260 eidem
1849 225 1963 259 erico

113 293 144 322 et
173 315 179 320 .
211 313 218 320 .
248 285 425 319 heredibus
453 288 520 319 suis
549 287 634 318 sicut
661 285 839 331 predicitur
866 286 983 332 saetas,
1003 285 1237 331 approbamus,
1257 285 1468 321 ratificamus.
1490 291 1522 320 et
1541 286 1776 331 gratificamus.
1808 298 1846 320 ac
1874 291 1964 320 ratas

111 353 146 382 et
171 350 286 391 gratas
317 350 349 380 et
375 345 487 379 firmas
516 345 641 379 habere
676 350 708 379 et
736 357 824 382 esse,
859 345 1062 392 temporibus
1097 348 1278 392 perpetuis,
1312 346 1477 389 volentes,
1516 358 1574 381 eas
1609 351 1726 381 tenore
1753 350 1964 393 presencium

111 406 378 453 comprobamus,
398 406 610 447 Mandantes
632 406 692 439 sub
713 407 858 440 districta
888 409 1121 453 precepcione..
1141 406 1318 441 Vniuersis
1339 412 1371 441 et
1397 408 1546 452 singulis,
1569 407 1758 454 Capitaneis
1780 436 1787 442 .
1810 435 1817 442 .
1840 406 1965 441 Came-

111 470 220 510 rai-iis,
250 466 529 509 Suhcamerariis,
567 466 772 501 Officialibus
809 472 841 501 et
876 467 1073 502 Rectoribus
1107 471 1241 502 nostris.
1271 470 1325 513 qui
1361 479 1448 502 nunc
1477 473 1562 502 sunt.
1591 469 1645 503 uel
1674 472 1728 514 qui
1757 468 1877 502 fuerint
1905 479 1964 514 pro

112 533 273 574 temporee
303 532 340 561 vt
367 527 516 574 prefatos
544 527 690 561 Vlricum
722 533 751 561 et
781 528 923 562 heredes
958 539 1048 571 suos,
1084 531 1116 562 in
1145 531 1302 574 pretactis
1337 528 1586 563 donacionibus.
1616 531 1740 574 gracijs
1770 534 1801 563 et
1829 529 1964 563 duribus

112 592 161 633 eis
202 591 374 622 concessis
417 593 448 622 et
489 587 586 630 datis,
622 599 686 621 non
723 588 876 623 debeant.
913 600 973 623 nec
1006 593 1198 634 presumant
1232 589 1403 635 impedire.
1439 589 1626 623 molestare.
1669 601 1728 624 seu
1770 590 1964 636 aliqualiter,

111 660 313 694 aggrauare.
342 649 467 683 Harum
496 651 584 683 serIe
613 653 644 682 et
663 646 850 683 testimonio
871 650 1036 684 literarum
1056 649 1174 694 quibus
1194 650 1335 694 sigillum
1356 655 1502 684 nostrum
1525 650 1678 684 duximus
1699 651 1963 697 appendendum.

111 709 231 744 Datum
252 709 361 755 Frage
381 711 482 743 Anno
509 709 631 743 domini
649 709 826 743 Millesimo
854 710 1102 745 Trecentesimo
1130 710 1443 756 TrIcesimoquarto.
1465 710 1555 745 VIII.
1585 710 1752 745 Kalendas
1779 711 1963 755 Februarij.

420 788 509 822 (Orig.
535 788 582 814 auf
601 789 759 822 Pergament
784 791 827 814 mit
854 791 937 815 eine-m
961 798 1076 824 grossen
1101 793 1147 823 gut
1172 789 1327 816 erbaltenen
1352 790 1547 824 Doppelsigitte
1572 791 1604 816 im
1630 790 1710 816 mahr.
1737 791 1822 816 stand.
1843 790 1964 817 Landes-

525 841 641 867 Archive
666 844 743 866 unter
767 841 816 866 den
842 842 997 875 Prixilegien
1020 842 1065 868 Nr.
1091 841 1134 872 3.)

1019 953 1061 988 3.

268 1010 477 1076 lvlarkgraf
501 1030 580 1065 Karl
609 1031 795 1077 verspricht
824 1032 884 1065 den
915 1032 1067 1078 Burgern
1096 1032 1155 1066 der
1183 1033 1329 1067 Altstadt
1356 1033 1453 1078 Prag.
1485 1033 1560 1067 dass
1589 1044 1626 1067 er
1645 1032 1748 1067 durch
1767 1033 1856 1067 volle
1878 1035 1966 1067 zwei

64 1103 68 1106 ’
112 1090 215 1125 Jabre
242 1102 309 1125 von
339 1091 439 1125 ihnen
469 1091 622 1126 dessbalb
651 1092 751 1126 keine
772 1092 892 1126 Steuer
920 1093 1103 1138 verlangen
1131 1093 1259 1136 werde‚
1288 1095 1366 1128 weil
1388 1097 1437 1127 sie
1457 1093 1717 1137 sei11emVater‚
1740 1094 1812 1127 dem
1833 1093 1965 1139 Konige

112 1151 257 1194 Johann,
288 1151 388 1186 2000
409 1151 543 1186 Schock
563 1152 661 1197 Prag.
685 1152 857 1187 Groschen
879 1165 937 1187 zur
956 1153 1149 1199 Bezahlung
1169 1154 1227 1188 der
1247 1154 1413 1188 Schulden
1434 1154 1589 1200 gegeben
1610 1154 1733 1188 hatten.
1760 1154 1813 1188 Dt.
1836 1154 1963 1199 Pragae,

113 1215 145 1246 in
173 1215 319 1246 crastino
347 1212 587 1247 Purificationis
616 1213 645 1248 b.
675 1213 782 1247 Marte
813 1218 895 1259 virg.
927 1214 979 1257 (3.
1009 1215 1176 1261 Februar)
1206 1215 1315 1250 1334.

422 1293 493 1324 (Ans
518 1292 576 1318 dem
601 1293 713 1318 altesten
738 1293 826 1319 Bucbe
852 1295 898 1319 ties
923 1294 1020 1328 Pragei·
1043 1295 1190 1321 Altstadter
1214 1296 1346 1321 Areliives
1370 1305 1394 1330 p.
1430 1295 1564 1321 GT-GS.
1614 1295 1789 1329 Abgedruckt
1814 1295 1855 1321 bei
1879 1295 1964 1322 Pelzel

525 1344 555 1370 K,
581 1344 641 1370 Karl
667 1345 711 1371 IV.
738 1345 756 1371 Ι.
782 1346 826 1371 Tb.
855 1346 1024 1372 [rkundenb.
1050 1356 1074 1381 p.
1101 1346 1128 1373 S.
1155 1355 1179 1379 n,
1205 1347 1250 1373 VI.
1276 1347 1391 1373 Bolimer
1415 1347 1465 1373 Ad.
1491 1347 1523 1373 ll.
1549 1348 1575 1373 S,
1603 1348 1688 1378 340.)

1017 1450 1057 1485 -Ι,

114 1524 191 1558 Dei·
228 1525 385 1559 Koncenl
419 1526 478 1559 cles
514 1526 807 1560 Nonneukloslers
843 1539 882 1561 za
917 1528 1044 1562 lsam’tz-
1080 1528 1256 1572 serkcmfel
1290 1530 1360 1563 (lem
1398 1529 1554 1563 Brachei-
1595 1529 1690 1563 Abte
1724 1529 1860 1563 Jolzmm
1900 1530 1966 1563 und

113 1585 233 1618 dessen
264 1585 443 1619 Korerenle
472 1587 533 1620 (las
562 1587 659 1631 Dorf
690 1587 897 1622 T1·esl1·011·i!:-
935 1588 1190 1634 (Steteudors).
1227 1590 1287 1624 De.
1324 1590 1471 1624 Claude:-
1506 1590 1604 1624 XIV.
1638 1590 1823 1624 Februarii
1851 1590 1962 1624 1334.

270 1660 315 1714 'n
345 1684 478 1715 nomine
509 1682 629 1716 domini
659 1684 780 1717 Amen.
838 1682 1000 1718 Nouerint
1028 1687 1174 1719 vniuersi
1203 1691 1379 1731 presentes
1409 1686 1521 1720 literas
1551 1689 1743 1732 inspecturi.
1773 1686 1859 1732 quod
1889 1698 1962 1720 cuin

112 1751 174 1774 nos
214 1740 373 1775 Nicolaus
415 1746 636 1777 miseracione
679 1744 787 1778 diuina
831 1748 1027 1791 prepositus
1072 1745 1249 1780 Katherina
1294 1747 1468 1781 Priorissa.
1504 1747 1678 1792 Hedwigis
1719 1747 1961 1793 Suppriorissa‚

113 1800 285 1846 Totusque
314 1802 506 1837 Conuentus
535 1803 726 1849 Monasterij
757 1805 987 1839 Chunicensis.
1018 1805 1336 1841 Premonstratensis
1365 1808 1501 1851 ordinis.
1533 1808 1765 1842 Olomucensis
1794 1808 1962 1854 dyocesis,

112 1860 264 1895 Discreto
302 1866 376 1896 viro
420 1863 582 1898 Benessio
614 1865 720 1899 Judco
756 1869 787 1899 in
823 1866 958 1900 Znoima
996 1871 1026 1900 et
1063 1869 1131 1900 suis
1168 1867 1344 1902 heredibus
1380 1880 1423 1902 ex
1459 1869 1734 1915 predecessorum
1774 1874 1962 1903 nostrorum

111 1922 335 1957 contractibus
365 1927 396 1957 in
427 1924 601 1959 Trecentis
628 1925 750 1959 Marcis
778 1926 1034 1960 Morauicalibus
1065 1926 1264 1962 Grossorum
1296 1929 1524 1973 l'rag-ensium.
1555 1933 1728 1975 sexaginta
1759 1934 1789 1963 et
1824 1934 1963 1974 quatuor

112 1985 239 2027 grossis
269 1984 417 2018 eiusdem
446 1990 577 2019 monete
606 1997 664 2032 pro
694 1998 804 2020 marca
836 1987 977 2033 qualibet
1008 1991 1197 2031 numeratis,
1228 1989 1407 2025 debitores
1444 1994 1475 2024 et
1510 1990 1645 2024 obnoxii
1682 1995 1882 2024 teneremur.
1922 1990 1962 2024 de

113 2042 198 2076 dicto
237 2048 269 2077 et
308 2044 456 2078 Arbitrio
496 2047 707 2092 prouidorum
750 2051 894 2082 virorum
939 2048 1092 2082 Stanislai
1128 2051 1209 2083 ciuis
1251 2049 1473 2094 Znoimensis,
1516 2055 1592 2085 tunc
1634 2051 1750 2085 iudicis
1792 2051 1962 2085 iudeorum

114 2102 230 2138 ibidem
260 2110 292 2139 et
322 2105 540 2141 Hinsbikonis
561 2107 751 2153 Purcbrauij
782 2112 881 2143 castri
911 2112 1024 2151 nostra
1054 2113 1106 2155 qui
1137 2113 1221 2144 inter
1249 2122 1319 2145 nos.
1351 2116 1381 2145 et
1411 2112 1551 2145 eundem
1579 2111 1730 2154 Judeum,
1752 2113 1962 2146 Auctoritatc

113 2162 219 2208 Regia
254 2165 399 2200 arbitrati
437 2172 523 2201 sunt.
560 2168 669 2202 villam
705 2174 850 2203 nostram
887 2169 1126 2204 Dirscbowicz.
1164 2182 1226 2216 que
1262 2176 1292 2205 et
1329 2173 1515 2206 Stetindorl'
1546 2173 1663 2206 dicitur
1702 2184 1775 2206 cum
1811 2173 1961 2207 omnibus

113 2227 182 2257 suis
211 2223 343 2260 Juribus
381 2231 531 2274 exceptis
566 2234 704 2275 protunc
740 2230 844 2264 laneis
879 2235 971 2277 prout
1007 2234 1038 2264 in
1073 2232 1286 2276 sequentibus
1321 2233 1552 2267 declarabitur.
1589 2233 1778 2267 vendicioni
1808 2233 1961 2268 duximus

112 2285 355 2330 exponendam,
383 2293 418 2322 vt
447 2289 596 2323 eiusdem
624 2289 720 2324 Judei
749 2291 892 2325 debitum
922 2296 953 2325 et
981 2302 1153 2326 vsurarum
1183 2292 1364 2337 voragines
1394 2294 1561 2327 declinare
1598 2305 1785 2338 possemus,
1815 2294 1856 2328 Et
1884 2297 1958 2339 quia

112 2348 284 2390 graciores
313 2358 370 2392 pro
399 2353 474 2383 tunc
503 2349 598 2383 nobis
633 2362 698 2385 non
741 2356 941 2386 occurerunt
983 2357 1147 2398 emptores
1182 2352 1298 2399 quibus
1335 2354 1375 2387 dc
1405 2357 1577 2400 empcione
1610 2354 1696 2388 dicte
1728 2355 1806 2388 ville
1841 2355 1959 2388 melius

111 2404 311 2439 saueremus.
348 2406 538 2444 Venerabili
573 2413 604 2444 in
635 2411 764 2445 Christo
799 2412 889 2447 fratri
919 2413 1050 2446 domino
1084 2413 1227 2447 Johanni
1265 2413 1386 2448 Abbati
1425 2414 1615 2458 Monasterij
1653 2414 1812 2448 Lucensis
1857 2426 1959 2460 prope

112 2465 283 2500 Znoimam
313 2472 344 2501 et
373 2480 431 2501 suo
452 2470 648 2514 ConuentuL
680 2473 804 2506 ordinis
834 2479 862 2507 et
893 2475 1049 2519 dyocesis
1078 2474 1310 2520 predictorum,
1334 2475 1460 2508 Dictum
1483 2475 1591 2508 villam
1613 2480 1756 2509 nostram
1779 2475 1962 2509 Stetindorf

111 2526 151 2560 de
188 2527 349 2562 dictorum
387 2529 581 2565 arbitrorum
618 2535 756 2567 consilio
791 2539 820 2567 et
852 2534 986 2580 speciali
1015 2535 1154 2569 licencia
1183 2535 1385 2569 venerabilis
1422 2535 1655 2581 patrisabbatis
1691 2539 1795 2571 nostri
1838 2536 1958 2570 domini

119 2586 252 2622 Stiborii
282 2588 421 2623 Abbatis
451 2590 624 2636 Sylocnsis
655 2593 834 2639 l'ragensis
865 2596 1031 2640 dyocesis.
1062 2598 1145 2629 sicut
1180 2599 1211 2629 in
1247 2599 1314 2630 suis
1348 2596 1450 2630 literis
1479 2607 1579 2642 super
1608 2596 1669 2630 boc
1697 2597 1781 2631 datis
1810 2601 1958 2642 apparet,

1820 2656 1855 2686 μ·
