2184 2828
1023 122 1097 157 930

132 245 272 278 Potonie
300 244 459 288 generale
488 244 697 277 donavimus
734 243 836 287 Igitur
870 253 929 288 pro
963 245 1057 287 parte
1086 243 1116 273 in
1147 243 1278 273 nomine
1311 240 1386 272 dicti
1417 238 1497 272 Cbo.
1535 239 1589 272 lilii
1627 243 1729 273 nostri
1764 240 1890 285 prefate
1919 239 1984 273 do-

134 308 238 338 mine.
259 307 381 338 .mariti
412 315 455 337 ex
485 315 585 337 causa
615 303 810 336 donacionis
845 307 980 349 propter
1014 304 1151 346 nupcias
1186 311 1249 346 quc
1284 301 1468 343 vulgariter
1503 299 1710 344 lllorgengab
1746 300 1863 333 dicitur
1899 299 1985 333 dicte

134 366 283 399 domine.
304 375 380 410 .pro
410 376 448 399 se
477 369 509 398 ct
537 363 689 397 omnibus
718 367 786 397 suis
816 368 849 397 et
877 363 952 396 dicti
982 360 1040 394 Ch.
1071 360 1298 394 communibus
1342 360 1415 393 liliis
1449 362 1619 404 recipienti
1643 360 1851 393 medietatem
1879 362 1985 393 tocius

133 426 272 460 ducatus
302 429 406 459 nostri
436 425 475 458 ad
505 424 689 458 babendum
719 424 895 457 tenendum
925 422 1159 468 possidendum
1185 426 1217 455 et
1241 421 1426 454 faciendum
1459 422 1596 465 quitquit
1619 420 1678 453 sibi
1700 423 1730 453 in
1756 420 1984 454 communibus

133 487 207 520 tiliis
240 486 431 519 eorumdem
466 485 626 530 deinceps
659 485 831 530 placuerit,
866 486 1093 529 promittentes
1128 485 1189 527 ipsi
1229 481 1483 526 domine..pro
1517 491 1553 514 se
1588 484 1621 513 et
1648 483 1717 514 suis
1747 480 1923 514 heredibus
1952 485 1985 514 et

132 549 226 581 dictis
257 558 370 580 eorum
401 545 632 579 communibus
662 545 735 579 liliis
765 545 910 591 predicta
940 547 1073 589 propter
1101 544 1239 588 nupcias
1268 542 1487 575 donacionem
1519 540 1643 574 firmam
1673 546 1705 574 et
1732 545 1835 574 ratam
1860 540 1985 574 habere

131 613 165 641 et
193 612 309 641 tenere
338 612 370 640 et
397 618 462 640 non
492 611 608 639 contra
638 605 749 639 facere
779 606 831 639 vel
866 607 984 638 venire
1019 603 1126 649 aliqua
1162 605 1299 636 racione
1334 602 1385 635 vel
1422 612 1522 635 causa
1558 601 1599 634 (le
1634 604 1703 635 iure
1739 601 1791 635 vel
1828 600 1868 634 de
1897 600 1985 635 facto

132 668 191 702 sub
221 679 305 714 pena
337 667 455 713 duplici
486 667 706 713 stipulacione
736 669 896 711 promissa
926 669 959 697 et
986 663 1178 697 reseccione
1214 663 1427 708 dampnorum
1465 666 1496 695 et
1530 672 1753 707 expensarum
1784 662 1848 695 litis
1878 672 1925 694 xx
1953 666 1987 695 et

131 729 342 773 obligacioue
373 731 516 761 omnium
547 726 706 760 bonorum
741 730 926 759 nostrorum
963 729 995 758 et
1029 735 1114 770 pena
1149 727 1219 769 ipsa
1254 724 1360 757 soluta
1396 723 1450 756 vel
1485 733 1551 755 non
1586 726 1779 768 prescripta,
1815 724 1925 755 omnia
1955 726 1987 755 et

131 790 261 834 singula
293 793 449 822 maneant
479 791 509 821 in
539 788 649 822 valide
679 786 799 820 robore
829 786 990 820 firmitatis
1019 789 1081 818 ete.

1010 984 1117 1019 390.

141 1068 376 1111 Vel-ps'tiiudmty
410 1069 471 1100 der
510 1066 721 1109 Hofmeierei
756 1064 964 1106 (villicatio)
1000 1075 1040 1096 za
1077 1062 1184 1095 Bmlz'u
1221 1063 1287 1104 anf
1314 1062 1389 1094 ἄνθε’
1420 1060 1530 1093 Jalere
1561 1071 1669 1104 qeyetz
1699 1059 1856 1104 Zahlmey
1891 1061 1986 1093 eines

368 1152 372 1153 γ
407 1126 606 1171 jalarlieleele
638 1125 760 1158 Zssnses
788 1136 852 1157 von
884 1123 957 1157 100
985 1123 1087 1156 Mar-lt
1116 1122 1262 1157 Se'lbers.
1298 1133 1328 1155 0.
1362 1121 1404 1155 D.
1438 1121 1475 1154 0.
1506 1121 1573 1154 und
1599 1120 1698 1154 Jalar.

288 1196 375 1248 Nos
406 1214 462 1247 W.
494 1213 546 1247 dei
575 1215 689 1257 gracia
719 1212 756 1245 ad
788 1214 1021 1245 universorum
1051 1215 1114 1244 etc.
1142 1209 1226 1255 quod
1255 1209 1375 1242 dilecto
1395 1207 1490 1242 nobis
1510 1207 1549 1243 N.
1572 1207 1813 1242 villicacionem
1838 1212 1985 1241 nostram

131 1280 159 1309 iu
203 1276 305 1309 Budiu
345 1287 362 1308 a
398 1274 484 1308 festo
520 1274 573 1307 tali
610 1276 762 1319 proximo
795 1284 812 1306 a
846 1272 955 1305 suturo
989 1282 1094 1317 usque
1133 1282 1191 1317 per
1226 1273 1321 1304 trium
1351 1279 1511 1302 annorum
1541 1271 1686 1314 spacium
1719 1271 1878 1301 continuo
1907 1268 1985 1301 vol-

134 1337 314 1371 vendoruin
345 1337 531 1370 revolutum
561 1345 620 1380 pro
655 1333 688 1367 C.
725 1336 847 1366 marcis
881 1335 1009 1377 argenti
1039 1333 1225 1366 locavimus
1261 1334 1308 1364 sic
1337 1335 1371 1363 ut.
1400 1328 1545 1375 quolibet
1573 1329 1613 1362 de
1641 1328 1797 1374 predictis
1827 1331 1923 1362 annis
1952 1331 1985 1362 in

130 1402 270 1443 quatuor
309 1397 417 1431 diviso
455 1401 603 1442 tempora
640 1400 671 1428 et
705 1394 887 1429 secuudum
927 1394 987 1427 boc
1024 1393 1180 1439 predictis
1215 1395 1244 1425 in
1280 1396 1421 1436 quatuor
1457 1394 1570 1435 partes
1604 1389 1718 1422 divisis
1752 1392 1872 1422 marcis
1906 1400 1985 1434 pars

130 1462 273 1505 pecunie
302 1458 342 1491 de
371 1456 517 1503 quolibet
545 1460 694 1502 tempore
723 1455 878 1501 deputata
907 1458 1020 1488 nostre
1049 1464 1182 1487 camere
1211 1451 1503 1498 presentetur.tali
1532 1453 1563 1483 in
1593 1449 1676 1483 dicta
1705 1449 1877 1483 locaeione
1906 1460 1986 1483 ser-

129 1525 209 1554 vato
238 1519 477 1562 moderamine,
513 1521 548 1550 ut
582 1519 610 1550 si
643 1520 715 1562 quis
749 1516 790 1549 de
824 1515 920 1549 bonis
955 1515 1063 1559 aliqua
1099 1524 1163 1559 que
1198 1513 1237 1546 ad
1272 1512 1391 1546 dictam
1428 1511 1671 1545 villicacionem
1706 1514 1855 1556 tempore
1883 1512 1986 1555 patris

130 1583 235 1614 nostri
265 1578 649 1625 spectabant.0ccupata
679 1580 819 1610 tenuerit
850 1581 882 1609 et
911 1575 950 1609 ad
980 1574 1056 1609 dicti
1085 1574 1125 1608 N.
1156 1577 1306 1618 regimen
1337 1571 1432 1606 nobis
1462 1570 1712 1617 procurantibus
1736 1581 1802 1605 non
1830 1575 1987 1616 poterunt

130 1643 320 1687 pervenire,
352 1644 477 1673 extunc
506 1638 632 1672 fructus
667 1641 739 1671 sive
777 1641 961 1683 proventus
996 1636 1156 1669 dictorum
1186 1635 1347 1669 bonorum
1382 1633 1422 1667 de
1456 1633 1604 1679 predicta
1633 1635 1771 1678 pecunia
1801 1631 1986 1666 tenebimus

129 1701 309 1736 defalcare.
340 1701 395 1734 Ad
423 1700 486 1734 boc
515 1702 624 1744 itaque
652 1699 804 1732 volumus
839 1703 873 1731 ut
909 1700 1066 1731 universa
1103 1697 1246 1730 claustra
1283 1699 1314 1728 et
1345 1694 1566 1728 claustralium
1596 1693 1681 1727 bona
1710 1695 1794 1726 intra
1824 1696 1985 1727 terminos

130 1764 218 1797 dicte
247 1762 467 1797 villicacionis
497 1762 681 1794 existencia
711 1759 814 1792 dictus
844 1758 883 1792 N.
915 1762 1029 1791 nostra
1058 1760 1253 1791 auctoritate
1282 1760 1314 1789 et
1343 1758 1476 1789 nomine
1500 1765 1598 1799 quem
1620 1753 1659 1787 ad
1680 1753 1810 1786 modum
1838 1758 1986 1799 tempore

129 1826 232 1871 patris
260 1825 364 1857 nostri
393 1821 572 1856 defensare
601 1819 719 1854 debeat
747 1825 779 1853 et
805 1821 1142 1865 tueri.precipientes
1169 1822 1204 1851 ut
1228 1816 1334 1850 nullus
1360 1815 1400 1849 de
1420 1815 1514 1849 dictis
1535 1813 1766 1848 claustralibus
1787 1818 1818 1847 et
1839 1817 1986 1859 ipsorum

125 1885 224 1919 bonis
253 1888 365 1931 preter
393 1882 556 1929 prefatum
585 1880 624 1917 N.
657 1892 694 1915 se
723 1883 939 1914 intromittere
968 1878 1088 1913 debeat
1116 1878 1155 1912 ad
1186 1877 1340 1911 tuendum
1371 1876 1487 1910 talibus
1521 1877 1701 1909 interiectis
1731 1874 1984 1908 condicionibus

128 1950 162 1979 ut
196 1944 346 1991 prefatus
381 1943 421 1978 N.
456 1942 579 1977 dictum
614 1941 756 1975 officium
794 1952 868 1974 cum
905 1940 1029 1974 eisdem
1067 1939 1193 1973 iuribus
1229 1943 1261 1972 ct
1295 1939 1512 1984 pertinenciis
1547 1935 1663 1981 quibus
1698 1939 1847 1981 tempore
1884 1938 1985 1981 patris

127 2009 232 2040 nostri
260 2006 361 2040 villici
390 2007 444 2050 qui
473 2008 549 2038 tunc
577 2013 636 2049 pro
667 2007 813 2048 tempore
843 2002 975 2035 fuerunt
1002 1999 1169 2045 regebant
1196 2009 1316 2043 regere
1345 1997 1464 2032 debeat
1497 2002 1528 2031 et
1556 2001 1671 2030 tenere
1700 1999 1732 2028 et
1758 2000 1894 2041 propter
1922 1995 1985 2030 boc

128 2068 234 2101 dictus
262 2065 302 2100 N.
339 2068 371 2099 in
406 2065 534 2111 prefata
567 2063 780 2098 villicacione
809 2074 856 2097 xv
891 2066 1042 2096 araturas
1071 2059 1223 2107 perfecte
1252 2059 1412 2105 expedire
1443 2057 1541 2091 debet
1569 2055 1752 2102 sumptibus
1781 2059 1924 2102 propriis
1953 2061 1986 2090 et

128 2131 289 2174 expensis
326 2130 367 2160 ita
402 2130 435 2160 ut
470 2126 629 2159 revolutis
665 2124 820 2170 predictis
856 2122 958 2156 tribus
994 2125 1090 2156 anuis
1124 2124 1212 2167 ipsas
1249 2125 1401 2154 araturas
1437 2122 1532 2164 prout
1560 2118 1717 2151 convenit
1745 2117 1922 2162 expeditas
1951 2122 1985 2151 et

128 2186 603 2232 seminibus....adaptatas
637 2189 670 2218 et
704 2190 778 2230 post
813 2183 992 2229 quamlibet
1026 2187 1192 2216 araturam
1227 2181 1291 2214 duo
1324 2190 1448 2226 pecora
1482 2181 1525 2213 vi.
1563 2188 1645 2211 oves
1680 2182 1714 2210 et
1749 2178 1832 2212 duos
1861 2189 1983 2224 porcos

125 2248 222 2283 nobis
242 2249 434 2294 relinquere
449 2247 569 2280 debeat
584 2245 818 2280 occasionibus
839 2243 1037 2290 quibuslibet
1058 2242 1252 2288 profligatis.
1274 2241 1310 2275 In
1330 2243 1424 2274 cuius
1440 2242 1487 2273 rei
1504 2238 1676 2272 clariorem
1694 2238 1901 2273 evidenciam
1918 2243 1982 2272 etc.

437 2326 523 2357 (Nacti
552 2327 638 2351 ciuem
670 2324 852 2350 hands-christi,
886 2322 1079 2349 Formelbuclie
1112 2322 1140 2347 K.
1172 2320 1274 2347 Otakar
1304 2320 1335 2345 ll.
1371 2328 1401 2345 zu
1432 2317 1621 2351 Konigsberg,
1653 2318 1813 2351 mitgetheilt
1841 2325 1892 2343 von
1922 2317 1983 2343 dem

544 2377 735 2403 Arcliivsratlie
759 2375 864 2401 Joliann
890 2375 998 2408 Voigt.)
