2184 2828
996 96 1067 131 129

114 221 241 252 mittere
270 222 302 251 et
330 218 498 263 presumit.
528 215 569 249 Et
598 217 625 248 si
660 215 773 249 forsan
809 218 868 261 ipsi
901 214 1017 249 Abbas
1045 218 1076 248 et
1101 212 1296 247 Conventus
1324 212 1509 248 huiusmodi
1538 214 1656 256 tallias,
1685 217 1891 259 exactiones,
1920 219 1954 249 et

115 281 270 324 angarias
297 277 404 311 eidem
432 276 516 310 Duci
544 275 678 309 solvere
706 281 760 310 aut
787 275 978 314 familiares,
1007 285 1122 321 equos,
1152 285 1268 317 canes,
1296 285 1355 308 seu
1382 275 1443 308 alia
1465 275 1610 320 predicta
1630 276 1781 309 animalia
1802 279 1953 322 recipere

115 342 252 380 nutrire,
281 342 336 371 aut
364 342 480 371 tenere
508 341 673 372 recusent.
705 340 812 370 statim
843 339 912 381 ipse
942 336 1017 370 Dux
1044 346 1140 377 oves,
1175 334 1293 377 boves,
1323 346 1460 377 vaccaS,
1489 335 1586 369 blada
1615 335 1740 369 diversi
1769 339 1903 380 generis
1933 347 1951 370 e

117 400 180 433 alia
209 398 295 432 bona
324 397 456 432 mobilia
484 396 633 431 eiusdem
668 396 861 431 Monasterii
897 397 936 430 ad
973 407 1087 430 manus
1123 406 1202 430 suas
1237 397 1315 440 poni
1353 400 1385 429 et
1417 399 1532 442 recipi,
1567 396 1716 431 distribui
1752 400 1785 430 et
1812 399 1962 430 consumi

116 459 194 493 fecit
229 463 262 493 et
296 446 391 500 facit,
429 457 513 492 adeo
547 457 633 502 quod
669 456 740 490 fere
775 460 919 502 ipsorum
955 459 1095 502 grangie
1124 456 1269 490 totaliter
1303 460 1380 490 sunt
1413 456 1556 490 deserte.
1612 456 1751 502 Insuper
1782 456 1859 490 Dux
1893 459 1964 502 ipse

116 520 228 566 plures
256 518 441 553 Monaclios
470 518 544 551 dicti
570 517 766 551 Monasterii
794 520 926 563 propria
956 519 1139 551 temeritate
1167 519 1252 562 capi,
1281 519 1505 561 ignominiose
1532 521 1676 560 tractari,
1705 522 1738 551 et
1764 520 1965 551 incarcerari

117 580 196 614 fecit
224 592 262 614 ac
291 582 323 613 in
355 578 570 624 compedibus
606 578 725 611 ferreis
763 578 911 612 detineri.
948 578 989 612 Et
1022 577 1150 611 deinum
1188 580 1260 623 ipse
1296 577 1373 611 Dux
1409 578 1471 611 alia
1500 582 1545 611 tot
1580 583 1614 612 et
1641 583 1728 612 tanta
1756 581 1965 623 gravamina,

119 643 369 687 oppressioneS,
398 644 430 673 et
457 639 632 673 violentias
662 638 769 672 eidem
804 638 1007 672 Monasterio
1042 642 1073 672 et
1108 640 1180 671 eius
1215 640 1367 684 personis
1404 643 1435 672 et
1468 638 1564 672 bonis
1593 638 1751 673 hactenus
1779 650 1840 685 per
1868 650 1905 673 se
1934 644 1967 673 et

120 712 200 736 suos
229 701 347 743 intulit,
377 705 408 734 et
436 699 560 734 inferre
588 702 746 733 continue
775 710 840 732 non
866 699 1004 741 desistit,
1025 698 1109 745 quod
1129 701 1191 732 nisi
1211 701 1259 732 eis
1278 710 1338 744 per
1358 699 1472 733 sedem
1492 699 1720 744 Apostolicam
1742 700 1783 734 de
1802 704 1966 745 oportuno

120 761 268 797 remedio
296 762 452 795 celeriter
478 764 701 802 succurratur,
731 762 836 806 ipsum
874 759 1110 794 Monasterium
1145 759 1370 793 verisimiliter
1406 759 1446 793 ad
1482 759 1737 794 destructionem
1772 765 1966 807 perpetuam

122 828 155 857 et
183 834 297 857 casum
325 820 573 867 irreparabilem
603 820 794 854 deducetur.
826 819 936 861 Quare
964 820 1060 854 nobis
1088 819 1204 854 Abbas
1233 824 1266 854 et
1293 819 1486 855 Conventus
1507 820 1625 867 prefati
1645 820 1809 855 humiliter
1837 822 1967 867 suppli-

123 887 251 925 carunt,
284 887 319 916 ut
352 881 532 928 providere
567 884 647 927 ipsis
683 892 782 926 super
817 880 878 914 hiis
912 885 1049 926 paterna
1083 880 1251 925 diligentia
1293 892 1498 915 curaremus.
1554 881 1624 915 Nos
1666 884 1766 926 igitur
1806 882 1967 916 adversus

124 946 334 989 gravamina,
364 943 545 984 molestias,
575 944 723 984 iniurias,
744 946 777 975 et
796 942 972 975 violentias
993 941 1175 975 huiusmodi
1196 941 1249 975 illo
1269 941 1421 976 volentes
1441 942 1566 976 eisdem
1588 942 1709 976 Abbati
1729 947 1760 976 et
1780 942 1966 976 Conventui

124 1016 164 1038 ac
191 1004 396 1038 Monasterio
432 1002 579 1037 remedio
617 1002 812 1045 subvenire,
848 1014 907 1047 per
941 1002 1027 1048 quod
1059 1003 1168 1036 talium
1204 1007 1434 1048 compescatur
1468 1006 1636 1036 temeritas
1669 1007 1701 1037 et
1734 1004 1807 1038 aliis
1842 1003 1970 1037 additus

124 1064 346 1099 committendi
374 1064 490 1098 similia
519 1063 739 1109 precludatur,
769 1063 958 1096 discretioni
986 1067 1100 1097 vestre
1128 1074 1187 1108 per
1222 1064 1403 1109 apostolica
1433 1066 1555 1109 scripta
1584 1064 1788 1103 mandamus,
1818 1067 1970 1109 quatinus

124 1136 186 1160 vos
214 1125 270 1160 vel
299 1125 362 1158 duo
391 1129 446 1158 aut
474 1135 557 1158 unus
586 1128 734 1157 vestrum
764 1135 824 1169 per
851 1134 912 1157 vos
940 1124 995 1157 vel
1023 1124 1119 1157 alium
1149 1135 1207 1158 seu
1237 1125 1318 1158 alios
1347 1127 1474 1158 etiamsi
1504 1127 1568 1158 sint
1594 1129 1687 1158 extra
1706 1125 1780 1158 loca
1800 1128 1832 1158 in
1853 1125 1969 1171 quibus

125 1186 270 1232 deputati
297 1188 377 1219 estis
414 1185 679 1218 Conservatores
709 1188 741 1218 et
771 1183 908 1217 Judices
944 1183 1079 1229 prefatis
1112 1184 1246 1227 Abbati,
1284 1184 1472 1219 Conventui
1507 1196 1545 1219 ac
1580 1185 1787 1219 Monasterio
1824 1185 1970 1219 efficacis

124 1246 330 1281 defensionis
358 1246 502 1291 presidio
532 1248 725 1280 assistentes
754 1256 819 1278 non
848 1247 1040 1290 permittatis
1070 1245 1203 1279 eosdem
1232 1257 1332 1292 super
1360 1245 1422 1279 hiis
1452 1251 1486 1279 et
1505 1245 1702 1292 quibuslibet
1721 1247 1792 1280 aliis
1816 1245 1910 1280 bonis
1939 1251 1971 1280 et

124 1307 249 1342 iuribus
287 1306 327 1341 ad
362 1306 539 1349 Abbatem,
577 1306 798 1350 Conventum,
834 1317 873 1339 ac
907 1305 1141 1339 Monasterium
1177 1306 1324 1352 predicta
1359 1306 1595 1352 spectantibus,
1632 1307 1672 1341 ab
1709 1307 1826 1341 eodem
1863 1307 1970 1350 Duce,

125 1367 340 1402 familiaribus
369 1372 400 1401 et
428 1367 582 1412 gentibus
611 1369 691 1409 suis,
721 1371 752 1400 et
781 1366 1037 1413 quibuscumque
1065 1367 1136 1401 aliis
1165 1371 1317 1413 personis
1346 1367 1490 1402 indebite
1518 1369 1686 1401 molestari
1715 1368 1767 1402 vel
1804 1372 1852 1402 eis
1887 1379 1971 1412 gra—

125 1431 271 1472 vamina,
301 1439 361 1462 seu
389 1428 531 1473 dampna
561 1429 615 1461 vel
644 1431 778 1461 iniurias
814 1430 967 1472 irrogari,
1004 1427 1120 1461 facturi
1157 1427 1252 1462 dictis
1289 1428 1413 1462 Abbati
1445 1433 1479 1462 et
1511 1428 1698 1462 Conventui
1733 1440 1807 1462 cum
1842 1429 1881 1463 ab
1911 1432 1970 1472 eis,

126 1490 181 1524 vel
209 1488 478 1535 procuratoribus
507 1492 585 1522 suis.
615 1489 668 1522 vel
699 1500 813 1522 eorum
849 1489 985 1521 aliorum
1021 1488 1127 1534 aliquo
1157 1488 1282 1523 fueritis
1317 1492 1465 1534 requisiti
1494 1489 1535 1523 de
1563 1489 1668 1529 Duce,
1699 1489 1913 1524 familiaribus
1942 1495 1974 1524 et

126 1550 293 1595 gentibus,
323 1561 361 1583 ac
391 1550 462 1583 aliis
492 1552 643 1595 personis
672 1549 827 1594 predictis
855 1560 955 1594 super
974 1552 1180 1583 restitutione
1199 1549 1383 1583 huiusmodi
1403 1551 1576 1584 talliarum.
1599 1554 1822 1593 exactionum,
1843 1554 1971 1594 iuriam,

127 1616 160 1645 et
187 1610 347 1645 bonorum
377 1610 580 1647 eorumdem,
611 1610 776 1644 mobilium
806 1614 838 1643 et
866 1609 1089 1652 immobilium,
1119 1610 1301 1644 reddituum
1336 1622 1477 1657 quoque,
1514 1616 1745 1657 proventuum.
1775 1616 1807 1645 et
1835 1612 1972 1645 aliorum

127 1682 409 1718 quorumcumque
438 1671 609 1707 bonorum.
638 1682 701 1704 nec
730 1682 796 1704 non
826 1670 866 1704 dc
895 1669 1090 1714 quibuslibet
1118 1671 1288 1714 molestiis,
1317 1674 1444 1706 iniuriis
1464 1676 1561 1717 atque
1581 1672 1742 1718 dampnis,
1764 1672 1972 1718 presentibus

132 1737 164 1766 et
191 1731 320 1774 futuris,
350 1735 382 1765 in
418 1731 480 1765 illis
518 1731 673 1765 videlicet
705 1742 768 1776 que
797 1731 980 1764 iudicialem
1018 1733 1188 1776 requirunt
1220 1732 1409 1777 indaginem
1439 1735 1617 1766 summarie
1645 1737 1677 1766 et
1705 1733 1745 1766 de
1774 1733 1871 1779 plano
1901 1736 1973 1767 sine

131 1795 269 1838 strepitu
297 1797 330 1826 et
357 1793 461 1837 figura
491 1792 611 1826 iudicii.
642 1792 678 1825 In
708 1792 779 1826 aliis
808 1803 889 1825 vero
919 1796 1012 1837 prout
1040 1792 1179 1836 qualitas
1209 1803 1322 1826 eorum
1349 1796 1515 1838 exegerit,
1536 1796 1664 1827 iusticie
1685 1794 1971 1839 complementum,

131 1853 273 1888 eundem
302 1852 440 1896 Ducem,
462 1865 500 1886 ac
529 1854 612 1886 alios
642 1857 862 1899 occupatores
882 1864 940 1886 seu
961 1852 1162 1895 detentores,
1183 1854 1422 1897 molestatores,
1444 1859 1693 1900 presumptores
1715 1859 1745 1888 et
1763 1857 1973 1889 iniuriatores

133 1913 329 1956 huiusmodi,
359 1925 422 1947 nec
451 1925 516 1947 non
545 1914 811 1947 contradictores
840 1913 1003 1959 quoslibet
1030 1917 1063 1946 et
1082 1912 1235 1957 rebelles,
1256 1917 1492 1961 cuiuscumque
1513 1915 1690 1960 dignitatis,
1712 1920 1827 1958 status,
1848 1915 1973 1949 ordinis

132 1975 186 2008 vel
214 1974 411 2008 conditionis
439 1977 618 2017 extiterint,
648 1974 921 2020 quandocumque
950 1978 981 2006 ct
1009 1975 1303 2020 quotienscumque
1331 1975 1515 2021 expediens
1534 1975 1632 2009 fuerit
1651 1979 1842 2009 auctoritate
1861 1981 1973 2010 nostra

134 2046 192 2080 per
211 2045 384 2069 censuram
405 2035 665 2068 ecclesiasticam
686 2035 908 2081 appellatione
927 2036 1105 2080 postposita
1126 2035 1379 2080 compescendo.
1406 2035 1565 2070 Invocato
1586 2037 1624 2069 ad
1647 2036 1709 2071 lioc
1729 2039 1755 2070 si
1776 2047 1858 2082 opus
1878 2036 1975 2070 suerit

134 2095 256 2129 auxilio
276 2094 401 2129 brachii
420 2096 590 2129 secularis.
612 2094 686 2129 Non
706 2095 910 2129 obstantibus
931 2099 1039 2128 tamen
1060 2094 1112 2128 fel.
1135 2106 1203 2128 rec.
1224 2095 1386 2130 Bonifacii
1405 2096 1466 2130 PP.
1488 2096 1577 2130 Vlll.
1599 2097 1848 2142 predecessoris
1872 2100 1974 2131 nostri

134 2158 166 2189 in
186 2154 303 2201 quibus
323 2160 471 2192 cavetur.
493 2167 534 2189 ne
554 2156 670 2200 aliquis
690 2161 785 2190 extra
805 2168 897 2190 suam
914 2156 1086 2189 Civitatem
1109 2155 1161 2189 vel
1181 2155 1351 2199 diocesim,
1367 2159 1429 2190 nisi
1445 2160 1476 2190 in
1493 2160 1592 2191 certis
1612 2159 1763 2202 exceptis
1783 2157 1925 2200 casibus,
1942 2162 1976 2191 et

134 2219 167 2250 in
195 2215 256 2249 illis
285 2215 365 2249 ultra
393 2227 491 2250 unam
512 2216 630 2250 dietam
652 2228 669 2250 a
690 2217 754 2250 line
781 2228 840 2250 sue
861 2217 1003 2250 diocesis
1023 2215 1061 2249 ad
1082 2215 1235 2249 iudicium
1255 2222 1426 2252 evocetur.
1457 2218 1524 2252 Seu
1554 2229 1595 2251 nc
1614 2217 1750 2252 Jndices
1779 2222 1812 2252 et
1830 2229 1974 2252 conser-

135 2280 271 2311 vatores
299 2287 317 2309 a
351 2276 431 2311 sede
466 2277 608 2323 deputati
644 2278 791 2323 predicta
829 2282 922 2311 extra
957 2277 1132 2310 Civitatem
1167 2281 1200 2310 et
1240 2276 1408 2322 diocesim,
1444 2281 1474 2312 in
1511 2278 1626 2324 quibus
1661 2278 1805 2324 deputati
1842 2278 1974 2313 fuerint.

136 2341 251 2371 contra
287 2347 510 2383 quoscumque
544 2338 727 2383 procedere
756 2341 829 2372 sive
864 2338 916 2371 alii
946 2337 998 2370 vel
1031 2337 1102 2370 aliis
1137 2339 1231 2371 vices
1272 2349 1348 2371 suas
1382 2342 1599 2380 committere,
1641 2343 1696 2372 aut
1730 2339 1856 2385 aliquos
1893 2339 1973 2373 ultra

136 2408 234 2431 unam
263 2396 380 2430 dietam
410 2408 427 2430 a
457 2397 520 2431 sine
548 2398 692 2433 diocesis
721 2399 910 2432 eorumdem
940 2397 1071 2431 traliere
1100 2402 1300 2443 presumant,
1329 2399 1503 2432 dummodo
1529 2399 1608 2432 ultra
1629 2399 1709 2433 duas
1729 2399 1833 2434 dietas
1854 2401 1973 2446 aliquis

136 2460 330 2492 auctoritate
359 2461 560 2503 presentium
589 2470 654 2492 non
684 2459 840 2493 trabatur.
870 2459 937 2492 Seu
966 2458 1050 2503 qnod
1080 2458 1120 2492 de
1148 2458 1218 2492 aliis
1239 2470 1335 2504 quam
1356 2459 1396 2493 de
1416 2459 1598 2493 manifestis
1618 2462 1743 2494 iniuriis
1763 2464 1795 2494 et
1814 2461 1974 2494 molestiis

137 2523 170 2552 et
195 2518 267 2553 aliis
297 2529 359 2564 que
389 2518 573 2552 iudicialem
602 2519 792 2564 indaginem
821 2523 968 2563 exigunt,
999 2521 1092 2564 penis
1121 2521 1153 2552 in
1182 2530 1240 2552 eos
1269 2522 1297 2553 si
1325 2530 1422 2554 secus
1442 2522 1582 2563 egerint,
1604 2523 1684 2554 etin
1706 2520 1736 2554 id
1757 2525 1974 2566 procurantes

137 2578 288 2622 adiectis,
317 2583 576 2613 conservatores
611 2591 648 2614 se
682 2580 867 2614 nullatenus
903 2582 1126 2622 intromittant,
1162 2590 1258 2625 quam
1287 2580 1358 2613 aliis
1387 2579 1644 2625 quibuscumque
1679 2581 1975 2615 Constitutionibus

1835 2641 1869 2669 17
