2184 2828
1073 132 1148 167 298

194 258 320 288 nostri.
341 264 404 298 quo
434 255 554 287 vtiinur
582 250 790 297 presentibus
819 255 868 284 est
897 260 1091 295 appensum.
1146 248 1263 282 Datum
1294 251 1323 282 in
1355 248 1552 283 Boscowicz
1582 249 1680 282 Anno
1710 247 1829 280 domini
1858 246 2030 280 Millesimo

193 313 292 349 CCUO
322 313 429 348 XL110
458 313 540 346 seria
570 315 663 345 tertia
693 314 723 344 in
754 310 839 344 festo
869 310 1121 343 Pentliecostes.

499 391 565 423 (Das
590 389 663 424 Orig.
690 390 733 415 mit
757 390 842 414 eineui
867 388 972 413 kleiueu
997 390 1043 419 gut
1067 386 1225 412 erhaltenen
1250 387 1341 421 Sigille
1367 388 1399 413 im
1424 395 1455 413 m.
1481 391 1512 413 st.
1538 384 1775 417 Landesarcliive.)

1062 506 1168 541 410.

347 569 498 627 Ctibor,
533 586 600 622 Abt
634 597 700 621 von
736 585 873 623 Seelau,
911 584 1026 625 Peter,
1063 582 1131 617 Abt
1160 594 1225 617 von
1256 583 1437 619 Cliotesau.
1473 583 1657 627 bestatigen
1697 583 1745 616 als
1781 581 1833 615 die
1863 592 1929 615 von
1959 581 2031 614 dem

193 651 520 684 Pramonstr'atenser
564 647 649 681 Abte
690 646 753 680 und
796 645 926 690 Kapitel
967 644 1139 677 hestellten
1182 644 1383 678 Visitatoren
1420 644 1477 678 der
1514 644 1655 677 Provinz
1692 642 1858 684 Bohmen,
1894 641 2034 676 Mahren

192 711 255 744 und
286 708 502 743 Oesterreich
530 708 582 742 hei
611 708 669 741 der
698 707 872 740 Visitation
902 705 971 738 des'
989 705 1111 750 Tepler
1139 703 1289 738 Klostcrs
1318 705 1377 737 das
1406 716 1470 738 von
1499 704 1571 737 dem
1602 704 1753 748 dortigen
1782 702 1871 736 Abte
1900 701 2033 736 Beneda

191 770 368 805 errichtete
397 769 599 803 Testament.
656 767 708 800 Dt.
740 770 771 800 in
802 766 904 811 Tepla
934 768 965 799 in
994 765 1046 798 die
1076 764 1111 798 S.
1142 769 1173 798 01
1202 764 1368 798 individue
1397 765 1566 798 Trinitatis
1597 763 1674 806 (¹26.
1705 762 1789 806 Mai]
1821 762 1931 796 13⁴2.

499 847 584 880 (Nau-li
609 847 682 872 einer
707 844 842 871 Aliscliriss
867 846 899 870 im
924 844 949 869 k.
975 844 1065 872 botim,
1090 844 1206 869 Δ1105011111
1231 851 1278 869 aus
1302 843 1361 869 dem
1386 842 1458 877 Orig.
1484 843 1627 869 desselben
1653 842 1801 873 klosters.)

1060 963 1165 998 ⁴11.

194 1047 267 1080 Der
295 1045 368 1080 Abt
397 1045 463 1079 und
489 1045 550 1078 der
580 1044 735 1077 [som-ent
769 1043 826 1076 des
860 1041 1078 1075 Trebe'lsclzer
1104 1041 1264 1075 lslosters
1292 1041 1507 1086 rerpflielelen
1536 1040 1609 1074 sicle
1636 1051 1695 1073 zur
1724 1038 1948 1083 I'errz‘clctemq
1975 1038 2034 1071 des

192 1118 253 1141 ron
283 1106 387 1140 ilci-em
416 1105 660 1139 De'enstmaune
688 1102 797 1137 Pes-ela·
823 1104 1019 1147 qestifteten
1048 1101 1293 1135 Annam-Sars.
1346 1101 1402 1135 Dl.
1433 1103 1466 1134 in
1498 1100 1688 1143 Trebitsch,
1726 1099 1800 1134 ΓΙΙ.
1829 1098 1910 1132 Kal.
1940 1098 2040 1132 Jnnae’t‘

947 1162 1028 1205 (26.
1059 1162 1152 1204 Mas)
1186 1160 1294 1195 1342.

346 1241 436 1294 Nos
458 1259 567 1294 Adam
588 1258 696 1293 diuina
717 1258 931 1304 prouidencia
951 1256 1078 1300 Abbas,
1108 1256 1265 1290 'Nicolaus
1287 1258 1387 1302 prior,
1418 1255 1539 1289 Paulus
1560 1257 1721 1300 supprior.
1742 1254 1875 1288 Jeorius
1897 1253 2032 1294 Cantor,

192 1321 378 1367 Woyslaus
408 1322 597 1366 prepositus
627 1322 659 1353 in
688 1319 790 1356 Luha,
821 1323 973 1364 totusque
1001 1322 1186 1351 conuentus
1216 1318 1404 1350 monasterii
1426 1315 1648 1349 Trebecensis
1678 1314 1810 1349 Ordinis
1839 1316 1945 1348 sancti
1965 1313 2038 1347 Be—

194 1382 316 1416 nedicti
352 1381 586 1414 Olomucensis
622 1380 766 1413 diocesis
795 1381 962 1413 vniuersis
991 1378 1051 1412 has
1084 1378 1208 1411 litteras
1237 1379 1358 1410 visuris
1387 1380 1502 1409 tenore
1530 1378 1733 1421 presentium
1761 1377 2038 1419 recognoscimus

193 1442 325 1488 publice
353 1440 548 1487 profitendo,
579 1439 674 1481 Quod
705 1439 810 1473 Pesco
845 1439 1008 1484 quondam
1043 1438 1189 1472 Budislai
1218 1439 1440 1483 procuratoris
1478 1435 1618 1469 famulus
1646 1438 1750 1469 nostri
1777 1437 1969 1468 monasterii
1999 1434 2039 1467 de

194 1501 320 1536 salubri
349 1504 533 1535 animarum
563 1512 696 1534 suorum
725 1503 972 1545 progenitorum
1003 1510 1042 1532 30
1071 1510 1131 1533 sue
1159 1502 1191 1532 et
1221 1497 1406 1544 specialiter
1434 1496 1628 1529 Wenceslui
1658 1495 1769 1529 fratris
1798 1498 1860 1538 sui,
1890 1499 1923 1529 et
1951 1505 2037 1528 con-

192 1562 328 1596 thoralis
362 1561 510 1595 eiusdem
544 1560 650 1594 felicis
680 1560 927 1594 recordacionis
958 1544 1128 1602 remedio,
1158 1561 1211 1605 pie
1239 1560 1375 1603 cupiens
1403 1556 1596 1602 prouidere,
1632 1567 1733 1590 vnum
1761 1555 1927 1591 fertonem
1955 1557 2039 1589 certi

193 1633 327 1665 census,
356 1621 452 1656 nobis
471 1622 606 1666 legauit,
635 1626 774 1655 testatus
794 1625 856 1663 est,
886 1623 957 1653 siue
986 1619 1159 1665 disposuit,
1188 1618 1228 1652 de
1248 1617 1427 1663 Naprawa,
1457 1628 1517 1650 seu
1546 1619 1635 1661 agris
1656 1616 1696 1650 ad
1716 1619 1824 1662 ipsum
1844 1620 1876 1650 et
1895 1614 2038 1649 heredes

194 1694 271 1717 suos
306 1694 366 1728 per
399 1687 537 1716 mortem
566 1681 643 1715 dicti
671 1680 867 1715 Wenceslai
901 1680 1010 1714 fratris
1039 1684 1089 1713 sui
1118 1679 1278 1724 legittime
1306 1677 1486 1720 deuolutis,
1525 1680 1557 1710 in
1586 1676 1671 1710 festo
1700 1678 1808 1710 sancti
1837 1675 1922 1710 Galli
1951 1686 2039 1709 con-

195 1744 334 1777 fessoris
363 1742 503 1788 singulis
533 1744 627 1776 3111115
648 1744 679 1775 111
700 1745 893 1787 perpetuum
915 1752 974 1787 per
993 1743 1097 1786 ipsum
1119 1745 1149 1774 et
1169 1749 1384 1774 successores
1412 1748 1503 1779 suos,
1533 1740 1729 1783 quicumque
1756 1736 1906 1782 prefatos
1935 1746 2037 1781 agros

195 1803 418 1850 possederint,
448 1802 588 1837 dandum
618 1806 650 1836 et
678 1801 871 1836 soluendum
900 1800 1170 1835 contradiccione
1198 1800 1424 1846 qualicumque
1444 1798 1659 1843 111-0031111013,
1689 1796 1759 1831 Nos
1779 1807 1910 1843 quoque
1929 1795 2040 1830 bene-

194 1865 268 1898 ficia
297 1863 393 1898 nobis
421 1874 481 1910 per
509 1874 584 1896 eum
612 1862 700 1896 facta
729 1865 813 1896 iuste
841 1864 1079 1906 recogitantes,
1108 1872 1170 1895 nos
1199 1864 1231 1894 et
1258 1870 1372 1894 omnes
1399 1862 1552 1904 posteros
1581 1862 1713 1891 nostros
1742 1856 1782 1891 ad
1811 1856 2039 1903 peragendam

195 1927 388 1958 memoriam
425 1924 689 1966 anniuersalem,
725 1926 821 1968 prout
857 1921 943 1968 apud
977 1932 1038 1955 nos
1072 1925 1265 1956 consuetum
1301 1923 1366 1961 est,
1402 1929 1461 1964 pro
1496 1918 1621 1952 eisdem
1657 1923 1688 1952 et
1723 1920 1867 1952 omnium
1896 1917 2039 1951 fidelium

195 1984 425 2018 defunctorum
460 1983 632 2018 animabus
668 1986 700 2017 in
735 1985 972 2029 sempiternum
1010 1981 1095 2016 dicto
1123 1986 1272 2027 tempore
1300 1979 1501 2023 obligamus,
1535 1981 1641 2024 ipsum
1675 1982 1708 2012 et
1735 1977 1912 2025 quemlibet
1940 1977 2039 2011 alium

196 2045 355 2079 dictorum
386 2054 542 2089 agrorum
571 2048 645 2090 post
673 2054 748 2077 eum
777 2033 970 2088 legittimum
998 2052 1241 2088 possessorem,
1271 2039 1311 2074 ab
1340 2041 1426 2073 omni
1455 2038 1518 2072 alio
1548 2041 1691 2072 seruicio
1720 2043 1752 2072 et
1777 2037 1947 2073 solucione
1967 2040 2039 2072 51110

197 2104 449 2139 contribucione
486 2114 692 2150 quacumque
728 2106 903 2137 eximimus
939 2113 999 2148 per
1026 2106 1214 2149 presentes.
1268 2100 1305 2134 In
1338 2101 1430 2133 cuius
1460 2101 1507 2132 rei
1537 2101 1759 2133 testimonium
1787 2102 1819 2132 et
1846 2100 2039 2132 memoriam

196 2165 374 2199 firmiorem
408 2168 583 2211 presentes
620 2164 732 2197 literas
767 2163 947 2208 sigillorum
982 2167 1170 2197 nostrorum
1204 2160 1332 2196 abbatis
1372 2159 1497 2193 scilicet
1535 2164 1566 2193 et
1603 2163 1788 2193 conuentus
1816 2158 2038 2204 predictorum

198 2229 404 2271 appensione
433 2224 581 2259 dedimus
609 2223 794 2258 roboratas.
849 2224 970 2258 Actum
999 2227 1031 2257 et
1058 2222 1167 2256 datum
1195 2224 1228 2256 in
1256 2218 1429 2255 Trebitseh
1456 2219 1556 2253 Anno
1593 2219 1715 2253 domini
1743 2218 1920 2253 Millesimo
1949 2217 2038 2252 Tre-

198 2289 383 2321 centesimo
414 2285 679 2330 Quadragesimo
708 2284 867 2327 secundo,
896 2283 968 2318 VII.
999 2283 1071 2317 Kal.
1100 2283 1199 2317 Junii.

505 2363 590 2396 (Nacti
627 2362 675 2388 der
704 2362 777 2396 Orig.
811 2361 1126 2396 Bestatigungsurkunde
1156 2360 1186 2387 Κ.
1217 2358 1343 2393 Sigmund
1374 2366 1435 2383 vom
1464 2357 1545 2383 Jahre
1580 2357 1655 2384 1421
1689 2359 1723 2384 im
1747 2357 1863 2384 Archive
1891 2356 1939 2382 der
1962 2356 2038 2382 Stadt

608 2414 755 2447 Trehitsch,
781 2413 995 2449 abgeschrieben
1019 2414 1053 2441 A.
1078 2412 1193 2440 Boczek.
1217 2411 1243 2438 P.
1267 2411 1295 2437 R.
1320 2418 1344 2435 v.
1371 2409 1534 2442 Chlumecky
1559 2417 1582 2435 a.
1609 2418 1631 2435 3.
1657 2409 1687 2435 Ο.
1713 2410 1740 2436 S.
1769 2408 1839 2442 103,
1862 2408 1904 2434 Nr.
1932 2408 1973 2440 5.)
