2184 2828
1078 121 1125 154 74

182 252 246 273 von
277 239 435 283 Liegnitz.
466 240 567 273 Tema
603 250 668 272 von
706 238 833 273 Koldie.
872 238 1030 272 Heinrich
1060 249 1126 272 ven
1154 237 1245 283 Lipa.
1301 238 1356 273 Dt.
1385 242 1417 273 in
1446 239 1684 288 XVischegrod⁷
1714 241 1799 276 dom.
1830 248 1913 289 post.
1945 243 1965 277 f.
1996 255 2022 277 s.

184 300 377 334 Elisabetliae
409 299 485 343 (⁶26.
516 298 716 343 Novembr.)
747 298 855 332 1335.

487 378 581 411 (Yoigt
606 377 666 403 cod.
693 377 800 411 diplom.
833 377 945 403 Prussic.
978 377 997 403 Ι.
1029 378 1074 403 Th.
1107 378 1132 403 S.
1165 377 1244 403 XXV.
1277 378 1342 404 nach
1366 378 1464 412 Dogiel
1487 378 1514 405 T.
1540 379 1584 405 lv.
1610 388 1634 406 n.
1659 379 1735 406 Lvn.
1762 382 1788 406 S.
1815 381 1863 406 54.
1894 397 1923 400 ψ
1954 382 2022 408 Acta

589 428 650 455 Bor.
675 429 702 455 T.
729 429 772 455 ΙΙΙ.
799 429 816 454 S
853 428 922 455 545.
948 429 1065 463 Dlugoss
1089 429 1115 456 T.
1142 429 1160 454 Ι.
1186 429 1212 454 S.
1244 428 1329 456 1033.
1356 430 1460 457 Baczko
1484 430 1512 456 B.
1538 431 1568 457 11.
1598 430 1665 458 141.
1691 432 1807 458 bumont
1825 440 1905 467 corps
1930 433 2022 468 diplo-

591 483 705 515 matique
731 482 760 507 11.
792 481 873 514 152.)

1065 600 1139 637 95.

334 661 457 726 papst
488 680 647 714 Benedici
680 680 754 713 XII.
792 680 946 724 bestatigt
982 679 1054 714 dem
1089 680 1254 713 Zderaser
1288 680 1420 714 Kloster
1455 680 1513 714 das
1551 680 1819 716 Patronatsreeht
1853 681 1935 716 iiber
1972 682 2024 716 die

179 743 293 776 l'l'arre
322 753 360 775 zu
389 741 564 775 Morawan
594 740 762 785 (Morbes)
790 744 822 774 in
850 739 1002 774 Miihren.
1032 740 1086 775 Dt.
1116 740 1288 785 Avignon‚
1317 741 1376 775 27.
1406 741 1599 775 November
1628 741 1737 776 1335.

485 820 535 852 (lm
560 820 659 845 Archiv
683 819 723 844 sur
747 819 905 845 (jesi-liiclite
930 819 982 844 und
1006 819 1125 845 Statistik
1150 827 1200 845 von
1225 819 1350 846 Belimen.
1376 820 1496 846 Dresdcn
1525 819 1742 848 179¹2ssl795.
1769 821 1812 847 111.
1831 820 1878 847 Bd.
1899 821 1926 847 S.
1952 820 2022 847 238.

589 872 756 905 anget'ulu·t.)

1066 991 1141 1027 96.

179 1071 366 1116 Marlcyraf
388 1070 477 1104 ΚΗΓ]
503 1069 698 1113 ὁθείιῖίῇιχρί.
729 1069 811 1103 liber
839 1070 990 1114 Austros]
1017 1071 1129 1102 sesnes
1164 1069 1296 1107 Vaters.
1325 1070 1378 1103 die
1407 1070 1604 1103 Free‘leee‘len
1631 1070 1699 1104 wid
1726 1070 1931 1115 Privileyien
1964 1071 2024 1104 der

396 1131 499 1164 stadt
527 1130 686 1164 Jmnm‘tz.
717 1130 776 1164 Dt.
807 1130 956 1167 Brutine.
986 1131 1039 1163 die
1068 1130 1105 1163 S.
1136 1130 1287 1171 Andree,
1319 1130 1398 1172 (30.
1431 1130 1641 1173 Nocember]
1674 1130 1783 1164 1335.

334 1207 492 1260 Carolus
535 1226 654 1260 domini
698 1253 704 1260 .
750 1254 756 1260 .
799 1226 903 1270 Regis
945 1225 1080 1259 Boemie
1118 1227 1352 1271 primogenitus
1388 1225 1536 1260 Mareliio
1578 1225 1728 1259 Morauie
1769 1225 1916 1260 fidelibus
1957 1229 2024 1260 suis

181 1288 307 1321 dilectis
337 1315 343 1321 .
375 1315 383 1321 .
412 1287 518 1320 Jndiei
549 1314 555 1320 .
586 1287 724 1320 consilio
751 1291 780 1320 et
801 1289 1026 1320 communitati
1046 1286 1212 1320 hominum
1231 1289 1264 1320 in
1282 1286 1438 1320 Yemniez
1458 1287 1597 1320 salntem
1618 1291 1650 1320 et
1669 1286 1789 1320 bonam
1808 1286 2022 1321 voluntatem.

179 1350 357 1394 Cupientes
386 1353 505 1381 statum
534 1352 567 1381 et
594 1347 823 1381 condicionem
851 1349 991 1380 ciuitatis
1013 1351 1125 1380 vestre
1146 1346 1304 1392 predicte,
1333 1351 1365 1380 et
1393 1352 1539 1380 vestram
1567 1349 1690 1381 nostris
1718 1350 1907 1393 prosperari
1936 1352 2025 1381 tem-

179 1409 323 1455 poribus.
366 1414 525 1453 quatenus
567 1408 718 1442 felicibus
767 1408 895 1442 adaucti
943 1410 1098 1453 auspiciis
1139 1407 1322 1441 libertatum
1368 1408 1606 1442 munificenciis
1648 1407 1744 1442 vobis
1790 1419 1808 1441 a
1849 1410 2024 1442 retroactis

179 1469 379 1515 temporibus
409 1482 425 1503 a
454 1468 749 1514 predecessoribus
785 1471 905 1502 nostris
941 1468 1016 1501 diue
1054 1471 1211 1502 memorie
1248 1467 1383 1501 Boemie
1418 1473 1450 1501 et
1476 1467 1626 1501 Moranie
1662 1467 1865 1514 principibus
1893 1468 2025 1502 indultis

177 1531 324 1575 gaudere
354 1530 488 1564 liberius
517 1530 656 1563 valeatis
685 1529 919 1563 Decernimus.
946 1528 1179 1574 approbanms‚
1200 1528 1408 1571 ratificamus,
1430 1540 1469 1562 ac
1489 1528 1529 1562 de
1550 1528 1703 1562 mandato
1723 1528 1844 1562 domini
1864 1531 2025 1573 genitor-ts

179 1594 279 1625 nostri
308 1591 542 1624 confirmamus
571 1593 681 1624 omnia
711 1595 742 1623 et
770 1589 899 1634 singula
928 1589 1111 1635 priuilegia,
1133 1589 1372 1634 indulgencias.
1394 1589 1575 1629 libertates„
1598 1594 1629 1623 et
1648 1592 1780 1633 gracias
1801 1599 2025 1634 quascumque

180 1651 274 1685 vobis
303 1656 335 1685 et
363 1656 476 1685 vestre
505 1654 628 1684 ciuitati
656 1663 673 1684 a
704 1650 839 1696 prefatis
868 1650 1164 1696 predecessoribus
1203 1652 1325 1684 nostris
1354 1649 1503 1694 Regibus
1537 1650 1674 1683 Boemie
1711 1654 1743 1684 et
1776 1649 2025 1684 Mai-chionibus

179 1712 328 1746 Mor-anie
358 1712 464 1754 datas,
494 1716 526 1745 et
554 1711 798 1756 quomodolibet
826 1722 1017 1753 concessas,
1039 1710 1199 1744 volentes
1228 1722 1266 1745 ac
1294 1714 1487 1753 statuentes,
1516 1715 1549 1744 ut
1575 1713 1623 1744 eis
1643 1710 1746 1744 libere
1767 1715 1798 1744 ct
1817 1713 1889 1744 sine
1908 1713 2026 1755 quouis

180 1772 414 1818 impedimento
450 1774 492 1806 uti
528 1777 560 1805 et
600 1772 747 1816 gaudere
784 1776 942 1818 perpetuo
978 1775 1120 1817 possitis.
1176 1770 1369 1805 Mandamus
1404 1773 1512 1816 itaque
1548 1773 1712 1805 vniuersis
1743 1775 1775 1804 et
1809 1770 1948 1816 singulis
1978 1797 1985 1805 .

181 1832 378 1866 ol'tieialibus
407 1837 437 1866 et
465 1832 615 1866 fidelibus
645 1836 765 1866 nostris
794 1837 826 1866 et
855 1835 1028 1878 presertim
1064 1832 1173 1866 villico
1209 1834 1239 1865 in
1272 1830 1372 1864 Telcz
1409 1831 1620 1877 presentibus
1649 1835 1680 1865 et
1708 1833 1760 1876 qui
1789 1842 1849 1877 pro
1878 1835 2025 1877 tempore

179 1894 310 1935 suerint„
340 1897 499 1938 quatenus
529 1904 590 1927 vos
619 1898 650 1926 et
679 1897 823 1926 vestram
852 1896 1017 1926 ciuitatem
1048 1893 1297 1926 Yemnieensem
1328 1894 1358 1925 in
1388 1891 1538 1925 omnibus
1561 1897 1592 1925 et
1615 1892 1752 1936 singulis
1778 1894 1898 1925 vestris
1920 1890 2025 1925 liber-

179 1954 310 1996 tatibus,
340 1954 551 1998 indulgentiis
586 1958 619 1987 et
651 1956 775 1998 graciis
810 1953 946 1999 prefatis
984 1957 1220 1988 manuteneant
1252 1956 1283 1986 et
1320 1951 1498 1985 defendant
1536 1952 1721 1996 nullamque
1757 1952 1852 1987 vobis
1888 1951 2025 1997 proinde

180 2015 321 2048 inserant
356 2025 415 2047 seu
452 2014 566 2047 inferri
605 2013 645 2048 ab
681 2015 753 2048 aliis
788 2017 977 2059 permittant
1015 2014 1196 2048 molestiam
1231 2012 1496 2058 impedimentum
1536 2013 1719 2058 aliqualiter
1754 2012 1805 2045 uel
1842 2023 2024 2056 grunamen

181 2075 448 2114 lmlignacionem
479 2080 626 2108 nostram
665 2079 696 2108 et
730 2086 834 2120 penas
870 2077 1085 2119 grauissimas
1119 2086 1177 2120 pro
1216 2078 1302 2107 motu
1332 2077 1444 2106 nostro
1474 2072 1670 2115 infligendas
1699 2075 1727 2107 si
1756 2083 1856 2107 secus
1885 2072 2026 2106 fecerint

180 2139 350 2169 inem-suri.
382 2135 504 2168 llarum
533 2138 620 2168 serie
650 2135 838 2169 litterarum.
870 2134 989 2168 Datum
1018 2135 1151 2169 Brunne
1180 2137 1210 2168 in
1240 2134 1291 2168 dic
1321 2133 1404 2167 beuti
1441 2133 1576 2167 Andree
1606 2133 1744 2179 apostoli
1775 2144 1861 2166 anuo
1891 2132 2022 2167 Domini

180 2195 362 2239 Millcsimo,
394 2196 644 2229 'l‘reeentesimo
674 2198 838 2229 tricesimo
867 2199 990 2241 (punto.

485 2274 574 2306 (Nm-t·
600 2275 658 2300 dem
681 2276 754 2307 (trig.
781 2275 826 2299 aul*
842 2275 999 2306 l'ergameut
1022 2276 1053 2300 ini
1075 2275 1189 2300 Ari-inu·
1213 2273 1260 2299 der
1278 2273 1351 2298 Stadt
1376 2272 1487 2297 Jarnuitz
1511 2272 1723 2305 abgeselirieben
1750 2274 1780 2298 A.
1808 2272 1937 2303 Boezeli.)
