2184 2828
1035 105 1101 138 &ut

148 227 272 257 tionem
300 221 521 268 Episcopatus
551 222 700 256 eiusdem
732 222 786 255 tibi
817 222 857 256 de
886 226 1072 268 opportune
1101 221 1333 256 subventionis
1368 224 1491 257 auxilio
1528 222 1706 269 providere
1736 226 1799 258 tuis
1827 224 2004 271 supplica-

148 282 289 317 tionibus
318 282 476 325 inclinati,
506 285 728 328 prepositurat
756 294 837 329 quas
866 285 899 316 in
929 282 1071 327 Pragen.
1103 286 1135 315 et
1154 281 1412 327 wissegraden.
1435 283 1576 328 Pragen.
1606 284 1762 327 diocesis,
1791 296 1831 318 ac
1851 284 2004 319 Canoni-

148 348 241 377 catus
270 347 301 376 et
336 342 524 389 prebendas
560 354 642 388 quos
679 346 709 376 in
746 343 863 377 eadem
898 343 1040 388 Pragen.
1075 354 1115 378 ac
1143 343 1396 377 WVratislavien.
1427 349 1459 377 et
1487 345 1632 379 Saccen.
1662 344 1748 379 dicte
1777 345 1932 389 diocesis,
1963 357 2003 379 ac

149 403 368 445 obedientias,
399 415 480 449 quas
510 406 542 437 in
571 406 652 450 ipsis
683 404 855 449 Pnigeus,
885 403 1166 449 u'issegradens.
1192 408 1225 437 et
1250 403 1409 439 sacceus.
1439 406 1591 439 ecclesiis
1615 410 1692 440 tunc
1719 405 1894 441 obtinebas
1920 410 2004 441 sicut

148 469 182 498 et
220 463 326 498 adhuc
362 463 509 507 obtines,
553 464 608 498 tibi
647 476 707 511 per
735 465 932 498 decennium
961 469 1037 510 post
1065 469 1192 511 tempus
1221 464 1424 510 suscipiendi
1462 478 1479 499 a
1515 470 1545 499 te
1582 478 1699 501 munus
1734 470 2002 502 consecrationis

149 527 348 559 auctoritate
378 525 562 571 apostolica
592 524 633 559 de
662 525 801 571 speciali
829 528 936 570 gratia
967 525 1121 558 duximus
1150 525 1389 559 reservandos.
1420 528 1462 559 ita
1493 526 1579 571 quod
1607 527 1679 561 illos
1704 530 1833 562 interim
1856 531 2003 562 retinere

149 596 270 632 posses
299 585 397 628 licite,
428 588 513 619 sicut
541 589 632 631 prius
662 597 701 619 ac
730 589 762 619 in
786 585 1026 620 relevationem
1051 589 1154 632 ipsius
1182 586 1417 632 Episcopatus,
1441 586 1567 621 fractus
1594 588 1739 622 redditus
1762 593 1796 623 et
1819 594 2005 636 proventus

150 648 325 693 percipere
354 657 398 680 ex
427 646 564 687 eisdem,
594 646 817 680 decernentes
847 657 891 680 ex
920 651 998 680 tunc
1026 649 1150 680 irritum
1180 651 1212 680 et
1245 649 1345 680 inane
1374 650 1401 681 si
1437 658 1536 682 secus
1572 660 1670 694 super
1703 649 1763 684 liiis
1793 662 1811 684 a
1840 661 2004 696 quoquam

150 709 269 753 quavis
303 709 498 741 auctoritate
532 710 742 752 contingeret
777 710 975 753 attemptari.
1009 707 1133 740 Verum
1168 707 1379 742 intendentes
1415 712 1500 742 tuam
1545 707 1711 744 honorare
1745 722 1936 756 personam,
1973 716 2007 745 et

152 779 214 814 per
241 767 401 802 honorem
431 767 486 801 tibi
515 767 697 801 exhibitum
727 768 799 802 aliis
828 771 969 813 gratiam
1004 771 1175 814 impertiri,
1205 768 1396 803 discretioni
1426 773 1479 802 tue
1509 769 1690 804 dimittendi
1722 772 1776 805 vel
1812 772 2007 816 resignandi

151 828 256 863 libere
284 831 511 874 preposituras
541 827 778 863 Canonicatus.
808 828 1011 874 prebendas,
1049 833 1080 862 et
1113 828 1322 863 obedientias
1359 829 1569 876 supradictos
1606 830 1690 864 infra
1724 831 1843 866 dictum
1872 832 2006 866 decen—

153 892 253 932 nium,
274 888 405 935 quando
426 888 482 923 tibi
504 889 677 935 placuerit,
706 901 769 923 nec
794 900 860 923 non
881 894 989 923 autem
1011 892 1114 936 ipsam
1140 893 1442 935 consecrationem,
1465 890 1716 936 Canonicaium,
1737 897 1769 926 et
1788 892 2006 939 prebendam,

152 960 238 996 quos
267 952 299 984 in
329 949 542 984 Olomucens.
573 950 716 983 ecclesia
747 949 876 983 obtines
913 953 944 984 in
983 949 1133 984 manibus
1169 954 1408 997 cuiuscumque
1436 951 1595 999 Episcopi
1626 952 1834 998 Suffraganei
1863 954 2008 988 ecclesie

153 1010 361 1056 Maguntine,
390 1011 445 1044 vel
474 1013 621 1044 cuiusvis
652 1010 792 1044 Abbatis
823 1014 969 1057 exempti
1004 1014 1034 1044 in
1070 1014 1140 1057 ipsa
1174 1014 1348 1058 provincia
1384 1016 1564 1048 constituti.
1595 1025 1690 1059 quem
1718 1014 1757 1048 ad
1784 1014 1848 1048 boc
1872 1015 2011 1048 duxeris

153 1072 356 1116 eligendum,
387 1071 561 1117 eidemque
591 1071 758 1117 Episcopo
789 1072 841 1104 vel
872 1070 995 1105 Abbati
1025 1072 1210 1118 accipiendi
1239 1083 1300 1106 seu
1324 1073 1508 1120 recipiendi
1533 1077 1730 1109 auctoritate
1755 1080 1868 1109 nostra
1889 1075 2011 1109 dimis-

152 1135 281 1167 sionem
311 1133 364 1166 vel
395 1135 655 1176 resignationem
687 1129 873 1166 liuiusmodi
902 1143 1008 1178 eaque
1036 1132 1076 1166 ad
1103 1133 1190 1167 nulla
1216 1133 1270 1167 vel
1294 1139 1429 1180 recepta
1450 1134 1644 1169 conserendi
1670 1136 1787 1170 eadem
1811 1139 2010 1170 auctoritate

154 1196 402 1240 preposituras,
437 1192 676 1226 Canonieatus.
712 1192 901 1238 prebendas
935 1197 967 1226 et
1003 1193 1209 1228 obedientias
1244 1194 1451 1240 supradictos
1493 1200 1527 1229 ut
1562 1200 1775 1242 premittitur,
1813 1202 2010 1231 reservatos

155 1254 240 1289 infra
271 1258 375 1300 ipsum
406 1254 614 1288 decennium.
646 1265 708 1287 nec
739 1265 802 1287 non
834 1257 925 1300 ipsos
954 1253 1191 1298 Canonicatum
1221 1259 1255 1289 et.
1282 1255 1484 1301 prebendam
1511 1268 1593 1303 quos
1620 1261 1652 1291 iu
1679 1258 1763 1292 dIcta
1792 1258 2007 1292 Olomucens.

153 1316 302 1349 ecclesia
339 1314 472 1349 obtines
510 1326 582 1348 cum
621 1315 695 1348 illos
734 1326 794 1360 per
831 1314 1016 1348 huiusmodi
1051 1314 1276 1350 dimissionem
1317 1320 1577 1362 resignationem
1616 1329 1675 1352 seu
1717 1322 2008 1353 consecrationem

153 1387 280 1410 vacare
316 1378 496 1420 contigerit
534 1387 607 1409 cum
643 1375 846 1421 plenitudine
885 1378 964 1409 iuris
1004 1378 1158 1410 canonici
1196 1388 1236 1410 ac
1275 1376 1429 1411 omnibus
1466 1377 1591 1412 iuribus
1630 1384 1662 1413 et
1698 1382 1905 1426 pertinentiis
1943 1382 2012 1414 suis

155 1439 308 1484 personis
336 1436 491 1483 ydoneis,
521 1448 602 1481 quas
633 1436 673 1469 ad
702 1435 764 1469 hoc
797 1436 936 1470 duxeris
969 1437 1200 1480 nominandas,
1236 1440 1365 1472 etiamsi
1401 1449 1546 1485 persone
1575 1442 1646 1486 ipse
1675 1441 1729 1474 vel
1759 1451 1871 1474 earum
1901 1441 2011 1486 aliqua

155 1497 238 1531 alias
276 1496 465 1531 benefitiate
503 1500 659 1539 existant,
703 1501 736 1530 et
772 1497 824 1530 illa
863 1499 915 1531 cui
950 1496 1138 1543 Episcopus
1171 1497 1226 1532 vel
1260 1498 1376 1533 Abbas
1415 1500 1555 1546 predicti
1593 1501 1731 1535 eandem
1769 1504 2012 1548 preposituram

156 1558 302 1592 ecclesie
339 1569 479 1604 pragen.
519 1558 738 1599 contulerint,
781 1569 898 1599 unum,
940 1557 1020 1599 duo,
1063 1560 1124 1591 tria
1165 1558 1220 1592 vel
1260 1559 1353 1605 plura
1392 1558 1556 1595 beneficia
1598 1562 1847 1605 ecelesiastica,
1886 1565 2015 1596 etiamsi

154 1630 255 1653 unum
294 1630 338 1653 ex
374 1622 422 1653 eis
461 1619 605 1664 dignitas
646 1619 699 1652 vel
739 1622 937 1663 personatus
976 1622 1111 1661 existat,
1154 1624 1187 1653 et
1215 1619 1301 1654 aliud
1331 1632 1443 1654 curam
1474 1621 1595 1656 habeat
1630 1626 1824 1665 animarum,
1860 1622 2014 1657 obtinere

155 1684 323 1723 noscatur,
354 1679 568 1725 dispensandi
597 1678 907 1725 quomodocumque
935 1690 1009 1713 cum
1039 1679 1154 1713 eadem
1184 1691 1340 1726 persona,
1370 1685 1423 1716 cui
1453 1682 1570 1717 dictam
1601 1686 1841 1729 preposituram
1871 1684 2017 1718 ecclesie

161 1740 306 1786 Pragen.
345 1739 477 1774 duxerit
513 1745 545 1774 ut
578 1739 756 1786 predicitur
790 1739 1039 1782 conferendam,
1080 1744 1113 1774 ut
1151 1740 1238 1774 illam
1276 1753 1350 1775 cum
1387 1743 1545 1788 predictis
1579 1744 1720 1778 obtentis
1757 1744 1940 1779 beneficiis.
1970 1744 2019 1779 Ita

162 1805 273 1836 tamen
293 1800 379 1847 quod
405 1801 596 1846 dignitatem
620 1812 680 1836 seu
704 1805 920 1847 personatum
945 1802 972 1834 si
995 1811 1104 1845 quam,
1126 1811 1185 1835 seu
1211 1804 1238 1836 si
1263 1813 1360 1848 quem
1389 1803 1502 1838 forsan
1532 1804 1689 1848 obtineat,
1716 1810 1887 1852 postquam
1916 1809 2022 1852 ipsius

162 1865 371 1908 prepositure
400 1862 609 1908 corporalem
644 1861 743 1895 fuerit
778 1863 1029 1908 possessionem
1063 1861 1215 1908 adeptus,
1250 1867 1283 1897 et
1317 1863 1443 1899 fructus
1472 1865 1611 1911 pacifice
1640 1869 1801 1913 percipiet
1829 1878 1872 1900 ex
1902 1866 2019 1901 eadem

163 1925 298 1957 omnino
335 1922 484 1966 dimittat,
519 1923 608 1957 licite
645 1925 790 1956 retinere
826 1923 948 1965 valeat,
986 1933 1026 1956 ac
1062 1922 1243 1957 inducendi
1278 1935 1339 1970 per
1373 1936 1410 1960 se
1444 1927 1497 1960 vel
1532 1927 1629 1961 alium
1667 1938 1726 1961 seu
1760 1928 1842 1961 alios
1885 1927 2019 1962 easdem

165 1993 329 2028 personas
358 1984 413 2018 vel
442 1988 680 2030 procuratores
709 1994 788 2017 suos
817 1994 876 2029 pro
906 1986 954 2017 eis
983 1986 1014 2017 in
1044 1984 1252 2030 corporalem
1283 1988 1531 2030 possessionem
1568 1987 1867 2033 Prepositurarum.
1903 1989 2019 2023 Cano-

166 2045 344 2087 meatuum,
388 2044 644 2090 prebendarum,
684 2043 959 2086 obedientiarum,
999 2046 1116 2078 iuriuin
1162 2056 1201 2078 ac
1238 2048 1510 2091 pertinentiarum
1549 2048 1771 2095 predictorum
1818 2049 1926 2083 taliter
1970 2053 2021 2084 eis

167 2103 360 2138 collatorum
390 2109 422 2138 et
450 2105 650 2140 defendendi
679 2105 842 2147 inductas,
873 2107 990 2138 amotis
1020 2104 1219 2149 quibuslibet
1243 2105 1470 2143 detentoribus
1498 2108 1538 2143 ab
1565 2109 1688 2144 eisdem
1716 2121 1754 2143 ac
1775 2109 1917 2144 faciendi
1938 2122 2022 2156 per-

166 2174 270 2198 sonas
299 2167 391 2210 ipsos
420 2166 474 2199 vel
503 2165 609 2200 dictos
638 2170 872 2212 procuratores
901 2176 960 2211 pro
990 2167 1037 2199 eis
1066 2165 1138 2200 illas
1167 2166 1323 2201 videlicet
1347 2168 1464 2213 quibus
1493 2169 1578 2203 idem
1608 2169 1793 2216 Episcopus
1824 2171 1876 2204 vel
1906 2171 2024 2206 Abbas

168 2224 273 2258 dictas
303 2227 516 2270 priposituras
545 2227 733 2269 contulerit,
763 2226 803 2259 ad
833 2237 891 2259 eos
921 2230 954 2259 ut
984 2230 1035 2259 est
1064 2229 1165 2260 moris
1195 2227 1330 2262 admitti.
1365 2228 1441 2263 Illas
1470 2241 1553 2265 vero
1582 2230 1699 2276 quibus
1735 2231 1956 2266 Canonicatus
1991 2237 2025 2266 et

169 2284 360 2331 prebendas
389 2286 556 2331 predictos
583 2287 714 2321 duxerit
742 2292 774 2321 ut
801 2289 997 2332 premittitur
1023 2286 1258 2331 conferendos,
1286 2288 1325 2323 ad
1346 2290 1536 2336 prebendas
1559 2294 1648 2337 ipsas
1669 2293 1700 2325 in
1722 2291 1847 2326 eisdem
1869 2293 2022 2328 ecclesiis

169 2348 202 2379 in
232 2344 352 2390 quibus
382 2350 580 2391 consistunt,
609 2351 641 2382 in
671 2351 852 2382 canonicos
882 2349 983 2392 recipi
1013 2351 1045 2380 ct
1074 2350 1104 2381 in
1135 2348 1266 2391 fratres,
1296 2349 1392 2384 stallo
1422 2351 1481 2385 sibi
1512 2355 1542 2385 in
1568 2351 1676 2385 Clioro
1705 2357 1738 2386 ct
1766 2352 1838 2387 loco
1864 2357 1894 2387 in
1919 2354 2023 2400 Capi-

170 2406 237 2440 tulo
267 2408 457 2450 assignatis,
487 2407 614 2453 sibique
645 2409 685 2443 de
714 2412 860 2455 ipsorum
892 2407 1190 2453 l'reposiiurarum,
1221 2408 1493 2454 Canonicatuum,
1524 2412 1767 2458 prebendarum
1797 2418 1830 2448 et
1858 2414 2024 2448 obedien-

171 2470 289 2500 tiarum
319 2465 490 2503 fructibus,
520 2467 711 2512 redditibus,
737 2467 954 2515 proventibus
981 2468 1106 2502 iuribus
1133 2473 1163 2502 et
1191 2469 1449 2506 obventionibus
1476 2475 1643 2506 universis
1664 2476 1795 2519 integre
1814 2474 2024 2521 responderi.

171 2526 242 2561 Nec
264 2538 329 2561 non
352 2526 621 2563 contradictores
642 2533 838 2564 auctoritate
867 2533 978 2563 nostra
1001 2530 1221 2574 appellatione
1241 2535 1426 2578 postposita
1448 2533 1695 2579 compescendi.
1722 2533 1795 2568 Non
1816 2535 2022 2570 obstantibus

169 2587 344 2633 generalis
374 2588 512 2621 Concilii
541 2593 572 2622 et
602 2590 745 2633 qualibet
775 2591 837 2624 alia
867 2592 1103 2624 constitutione
1131 2595 1308 2635 contraria,
1338 2596 1410 2628 sive
1439 2594 1701 2641 quibuscumque
1726 2600 1855 2630 statutis
1881 2601 1913 2630 et
1933 2608 2024 2632 con-
