2184 2828
1025 92 1099 128 837

133 211 176 246 Et
203 213 278 256 quia
305 210 474 258 predictus
502 214 695 246 contractus
723 210 815 245 Inter
843 209 1070 245 honorabilem
1099 213 1206 244 virum
1236 210 1403 245 dominum
1428 212 1616 247 JOhannem
1642 213 1849 261 Propositum
1876 221 1991 251 nostre

132 271 442 319 Wyssegradensis
478 270 647 315 Ecclesie‚
681 276 715 306 et
747 271 867 306 dictum
904 270 1108 317 Stephanum
1147 269 1347 315 celebratus,
1385 273 1596 309 racionabilis
1630 279 1681 309 est
1718 280 1749 309 et
1786 277 1874 310 vtilis
1910 288 1989 312 esse

132 332 350 378 dignoscitur.
380 331 497 366 Eidem
526 332 677 377 diligenti
711 343 811 378 super
843 331 907 366 hoc
944 332 1083 367 consilio
1118 335 1151 365 et
1184 331 1341 366 Tractatu
1376 332 1466 368 Inter
1502 346 1578 379 nos⁷
1606 335 1648 370 Et
1676 340 1788 383 sepius
1816 337 1990 384 prehabito

131 392 341 438 Expressum
370 397 517 427 nostrum
556 393 733 438 prebemus
767 404 953 436 assensum„
991 404 1031 426 ac
1064 395 1169 427 eciam
1198 392 1414 428 voluntatem.
1452 395 1494 428 Et
1521 399 1552 429 in
1584 396 1822 432 Testimonium
1852 399 1989 444 predic-

131 457 238 488 torum
267 452 384 498 Sigilla
412 457 526 486 nostra
554 453 769 498 presentibus
798 453 952 488 duximus
979 453 1210 499 appendenda.
1240 453 1362 487 Actum
1389 459 1421 488 et
1445 455 1555 490 datum
1576 457 1613 491 In
1634 457 1862 505 Wyssegrad,
1887 460 1989 494 Anno

130 513 266 557 domini,
295 513 484 559 Millesimo7
514 513 782 558 Trecentesimo,
811 516 975 548 vicesimo
1004 513 1122 548 Sexto.
1154 513 1278 555 Quarto
1306 514 1383 549 Idus
1413 515 1625 553 Novembris.

439 592 526 625 (Nacli
551 593 625 618 einer
650 592 788 618 Abschrift
811 593 844 619 im
868 593 895 619 k.
921 593 1012 619 bonni.
1038 593 1155 619 Museum
1179 602 1210 619 zu
1235 593 1303 627 Prag
1327 602 1374 619 aus
1399 594 1457 620 dem
1484 597 1558 627 (triu.
1584 598 1632 623 des
1656 598 1681 625 1«.
1704 598 1729 624 k.
1750 599 1866 633 geheim.
1888 600 1988 631 ilaus„

543 644 612 670 llol'·
639 644 691 670 und
717 645 934 671 Staatsarchives
962 646 986 671 in
1011 645 1117 679 Wien)

1008 843 1114 878 2:37.

127 919 396 964 Besckreibunq
416 919 477 953 der
504 919 618 954 Leleen
648 920 715 954 mul
742 920 1035 954 Leleenszrasallen
1065 921 1125 955 der
1155 920 1327 956 Olmfmzer
1355 922 1497 967 Isis'rclcev
1526 927 1859 971 zummmnenyestellt
1886 932 1986 962 muter

437 980 510 1014 dem
538 980 703 1025 Be'selcofe
733 981 870 1015 Commi
898 981 925 1015 J.
956 981 1123 1015 zem'scleen
1151 982 1214 1015 den
1242 982 1373 1016 Jahren
1407 983 1674 1020 1318—-1326,

126 1042 184 1069 Fol.
208 1042 241 1069 M.
267 1042 286 1068 Ι.

283 1100 349 1153 'sti
377 1123 453 1154 sunt
480 1120 597 1154 vasalli
628 1119 863 1155 Olomueensis
891 1120 1047 1155 Ecclesie
1076 1123 1108 1154 in
1137 1123 1310 1167 prouincia
1338 1121 1608 1158 Modricensi.

281 1179 391 1215 Primo
418 1183 451 1214 in
480 1181 557 1215 villa
589 1180 816 1216 Czeczans:
851 1181 1010 1215 Nicolaus
1045 1181 1144 1215 habet
1176 1184 1197 1226 ij
1234 1183 1360 1217 laneos.
1391 1183 1505 1230 Mylco
1534 1184 1633 1219 habet
1662 1188 1705 1231 iiij
1735 1187 1863 1222 laneos.
1893 1189 1985 1223 ller-

125 1251 265 1275 mannus
295 1252 394 1275 vnum
424 1242 567 1275 laneum.
599 1241 784 1276 Benessius
813 1254 887 1276 cum
916 1242 1018 1276 frati-c
1047 1242 1077 1275 V
1106 1242 1233 1277 laneos.
1263 1243 1467 1278 Henczlinus
1496 1246 1515 1289 ij
1546 1245 1671 1281 laneos.
1708 1247 1835 1282 Relicta
1866 1249 1983 1284 Boch-

124 1300 239 1346 dali.ij
268 1302 395 1336 laneos.
435 1302 560 1348 Dytlini
598 1302 777 1347 Relicta.ij
814 1303 940 1337 laneos.
975 1302 1180 1337 Henezlinus
1215 1315 1316 1337 vnum
1351 1304 1496 1340 laneum.
1534 1305 1701 1341 Heni-icus
1737 1308 1776 1342 de
1805 1309 1981 1355 Blanzk.ij

122 1361 253 1397 laneos.
289 1361 581 1409 Budiwoygius.ij
612 1364 738 1397 laneos.
780 1363 1050 1407 Bocli(lalecz.iij
1081 1364 1209 1398 laneos.
1249 1364 1428 1400 Oswaldus
1456 1377 1557 1400 vnum
1587 1368 1730 1403 laneum.
1767 1369 1912 1405 Diti-icus
1941 1372 1982 1405 de

122 1483 200 1517 villa
230 1487 306 1517 sunt
332 1483 391 1518 VI.
421 1483 587 1518 subsides.
619 1484 785 1519 Plebanus
815 1485 913 1519 habet
943 1487 973 1529 iij
1007 1486 1132 1520 laneos.

278 1544 334 1580 Isti
368 1549 443 1579 sunt
476 1544 628 1579 feodales
663 1545 704 1579 de
742 1545 899 1591 Vgezd:
930 1546 1160 1591 Czwiczlzo.ij
1192 1547 1318 1582 laneos.
1360 1548 1652 1595 Swathomirus.ij
1684 1552 1810 1586 laneos.
1849 1552 1982 1588 Vlricus

121 1608 236 1639 custos
271 1607 449 1651 piscine.ij
485 1607 611 1640 laneos.
647 1606 904 1651 Wolsardus.iij
944 1607 1070 1641 laneos.
1119 1607 1273 1642 Clemens
1311 1608 1472 1653 Cocus.ij
1509 1611 1650 1645 laneum.
1690 1612 1846 1648 Artlebus
1880 1626 1980 1649 vnum

121 1665 265 1699 laneum.
305 1664 479 1700 Conradus
519 1665 719 1710 Medicus.ij
758 1666 888 1701 laneos.
924 1667 1125 1711 Piscator.ij
1161 1668 1304 1702 laneum.
1346 1669 1512 1705 Plehanus
1550 1683 1650 1706 vnum
1690 1673 1832 1707 laneum.
1870 1674 1980 1709 Judex

121 1736 223 1759 vnum
251 1726 396 1761 laneum.

275 1786 497 1833 Lapanicz:
528 1787 776 1833 Slul)n‹›1·ius.ij
806 1788 934 1823 laneos.
967 1788 1250 1834 Poliirlicerius.ij
1281 1791 1407 1825 laneos.
1438 1792 1693 1838 Rinllei·inna.ij
1724 1794 1848 1829 laneos.
1878 1795 1978 1842 llay—

119 1849 315 1892 manissa.ij
344 1848 472 1882 laneos.
502 1848 613 1882 Judex
642 1849 784 1882 laneum.
817 1849 1036 1893 Katherina.j
1065 1850 1209 1884 laneum.
1239 1850 1393 1886 Johlinus
1422 1853 1584 1897 Magister
1613 1854 1810 1900 Coquine.ij
1849 1856 1975 1891 laneos.

274 1907 312 1942 In
342 1907 530 1943 Kirlioz:
561 1909 689 1943 Vllinus
719 1909 759 1943 de
788 1909 933 1955 Muglicz
961 1910 1059 1944 habet
1088 1923 1109 1944 v
1138 1911 1253 1945 laneos
1282 1916 1314 1945 et
1342 1914 1363 1956 ij
1394 1913 1561 1948 subsides.
1591 1914 1697 1948 Janco
1728 1917 1758 1959 iij
1794 1916 1909 1951 laneos
1946 1922 1978 1951 et

122 1966 322 2004 Tabernam.
351 1969 520 2004 Plebanus
549 1970 589 2004 de
616 1969 765 2004 Modricz
794 1971 924 2004 laneum
954 1972 1041 2004 colit.
1072 1971 1219 2005 Jacobus
1248 1983 1321 2006 cum
1351 1973 1506 2009 fratribus
1533 1976 1576 2019 iiij
1605 1975 1732 2009 laneos.
1759 1975 1976 2012 Perchtoldus

121 2028 208 2063 filius
236 2032 386 2075 sagitarii
414 2032 434 2075 ij
465 2030 607 2065 laneum.
639 2030 807 2065 llerllinus
836 2033 855 2076 ij
886 2032 1013 2066 laneos.
1050 2031 1240 2078 Stephanus
1274 2033 1372 2068 habet
1403 2036 1424 2079 ij
1460 2036 1586 2070 laneos,
1623 2036 1830 2071 Alberlus.v
1860 2038 1975 2073 laneos

121 2093 155 2123 et
181 2090 215 2133 iij
245 2089 407 2126 subsides.
439 2091 602 2136 Sd0n0.ij
632 2092 759 2126 laneos.
789 2092 935 2126 chzko
963 2094 984 2137 ij
1015 2093 1140 2127 laneos.

275 2149 313 2184 In
341 2150 520 2188 Durans:
557 2152 716 2187 Nicolaus
753 2164 827 2187 cum
864 2153 965 2187 l‘ralre
1000 2154 1130 2188 laneum
1166 2155 1243 2188 colit
1277 2159 1309 2188 et
1343 2154 1508 2190 subsidem
1539 2156 1647 2191 babet.
1685 2157 1815 2192 Marzik
1843 2158 1973 2194 laneum

120 2209 209 2245 colit.
239 2208 359 2245 Saulus
386 2213 409 2255 ij
436 2212 567 2247 laneum
597 2213 684 2247 colit.
723 2212 833 2247 Judex
865 2215 878 2257 j
914 2214 1043 2247 laneum
1078 2214 1156 2248 colit
1193 2219 1224 2248 et
1256 2214 1436 2251 subsidem.
1473 2217 1583 2263 Tyrus
1618 2218 1751 2251 laneum
1786 2219 1864 2253 colit
1897 2225 1929 2254 et
1959 2222 1974 2265 j

120 2259 322 2305 Censualem
356 2271 453 2307 habet
491 2278 525 2308 et
559 2285 659 2308 vnum
701 2274 880 2308 subsidem.
920 2274 1064 2309 l’erusso
1103 2275 1231 2309 laneum
1267 2276 1355 2310 colit.
1394 2277 1564 2312 Ilei-tlinus
1602 2278 1732 2312 laneum
1768 2281 1971 2316 censualem.

118 2331 246 2366 Planko
276 2333 308 2376 iij
340 2332 454 2367 laneos
483 2335 572 2369 colit.
604 2334 769 2369 Plebanus
799 2335 928 2369 laneum
959 2337 1161 2370 censualem.
1192 2336 1297 2370 Janco
1327 2338 1456 2372 laneum
1486 2339 1686 2372 censualem.

274 2392 309 2426 In
339 2391 538 2428 Zeleticz:
569 2395 653 2429 Villa
686 2395 843 2429 fnukonis
873 2400 947 2429 sunt
976 2398 1059 2441 xxiij
1091 2398 1175 2430 lanei
1206 2402 1237 2430 et
1268 2399 1311 2441 vij
1343 2398 1505 2433 subsides.

274 2452 503 2488 Costelicz:
533 2456 680 2490 eiusdem
710 2457 866 2490 l'uukonis
892 2458 949 2499 xvj
977 2457 1092 2491 laneos
1119 2462 1152 2491 et
1177 2459 1244 2502 xvij
1267 2458 1419 2494 subsides
1444 2464 1474 2493 et
1500 2460 1600 2493 habet
1620 2459 1738 2495 ibidem
1761 2463 1781 2506 ij
1807 2466 1968 2499 araturas.

272 2512 309 2548 In
339 2513 624 2550 Crisanowicz
658 2517 822 2563 quondam
860 2516 1023 2551 Seborii
1059 2523 1135 2552 sunt
1169 2520 1251 2563 xviij
1286 2519 1372 2554 lanei
1408 2525 1439 2554 et
1472 2520 1696 2555 Molendinum
1733 2534 1807 2556 cum
1843 2522 1968 2558 duabus

118 2573 212 2609 Botis
240 2574 431 2609 maioribus.
462 2574 545 2609 Item
575 2578 757 2612 secundum
787 2590 860 2612 cum
890 2589 955 2611 vna
985 2578 1070 2612 Rota
1101 2582 1228 2613 minori.

1768 2645 1822 2671 106
