2184 2828
1055 134 1128 169 250

172 257 322 299 exeeptis
350 253 538 288 Allecibus.
568 257 600 285 et
621 251 769 285 Piscibus
797 251 837 285 de
866 250 982 297 quibus
1012 254 1115 295 ipsum
1136 253 1297 296 recipiant
1316 250 1530 285 Theoloniuui
1561 255 1644 285 sicut
1674 263 1690 284 a
1721 254 1894 284 retroactis
1924 256 2011 285 tem-

172 314 303 359 poribus
331 318 382 348 est
411 318 589 358 receptum.
637 312 703 345 Sed
731 323 804 345 cum
834 314 902 357 ipsa
932 312 1043 345 Strata
1073 322 1132 355 per
1160 310 1244 344 bona
1274 311 1464 355 Monasterij
1495 314 1595 345 nostri
1625 312 1838 344 Ossetzcnsis
1867 316 2012 345 transeat

172 375 293 408 Abbati
322 379 353 407 et
383 374 568 407 Convciitui
598 376 629 405 in
658 377 887 405 testamentum
917 375 1127 416 perpetuum.
1157 370 1328 404 Decimam
1357 375 1574 416 septimanam
1604 374 1705 416 ipsius
1726 371 1899 415 Theolonij
1929 382 2011 417 pro-

171 439 343 476 uentuum7
373 438 468 479 prout
488 436 591 478 ipsum
613 433 771 466 hactenus
793 433 833 464 de
853 432 926 465 dicti
948 431 1106 465 Borsonis
1125 441 1313 471 consensu„
1344 432 1529 475 voluntate,
1559 437 1589 465 et
1610 431 1818 476 beneplacito
1838 436 2012 465 tenuerunt

172 498 336 540 perpetuis
365 497 497 527 inantea
527 493 727 538 temporibus
757 504 815 537 pei·
835 496 1008 537 presentes
1028 490 1229 525 conferimus
1249 496 1281 525 et
1300 491 1476 535 donamus,
1508 492 1746 525 Comiuittimus
1775 494 1875 535 igitur
1893 491 2012 525 Illustri

171 555 291 588 Kal-olo
320 554 502 587 illarchioni
531 553 679 586 Morauie
709 553 932 596 l'riuiogciiito
962 556 1074 585 nostro
1102 554 1274 585 carissimo
1304 556 1335 584 ct
1363 555 1480 586 ceteris
1510 556 1629 585 nostris
1660 551 1836 585 heredibus
1864 563 1904 585 ac
1930 563 2013 586 suc-

169 615 358 648 cessoribus
381 614 515 647 Boeinie
535 613 703 657 Regibus.
733 625 770 646 ac
801 613 992 645 mandamus
1022 614 1186 645 vniuersis
1206 615 1326 645 nostris
1347 612 1549 646 ()l'lieialibus
1577 617 1608 645 et
1629 612 1776 645 lidelibus
1804 611 2012 657 presentibus

169 681 198 709 et
239 676 373 711 l'uturis.
410 675 579 714 Quatenus
615 674 733 707 dictam
773 674 914 706 Sti-atam
950 683 1014 706 non
1051 671 1235 706 inhibeant.
1271 683 1333 705 nec
1372 672 1520 706 inhibere
1557 675 1742 718 permittant
1771 699 1777 705 .
1809 672 1868 706 sed
1896 675 2011 718 pocius

170 740 270 780 ipsam
301 739 509 768 transeuntes
538 738 771 779 pi·ouioucant.,
803 745 866 766 vna
896 744 969 765 cuin
999 732 1085 765 (licto
1106 732 1255 766 Borsone
1284 737 1315 765 ct
1344 735 1412 766 suis
1441 732 1616 766 heredibus
1645 736 1820 777 protegant
1839 737 1872 766 et
1891 732 2013 766 defen-

169 796 263 834 itant„
286 795 321 828 In
351 798 444 828 cuius
474 797 521 827 rei
551 797 772 827 testimouium
803 797 977 838 presentes
1006 793 1115 826 literas
1145 792 1309 826 conscribi
1338 797 1369 825 et
1398 796 1498 826 nostri
1519 793 1654 827 Maioris
1675 792 1780 836 Sigilli
1807 795 2013 838 appensione

170 857 306 889 l'ccinius
335 857 538 889 communiri.
570 854 687 887 Datum
718 853 824 897 Prage
853 842 952 886 Anno
981 853 1103 886 domini
1130 853 1304 887 Millesimo
1325 853 1586 897 'l'recentesinio7
1618 853 1882 897 Quadi-agesimo
1902 852 2012 886 Primo

169 920 198 949 iu
229 917 381 949 Crastino
411 915 497 948 beati
527 914 748 947 Bai-tholomei
779 914 942 959 Apostoli.

476 993 560 1024 (Nacti
592 994 665 1017 ciucr
697 992 831 1018 Absrhril't
863 993 895 1017 ini
926 992 951 1018 k.
985 992 1073 1017 bohm.
1104 992 1221 1018 Museum
1249 1000 1296 1017 aus
1327 993 1385 1018 ‹lcin
1417 992 1490 1026 Orig.
1516 993 1564 1018 des
1589 992 1613 1018 k.
1641 992 1664 1017 hi
1691 992 1807 1023 gelieim.
1834 991 2010 1018 llofarchives

580 1053 609 1069 zu
636 1044 739 1073 Wicu.)

1040 1163 1148 1199 3⁴9.

151 1244 281 1287 ,Κυηίῃ
313 1243 449 1277 ,loliano
487 1254 547 1275 1·οη
587 1242 735 1274 Balanea
770 1241 933 1285 besla'liyt
967 1242 1020 1274 ‹le'c
1049 1242 1120 1274 dem
1152 1242 1292 1275 Ii'losler
1325 1241 1408 1286 Tell!
1435 1253 1505 1275 coni
1536 1242 1668 1285 li'o'm'gse
1702 1241 1842 1276 Wenzel
1868 1241 1917 1275 II.
1947 1252 2011 1275 er-

168 1303 307 1336 llteillen
331 1303 448 1346 Bries'e
476 1303 550 1336 ddo.
575 1302 689 1335 Bramme
716 1301 925 1334 ll..lae·1·ma›1·
950 1301 1045 1334 129⁵}
1074 1302 1140 1335 und
1166 1302 1240 1335 Ado.
1275 1302 1365 1345 Pras]
1395 1301 1453 1335 26.
1480 1301 1635 1334 Februm·
1667 1301 1765 1335 1288
1793 1302 1859 1335 und
1877 1301 2014 1345 befielzlt

168 1365 240 1397 ilem
271 1363 494 1407 illarliyrafi’n
524 1363 613 1396 Πανί
641 1363 706 1395 med
736 1363 797 1395 alen
833 1362 862 1395 lc.
895 1362 1201 1396 Laumwbeamten.
1231 1363 1311 1395 (lass
1343 1364 1392 1395 sie
1426 1362 1487 1395 (Ias
1521 1362 1664 1395 li'loster
1698 1361 1812 1396 Ιιιέὺεὶ
1835 1362 2012 1396 seltulzen.

480 1423 538 1456 Dt.
571 1423 705 1467 I'raye.
745 1422 835 1456 t'lll.
866 1423 1012 1455 Kalend.
1044 1422 1256 1466 Septembris
1287 1423 1367 1464 (25.
1398 1423 1551 1466 ,iussus-l)
1585 1422 1693 1456 1341.

324 1499 369 1551 ln
398 1521 530 1551 nomine
565 1518 685 1551 domini
722 1529 830 1551 amen.
861 1517 929 1551 Nos
959 1517 1130 1551 Jobannes
1159 1517 1211 1551 dei
1239 1520 1353 1562 gracia
1384 1516 1517 1550 Boeinie
1546 1528 1607 1550 rex
1643 1529 1681 1550 ac
1710 1516 2011 1562 Lucemburgensis

169 1579 287 1612 Comes
325 1578 364 1612 ad
399 1581 630 1612 uuiveisorum
674 1583 737 1611 tam
773 1580 981 1623 presencium
1018 1606 1024 1611 .
1063 1605 1070 1611 .
1108 1578 1287 1611 del'eriinus
1320 1580 1490 1611 noticiam.
1527 1577 1612 1622 quod
1650 1605 1656 1610 .
1689 1605 1694 1610 .
1728 1605 1734 1611 .
1771 1577 1866 1611 nobis
1895 1581 2013 1624 peticio

169 1651 211 1672 ex
241 1643 332 1684 parte
361 1639 554 1672 deuotorum
584 1644 771 1672 nostrorum
803 1667 808 1672 .
841 1667 847 1672 .
879 1639 1005 1672 abbatis
1034 1643 1065 1672 et
1092 1643 1276 1672 conuentus
1306 1638 1448 1671 ecclesie
1478 1649 1537 1671 seu
1568 1641 1757 1671 monasterii
1787 1638 1962 1684 Teplensis
1980 1666 2011 1671 ..

168 1700 273 1733 oblata
303 1702 418 1734 extitit.
450 1704 485 1732 vt
513 1699 654 1744 quedam
689 1699 862 1744 privilegia
899 1699 1063 1743 quondam
1101 1699 1199 1732 incliti
1238 1698 1429 1732 Wenceslai
1458 1701 1549 1741 regis
1569 1698 1705 1732 Boeinie
1734 1701 1844 1732 soceri
1873 1703 1904 1732 et
1932 1709 2014 1744 pre-

169 1760 358 1794 decessoris
378 1763 482 1793 nostri
502 1759 608 1793 felicis
639 1763 817 1798 memorie,
848 1763 994 1805 ipsorum
1015 1758 1238 1804 approbantes
1259 1763 1405 1792 tenorem
1426 1760 1588 1791 innovare
1617 1763 1648 1792 et
1676 1759 1873 1793 confirmare
1892 1758 2016 1804 digna-

169 1832 295 1857 remur„
316 1831 454 1866 quorum
475 1820 625 1864 equidem
646 1822 740 1865 primi
762 1824 856 1853 tenor
876 1820 948 1853 talis
969 1824 1034 1853 est:
1056 1819 1282 1853 wencezlaus
1303 1819 1354 1852 dei
1373 1821 1485 1862 gracia
1507 1829 1568 1852 rex
1589 1819 1742 1862 Boeinie,
1763 1819 1829 1853 dux
1851 1818 2015 1853 Cracovie

168 1885 201 1914 et
228 1880 463 1919 Sandomerieq
493 1880 707 1926 marchioque
740 1880 901 1913 Moravie.
939 1880 1040 1913 Sicuti
1065 1882 1139 1924 jura
1169 1884 1280 1913 nostra
1309 1879 1402 1912 nobis
1430 1879 1522 1912 illesa
1553 1882 1683 1912 servari
1711 1879 1939 1928 desideramus
1974 1879 2014 1913 ab

169 1942 239 1974 aliis
269 1968 275 1974 .
309 1968 315 1974 .
347 1968 354 1975 .
385 1940 503 1973 Datum
540 1940 672 1974 Brunne
710 1952 769 1986 per
797 1952 914 1974 manus
944 1940 1145 1974 venerabilis
1174 1940 1259 1974 Petri
1295 1939 1486 1973 Basiliensis
1521 1942 1684 1985 episcopi.
1723 1939 2015 1984 wissegradensis

170 2004 335 2047 praepositi
356 2005 388 2034 et
415 2004 508 2045 regni
530 2001 665 2035 Boemie
694 2001 894 2042 cancellarii.v
925 2004 1080 2047 principis
1106 2003 1210 2034 nostri
1230 2000 1348 2034 dilecti.
1378 1999 1477 2033 Anno
1499 1999 1618 2032 domini
1638 1999 1688 2033 Mo
1708 1999 1779 2034 CCO
1797 2003 2014 2045 nonagesimo

169 2067 300 2103 octavo,
321 2060 393 2094 1110.
415 2061 491 2094 Idus
515 2061 676 2099 Januarii,
705 2061 762 2094 Xl.
785 2061 988 2096 indiccienis.
1010 2064 1104 2105 regni
1125 2064 1226 2094 nostri
1246 2071 1331 2094 anno
1350 2062 1464 2105 primo.
1488 2059 1676 2093 Secundum
1696 2071 1778 2094 vero
1804 2060 2014 2106 privilegium

169 2125 315 2155 continet
335 2122 397 2155 hec
416 2121 535 2155 verba:
565 2121 790 2155 Wencezlaus
819 2122 870 2155 dei
899 2125 1012 2166 gracia
1032 2133 1095 2156 rex
1110 2121 1246 2155 Boeinie
1267 2125 1298 2154 et
1317 2119 1462 2153 marchio
1483 2119 1652 2159 Mei-avie„
1682 2120 1832 2154 omnibus
1860 2123 2013 2154 noticiam

169 2181 437 2227 subscriptorum.
494 2181 596 2215 Solita
632 2187 744 2215 nostre
778 2183 901 2227 reg-alis
938 2185 1185 2228 preeminencie
1218 2181 1406 2225 benignitas
1441 2183 1488 2213 sic
1525 2191 1560 2213 se
1589 2180 1766 2225 benignius
1803 2181 1949 2215 diffundit
1982 2184 2013 2214 in

170 2242 370 2276 subditos..
397 2270 435 2276 ..
476 2242 594 2276 Datum
631 2242 738 2287 Prage
774 2254 832 2288 per
867 2254 981 2276 manus
1017 2246 1166 2287 magistri
1199 2240 1426 2285 Weneeziay,
1469 2240 1667 2285 Pragensiffi
1704 2241 2012 2286 W'issegradensis.

172 2303 402 2336 Oloiiiucensis
441 2303 655 2336 ecclesiarum
691 2307 861 2343 canoniciq
892 2306 987 2347 regni
1015 2306 1117 2337 nostri
1146 2302 1391 2348 prothonotarii.
1441 2302 1539 2334 Anno
1569 2301 1689 2334 domini
1717 2301 1768 2334 ΜΟ
1796 2301 1867 2335 (3οθ
1894 2306 2013 2335 octoa-

171 2365 298 2404 gesimo
319 2368 455 2399 octavo„
485 2363 564 2396 ΙΙΙΙω
584 2363 750 2396 Kalendas
763 2356 886 2398 Marci.
916 2363 1101 2397 indiccione
1127 2366 1242 2408 prima.
1261 2388 1267 2394 .
1286 2389 1291 2395 .
1309 2363 1549 2394 committentes
1565 2361 1678 2395 illustri
1695 2361 1814 2395 Carolo
1834 2361 2011 2395 marchioni

173 2421 340 2458 iiim-avim
370 2426 604 2468 primogenito„
639 2434 677 2457 ac
709 2426 829 2457 ceteris
856 2427 978 2457 nostris
1009 2423 1184 2457 heredibus
1213 2426 1244 2455 et
1271 2420 1538 2456 successorihus.
1569 2426 1599 2454 et
1628 2422 1819 2455 mandamus
1846 2423 2011 2455 universis

171 2484 362 2526 capitaneis.
392 2487 595 2521 camerariis,
626 2483 893 2525 subcaineiariis,
923 2488 956 2517 et
975 2484 1165 2529 specialiter
1192 2481 1419 2525 burchgraviis
1448 2484 1479 2514 in
1509 2481 1668 2523 Tachow‚
1700 2487 1732 2515 et
1750 2484 1870 2515 ceteris
1890 2483 2012 2514 nostris

171 2541 382 2575 officialibus.
414 2543 620 2587 presentibus
649 2548 682 2577 et
711 2543 837 2579 futuris.
867 2549 1027 2589 quatenus
1056 2548 1170 2577 contra
1205 2547 1350 2575 tenorem
1379 2541 1627 2586 privilegiorum
1665 2541 1872 2588 presentibus
1899 2543 2012 2574 inser-

172 2607 277 2636 torum
319 2613 485 2646 nunquam
522 2603 646 2638 faciant
679 2615 741 2638 nec
777 2604 888 2638 facere
923 2607 1133 2649 presumant„
1169 2602 1226 2635 sed
1260 2604 1374 2646 pocius
1409 2601 1559 2635 abbatem
1601 2607 1632 2636 et
1673 2606 1873 2636 conventum
1909 2604 2011 2646 ipsius
