2184 2828
1076 136 1149 171 296

191 262 223 290 et
250 259 464 302 promittimus
494 267 573 302 pura
598 259 719 297 mente,
749 254 843 296 Quod
873 253 1060 300 sepedictas
1087 252 1270 295 Matronas,
1301 253 1509 298 heredesque
1538 264 1651 288 earum
1681 252 1722 286 de
1750 255 1966 297 possessione
1994 257 2027 286 et

190 320 413 363 percepcione
442 316 659 362 predictarum
681 315 829 359 Triginta
850 314 1035 348 Marcarum
1065 324 1124 358 per
1151 324 1209 346 eas
1238 318 1270 347 et
1298 313 1439 347 heredes
1467 325 1580 347 earum
1609 312 1747 357 singulis
1777 314 1872 345 annis
1902 312 2028 346 tollen-

191 378 316 417 darum,
346 388 384 410 ac
414 377 510 410 Curia
540 380 571 409 et
599 380 822 415 araturarum,
859 385 990 408 necnon
1018 376 1162 407 omnium
1191 373 1408 418 predictorum
1445 374 1627 407 nullatenus
1656 371 1936 414 ammoueffimus,
1964 383 2028 406 nee

191 449 248 470 eas
283 438 420 483 inpediri
457 439 488 469 in
526 438 575 469 eis
611 447 671 481 per
708 438 891 481 quempiam
927 433 1110 478 aliqualiter
1137 437 1379 478 permittemus„
1409 432 1478 467 Nisi
1508 436 1587 480 ipsis
1617 435 1755 479 primum
1785 432 2027 477 sepedictarum

191 497 429 531 'l‘recentarum
465 506 650 529 marcarum
686 506 810 529 summa
849 505 908 540 per
941 504 1002 527 nos
1038 493 1179 526 heredes
1208 498 1262 526 aut
1291 504 1504 527 successores
1540 498 1671 528 nostros
1700 492 1904 536 integraliter
1931 491 2029 526 fuerit

191 558 366 603 persoluta.
397 556 450 590 vel
478 556 622 602 predicta
644 555 728 589 bona
750 558 779 588 in
803 554 1074 587 Schieranowicz
1094 564 1167 586 cuin
1188 553 1259 598 alijs
1278 555 1491 599 pertinencijs
1511 553 1660 587 omnibus
1681 553 1876 598 supradictis
1896 554 2027 598 penitus

191 618 230 651 ab
260 620 346 650 omni
367 616 498 650 homine
519 616 697 660 disbrigata
718 621 749 649 et
771 615 883 648 libera.
915 617 944 647 in
976 617 1121 659 ipsarum
1150 618 1205 647 aut
1232 613 1387 647 heredum
1409 625 1539 647 suarum
1562 613 1799 647 reddiderimus
1820 616 2026 658 potestatem.

190 678 225 711 ln
256 680 348 710 cuins
378 680 424 710 rei
454 679 675 709 testimonium
705 680 877 721 presentes
907 674 977 708 ficri
1007 678 1038 707 et
1067 674 1164 717 sigilli
1194 677 1295 707 nostri
1325 677 1480 708 iussimus
1511 677 1688 707 munimine
1718 672 1877 706 roborari.
1908 672 2026 706 Datum

190 743 222 770 et
250 738 368 770 Actum
399 740 429 770 in
460 736 628 773 Brumow,
658 735 740 769 feria
771 739 867 768 sexta
897 739 972 768 ante
1001 734 1119 767 festum
1150 733 1234 768 beati
1263 733 1372 778 Georij
1404 737 1556 777 martiris,
1585 736 1748 780 proxima.
1779 733 1878 766 Anno
1907 732 2029 766 domini

189 797 377 839 Millcsimo,
407 797 668 836 Trecentesimo,
700 795 1126 839 Qum!rages-inioseeundo.

495 875 562 905 (Das
593 875 666 907 osig.
693 875 735 898 mit
760 882 844 899 vinem
875 881 990 905 grosse-n
1015 877 1061 907 gut
1092 872 1246 898 erlialtcnen
1270 872 1465 907 Doppelsigille
1490 874 1521 899 im
1548 872 1713 899 Gcwitsclicr
1737 871 1971 904 Klosterarchive,
1994 871 2027 897 im

599 934 630 951 ιιι.
656 928 688 951 st.
714 925 925 951 Landcsarrliive
949 925 994 951 Lit.
1018 924 1049 964 vE.
1076 933 1100 950 ιι.
1130 924 1169 956 l.)

1060 1044 1165 1079 407.

189 1124 376 1169 illm-hyrus
390 1124 480 1157 [sarl
498 1123 621 1167 bes'ree't
641 1123 694 1156 die
714 1123 816 1156 Slmlt
836 1122 1007 1155 Iis-asliselz
1035 1123 1101 1165 anf
1118 1122 1200 1165 fimf
1211 1121 1320 1155 Jahre
1349 1133 1409 1155 con
1439 1121 1530 1155 allen
1550 1120 1729 1166 Abyaben.
1760 1120 1819 1154 Dt.
1842 1120 2026 1162 Chremsz'r‚

711 1185 742 1216 ἱη
774 1183 889 1227 riyilia
919 1182 948 1216 b.
982 1183 1102 1225 Georij
1131 1182 1211 1222 (23.
1241 1182 1364 1226 April)
1396 1182 1506 1215 1342.

342 1260 431 1313 Ros
460 1278 602 1312 Karolus
632 1278 751 1311 domini
783 1277 917 1311 Boemie
947 1277 1050 1321 Regis
1080 1277 1331 1321 l’riinogeiiituS‚
1360 1275 1507 1310 Marchio
1535 1275 1686 1310 Morauie
1714 1275 1768 1310 Ad
1799 1278 2027 1309 vniuersoruni

189 1339 340 1373 volumus
370 1342 516 1372 notitiam
546 1341 722 1384 peruenire
743 1338 837 1379 Quod
867 1341 994 1372 iuterna
1024 1340 1142 1370 inentis
1171 1337 1436 1370 consideratione
1465 1341 1655 1382 pensantes.
1685 1336 1824 1382 qualiter
1851 1347 1910 1382 per
1937 1338 2029 1369 ciui-

189 1405 287 1433 tatum
317 1404 502 1433 nostrarum
532 1402 744 1432 munitionem
774 1398 879 1432 honor
907 1403 1020 1432 noster
1049 1409 1087 1431 ac
1118 1398 1249 1440 vtilitas‚
1279 1402 1375 1443 atque
1404 1401 1589 1430 nostrorum
1611 1407 1792 1442 pauperum
1821 1396 2028 1430 commodum

188 1460 392 1504 adaugeatur
426 1459 459 1493 Id
496 1462 585 1493 circo
621 1461 761 1492 ciuitatis
796 1470 834 1492 ac
867 1461 987 1492 ciuium
1023 1462 1212 1492 nostrorum
1247 1461 1279 1491 in
1315 1456 1476 1491 Grediscli
1510 1456 1713 1502 profectibus
1749 1456 1959 1490 intendentes
1999 1461 2029 1490 et

188 1524 332 1565 ipsorum
362 1520 583 1553 conditionem
613 1519 726 1553 facere
755 1519 907 1553 volentes
937 1519 1120 1559 meliorem„
1150 1521 1231 1564 ipsis
1260 1517 1386 1551 ciuibus
1415 1522 1448 1551 et
1475 1520 1597 1551 ciuitati
1618 1517 1746 1559 damus,
1776 1516 1979 1551 conferimus
1999 1521 2030 1550 et

189 1580 348 1614 donamus
375 1591 435 1626 per
463 1583 606 1624 quinque
636 1591 740 1613 annos
769 1583 944 1613 continuos
965 1590 982 1612 a
1004 1579 1079 1612 data
1108 1581 1311 1624 presentium
1339 1577 1543 1611 inelwandos
1572 1582 1603 1611 et
1632 1577 1707 1611 inde
1733 1580 1889 1611 continue
1908 1588 2031 1611 nume-

188 1640 320 1675 randos.
351 1640 481 1686 plenam
512 1652 549 1674 ac
578 1641 798 1673 omnimodam
828 1639 868 1673 ab
897 1638 1049 1673 omnibus
1070 1642 1201 1676 stein-is
1232 1638 1398 1681 subsidiis,
1427 1637 1551 1671 robotis
1580 1642 1611 1671 et
1639 1637 1872 1671 exactionibus
1901 1637 1941 1671 ad
1969 1648 2030 1671 nos

189 1706 219 1734 et
248 1701 287 1734 ad
317 1712 483 1734 cameram
512 1706 655 1734 nostram
684 1700 928 1745 quomodolibet
958 1699 1181 1745 spectantibus
1210 1698 1406 1741 libertatem,
1435 1698 1559 1732 taliter.
1590 1702 1624 1731 vt
1652 1698 1791 1743 predicti
1820 1700 1912 1732 ciues
1940 1708 2030 1742 quo-

189 1762 266 1795 libet
286 1762 507 1807 predictorum
529 1772 689 1794 annornm
710 1766 776 1794 tres
798 1760 905 1795 funes.
935 1771 1072 1804 quorum
1102 1759 1236 1804 quilibet
1264 1761 1498 1803 quinquaginta
1529 1758 1610 1791 duas
1638 1758 1735 1792 vlnas
1765 1761 1797 1792 in
1826 1757 2031 1803 longitudine

188 1821 445 1867 comprehendat„
476 1821 515 1855 de
544 1832 636 1855 muro
665 1821 781 1867 lapidis
802 1825 833 1854 et
853 1823 985 1854 cimenti
1014 1824 1137 1854 circum
1158 1823 1320 1854 ciuitatem
1342 1818 1534 1864 predictam,
1564 1829 1686 1852 versus
1706 1818 1838 1852 ssuuium
1859 1818 2031 1852 Morauam

191 1885 312 1915 murari
341 1887 372 1915 et
402 1882 472 1915 lieri
501 1882 653 1915 ordinent
682 1886 713 1915 et
741 1885 928 1927 procurent.
963 1881 1194 1914 Promittentes
1223 1891 1281 1925 pro
1309 1878 1413 1913 nobis.
1444 1889 1575 1912 necnon
1605 1881 1806 1924 capitaneis,
1836 1881 2030 1924 parm-auiis,

190 1942 466 1987 prouincialilms.
501 1947 531 1976 et
566 1941 762 1976 officialibus
800 1944 920 1975 nostris
956 1942 1026 1975 aliis
1062 1940 1311 1987 quibuscunque
1345 1939 1448 1972 nullas
1484 1937 1524 1971 al)
1558 1942 1637 1984 ipsis
1672 1938 1800 1972 ciuibus
1839 1943 1869 1972 et
1897 1941 2032 1973 ciuitate

191 2005 338 2045 stouras,
368 2005 564 2036 exactiones
593 2007 649 2036 aut
677 2002 819 2036 subsidia
851 2013 908 2035 seu
937 2001 1071 2035 robotas
1098 2001 1256 2047 predictis
1285 1998 1474 2033 durantibus
1504 2001 1647 2043 quinque
1676 2002 1771 2032 annis
1799 2002 1940 2043 exigere
1969 2010 2029 2033 seu

190 2066 358 2108 reciperet
388 2074 450 2096 nec
479 2074 538 2108 per
566 2065 751 2108 quempiam
781 2062 951 2095 admittere
980 2064 1083 2107 exigi,
1113 2064 1217 2106 recipi
1245 2060 1297 2094 uel
1324 2061 1455 2104 requiri.
1494 2058 1633 2092 Presatis
1662 2062 1854 2104 capitaneis.
1883 2070 2028 2104 purcra-

190 2127 270 2159 mis.
300 2123 558 2169 prouincialibus
594 2128 626 2156 et
654 2122 851 2156 officialibus
882 2125 1005 2156 nostris
1035 2122 1229 2156 mandantes
1264 2120 1396 2154 firmiter
1424 2123 1455 2152 et
1483 2123 1626 2155 attente.
1656 2123 1817 2165 quatenus
1846 2119 2029 2154 antedictos

191 2188 281 2217 ciues
303 2184 398 2217 nullis
419 2182 661 2221 exactionibus„
691 2186 822 2226 sternis,
851 2182 1004 2216 subsidiis
1034 2194 1072 2216 ac
1098 2182 1170 2216 aliis
1190 2179 1452 2216 infestationibus
1471 2183 1504 2212 et
1524 2179 1755 2224 inquietatibus
1784 2179 2031 2224 quibuscunque

192 2245 348 2278 infestare
377 2243 520 2277 debeant
548 2248 603 2276 ant
630 2254 783 2287 grauare.
813 2243 1073 2287 indignationem
1102 2247 1260 2283 nostram,
1289 2243 1315 2274 si
1342 2242 1503 2284 quispiam
1531 2243 1726 2284 attemptare
1756 2251 1855 2274 secus
1874 2250 2030 2285 presum-

190 2307 294 2348 pserit
321 2307 524 2338 incursurus.
571 2303 692 2337 Harum
723 2308 908 2337 nostrarum
938 2306 1124 2337 testimonio
1152 2303 1342 2336 litterarum.
1398 2299 1515 2333 Datum
1546 2298 1713 2334 Chremsir
1740 2303 1772 2334 in
1800 2300 1914 2345 vigilia
1942 2299 2028 2333 beati

194 2364 302 2407 (ivm-ij
334 2376 420 2398 auno
450 2364 571 2397 domini
606 2363 711 2397 1342.

499 2443 584 2473 (Nacli
602 2440 661 2468 dem
680 2443 752 2476 Orig.
772 2444 815 2469 mit
833 2443 917 2468 einem
935 2450 1050 2476 grossen
1068 2441 1160 2476 Sigille
1176 2443 1208 2468 im
1227 2440 1340 2467 Archive
1357 2438 1498 2464 derselben
1518 2438 1602 2464 Stadt.
1622 2439 1833 2466 augescat-tehen
1849 2439 1880 2463 A.
1899 2436 2027 2467 Boczek.)
