2184 2828
989 117 1056 151 381

104 253 166 276 nec
195 242 288 275 alteri
317 240 413 274 alicui
440 237 526 271 bona
557 236 673 270 eadem
704 238 826 270 tenenti
856 246 956 280 super
983 234 1078 268 bonis
1106 235 1187 279 ipsis
1216 235 1248 266 in
1273 232 1397 276 judicio
1427 237 1523 266 terrae
1559 231 1611 264 vel
1642 232 1723 265 alias
1752 232 1948 278 ubicumque

103 303 144 336 de
167 304 244 347 Jure
270 300 326 335 vel
354 298 394 332 de
422 297 509 332 facto
538 297 637 331 ullam
666 307 806 330 movere
835 298 865 329 in
896 299 1089 341 perpetuum
1118 296 1335 339 questionem.
1381 292 1440 326 Cui
1469 292 1598 338 quidem
1630 303 1734 337 poenae
1764 304 1824 326 nos
1853 293 1948 326 ambo

103 363 144 396 de
181 365 272 395 certa
306 363 420 393 nostra
456 360 594 391 scientia
630 361 661 390 et
696 356 797 390 libera
827 355 1044 390 submittimus
1080 354 1262 388 voluntate.
1319 352 1355 386 ln
1391 355 1486 397 cujus
1515 355 1561 386 rei
1592 355 1812 386 testimonium
1842 354 1947 397 sigilla

103 427 214 456 nostra
249 418 469 467 praesentibus
507 422 582 452 sunt
616 428 776 464 appensa.
834 416 955 450 Actum
995 420 1026 449 et
1059 415 1169 448 datum
1206 413 1322 459 Pragae
1358 416 1388 447 in
1431 413 1484 446 die
1518 413 1622 447 beatae
1656 412 1827 447 Elizabetb
1864 425 1948 447 anuo

103 483 224 517 domini
252 479 492 516 MCCCXLIII.

411 558 496 591 (ΝΜ-Ι]
523 558 598 583 einer
618 556 754 582 Abscbrist
781 557 812 581 im
839 556 863 581 k.
879 555 968 581 bobm.
982 555 1100 581 Museum
1125 561 1172 580 aus
1197 553 1256 579 dem
1272 554 1345 585 (ΜΕ.
1371 553 1419 578 des
1445 553 1470 578 k.
1487 553 1512 578 k.
1531 553 1593 585 geli.
1610 553 1786 578 llosareliives
1802 561 1831 578 zu
1846 552 1951 584 wem.)

975 674 1081 710 526.

105 758 213 793 Pabst
236 757 390 792 Clemens
419 756 471 790 VI.
494 755 694 800 honustat-qt
721 755 783 788 den
807 754 980 787 (Hnn'llz-er
998 752 1124 787 Probat¹
1142 752 1210 785 und
1236 751 1290 785 die
1310 751 1491 785 Deelnmle
1520 762 1582 784 ron
1605 751 1697 795 Praq
1722 751 1788 784 mul
1809 750 1951 784 Pas-sau.

103 821 165 853 das
194 819 540 853 Pramonstmteuser
569 816 712 849 lsloster
739 826 791 848 (11η
823 814 985 848 Straleow
1011 825 1120 858 yeyen
1148 813 1268 846 dessen
1304 813 1432 846 Feimle
1467 824 1506 845 zu
1541 804 1721 845 schulz-eu}
1758 812 1824 844 ηηιΙ
1850 811 1951 844 dultin

103 892 144 913 z-tt
165 879 302 922 wirhen,
333 879 413 912 dass
432 878 486 911 die
506 876 695 910 ilemselbeu
716 877 930 909 eutrz'sseuen
954 875 1181 918 Bese'tz—meyen
1208 872 1475 917 zztrilehyeslellt'
1507 873 1650 906 werden.
1681 872 1739 906 Dt.
1769 873 1950 905 Arinioue.

533 937 578 971 X.
610 937 787 970 Kalendas
817 935 1016 969 Decembris
1047 935 1127 978 (22.
1157 933 1369 975 November)
1408 933 1518 967 1343.

259 1007 437 1059 Clemens
465 1024 653 1070 Episcopus
683 1023 812 1057 Servus
843 1022 1025 1056 Servorum
1053 1021 1116 1056 Dei
1144 1021 1282 1055 Dilectis
1303 1021 1393 1054 tiliis.
1413 1020 1603 1066 ‚Preposito
1625 1019 1841 1054 Olomucensi
1870 1024 1944 1054 et..

105 1088 265 1132 Prageusi
295 1098 333 1120 ac
358 1114 390 1120 ..
414 1086 605 1119 Patamensi
635 1085 780 1118 Decauis
809 1084 1027 1117 ecelesiarum
1057 1083 1203 1116 Salutem
1233 1086 1265 1116 et
1294 1081 1523 1127 Apostolicam
1553 1080 1838 1114 Benedictionem.

259 1147 411 1181 Militanti
447 1147 593 1180 ecclesie
627 1146 704 1179 licet
739 1147 889 1178 immeriti
924 1144 1120 1190 disponente
1148 1143 1291 1177 Domino
1320 1141 1548 1188 presidemus,
1578 1144 1667 1175 circa
1696 1153 1808 1175 curam
1838 1142 1954 1175 eccle-

105 1212 227 1242 siarum
263 1212 295 1242 et
329 1207 610 1241 Monasteriorum
648 1209 791 1239 omnium
827 1205 993 1239 solertiam
1030 1203 1196 1238 reddimur
1228 1202 1397 1237 indelessa
1439 1203 1576 1245 soliciti7
1613 1206 1646 1236 ut
1682 1205 1774 1236 iuxta
1810 1202 1953 1236 debitum

106 1269 282 1315 pastoralis
326 1267 427 1301 oflicii
475 1278 589 1301 eorum
629 1277 842 1300 occurramus
880 1264 1062 1310 dispendiis
1096 1269 1128 1298 et
1161 1263 1365 1310 profectibus
1403 1263 1513 1297 divina
1549 1268 1750 1309 cooperante
1779 1263 1953 1297 clementia

106 1329 282 1363 salubriter
311 1328 531 1362 intendamus.
563 1328 653 1361 Sane
682 1326 879 1360 dilectorum
908 1325 1066 1359 liliorum.
1085 1325 1243 1359 ,Abbatis
1262 1329 1294 1358 et
1314 1324 1510 1358 Conventus
1531 1323 1724 1358 Monasterii
1745 1323 1954 1370 Montissyon

108 1389 233 1424 ordinis
263 1389 582 1423 l'remonstratensis
612 1388 795 1432 Pragensis
825 1387 969 1420 diocesis
999 1388 1239 1431 conquestione
1267 1388 1497 1432 percepimus.
1534 1385 1619 1430 quod
1650 1385 1797 1418 nonnulli
1827 1384 1954 1418 Arelli-

106 1453 265 1496 episcopi‚
294 1449 464 1496 Episcopi‚
495 1450 616 1495 aliique
636 1449 853 1482 ecclesiarum
883 1447 997 1493 prelati
1026 1451 1059 1480 et
1087 1447 1199 1480 clerici
1228 1458 1267 1480 ac
1295 1446 1522 1479 ecclesiastice
1552 1456 1694 1491 persone
1715 1450 1777 1479 tam
1798 1445 1956 1489 religiose

106 1522 203 1557 quam
233 1513 330 1544 etiam
360 1510 531 1544 seculares
560 1521 622 1543 nec
655 1520 719 1542 uon
750 1508 862 1542 Duces
891 1507 1104 1541 Marebiones
1134 1506 1280 1540 Comites
1310 1506 1461 1540 Bai-ones
1495 1505 1630 1540 Nobiles
1658 1505 1778 1539 Milites
1807 1511 1837 1539 et
1867 1505 1955 1539 Laici

106 1573 298 1605 Communia
328 1572 503 1604 (Tivitatum
532 1569 776 1604 Uniuersitatcs
807 1568 1007 1614 Oppidorum
1029 1568 1220 1602 Castrorum
1239 1567 1399 1601 Villarum
1427 1571 1457 1600 et
1483 1567 1620 1600 aliorum
1647 1567 1794 1600 locorum
1824 1578 1863 1600 ac
1893 1567 1955 1600 alie

107 1632 294 1675 singulares
315 1642 460 1678 persone
482 1631 655 1665 Civitatuni
677 1635 709 1664 et
729 1630 910 1663 diocesium
931 1633 963 1662 et
982 1629 1118 1662 aliarum
1138 1631 1276 1674 partium
1298 1627 1505 1661 diversarum
1527 1631 1729 1673 occuparunt
1750 1631 1780 1660 et
1799 1630 1953 1672 occupari

107 1693 259 1727 fecerunt
279 1691 394 1726 Castra
415 1692 520 1726 Villas
549 1696 580 1725 et
609 1692 670 1725 alia
699 1691 785 1726 loca,
816 1695 923 1723 terras
952 1689 1066 1722 domos
1095 1691 1331 1734 possessiones
1361 1691 1430 1722 iura
1461 1693 1492 1721 ct
1522 1688 1778 1730 iurisdictiones,
1807 1698 1954 1721 necnon

108 1754 232 1788 fructus
262 1764 385 1787 census
414 1753 558 1787 redditus
588 1757 617 1786 et
647 1756 832 1798 proventus
853 1751 926 1784 dicti
948 1749 1141 1783 Monasterii
1161 1753 1193 1782 et
1212 1749 1366 1783 nonnulla
1389 1749 1450 1782 alia
1471 1748 1555 1782 bona
1577 1748 1706 1782 mobilia
1728 1753 1757 1782 et
1781 1747 1953 1781 immobilia

107 1814 286 1861 spiritualia
316 1819 349 1847 et
376 1813 567 1859 temporalia
597 1813 636 1846 ad
656 1812 820 1846 Abbatem
850 1816 882 1845 et
903 1810 1109 1844 conventum
1138 1809 1304 1856 predictos
1332 1813 1514 1856 spectantia
1536 1814 1566 1843 et
1586 1821 1624 1843 ea
1647 1809 1791 1843 detinent
1811 1807 1954 1841 indebite

109 1879 268 1921 occupata
298 1886 357 1908 seu
387 1885 426 1908 ea
453 1873 675 1908 detinentibus
696 1877 844 1918 prestant
870 1872 1026 1906 auxilium
1047 1871 1219 1904 consilium
1241 1875 1274 1904 et
1292 1870 1455 1904 savorem.
1487 1869 1640 1904 Nonnulli
1661 1873 1756 1903 etiam
1779 1870 1953 1902 Fixitatum

110 1935 290 1969 diocesium
312 1939 343 1969 et
362 1938 501 1981 partium
523 1934 756 1981 predictarum.
787 1936 839 1978 qui
861 1943 979 1966 nomen
1002 1932 1132 1965 Donum
1154 1934 1184 1964 in
1206 1941 1346 1965 vacuum
1367 1934 1518 1977 recipere
1539 1941 1603 1964 non
1627 1929 1810 1963 formidant.
1832 1928 1953 1962 eisdem

113 1995 230 2029 Abbati
255 2000 287 2029 et
316 1995 502 2029 Conventui
532 2006 633 2040 snper
662 1994 818 2040 predictis
839 1994 962 2026 (astris
994 1993 1079 2026 villis
1108 1996 1139 2025 et
1168 1991 1248 2025 locis
1279 1992 1350 2025 aliis
1376 1995 1470 2025 terris
1497 1990 1646 2024 domibus
1672 1988 1953 2035 possessionibus.

111 2054 234 2089 iuribus
251 2060 282 2089 et
296 2055 575 2090 iurisdictionibus
592 2055 749 2089 fructibus
766 2054 922 2087 censibus
942 2052 1122 2087 redditibus
1142 2056 1172 2085 et
1193 2051 1408 2097 proventibus
1429 2051 1628 2093 eorumdem,
1651 2055 1678 2083 et
1697 2049 1955 2095 ‹piibuscumque

113 2117 184 2149 aliis
212 2115 308 2149 bonis
337 2116 511 2150 mobilibus
541 2120 570 2149 et
602 2115 840 2149 iunnobililms.
871 2113 1091 2159 spiritualibus
1121 2117 1153 2145 et
1181 2113 1433 2158 temp01·alilms‚
1463 2117 1492 2145 et
1523 2114 1593 2145 aliis
1622 2111 1719 2144 rebus
1749 2110 1787 2142 ad
1819 2109 1953 2142 cosdem

112 2176 276 2210 Abbatcm
305 2181 335 2209 et
365 2176 572 2210 Conventum
603 2176 829 2222 spectantibus
860 2174 1052 2219 multiplices
1083 2175 1218 2206 iniurias
1248 2173 1393 2206 inferunt
1421 2177 1450 2206 et
1481 2176 1636 2205 iacturas.
1694 2171 1806 2209 Quare
1835 2169 1954 2215 prefati

115 2236 228 2271 Abbas
257 2240 289 2269 et
319 2235 511 2270 Conventus
541 2236 635 2270 uobis
667 2236 831 2269 humiliter
859 2235 1085 2280 supplicarunt
1114 2237 1147 2266 ut
1175 2244 1247 2266 cum
1276 2234 1401 2267 eisdem
1433 2233 1551 2267 Abbati
1581 2236 1610 2264 et
1642 2231 1827 2263 Conventui
1855 2230 1954 2263 valde

114 2296 269 2331 reddatur
297 2295 429 2329 difficile
458 2308 516 2341 pro
545 2297 683 2340 singulis
714 2296 859 2342 querelis
890 2294 927 2327 ad
958 2293 1174 2338 apostolicam
1196 2294 1308 2327 sedem
1331 2294 1453 2327 babere
1474 2302 1654 2331 reem-sum„
1686 2290 1863 2335 providere
1893 2290 1955 2325 sibi

114 2368 214 2403 super
251 2356 311 2389 boc
349 2361 485 2401 paterna
515 2357 684 2402 diligentia
715 2366 920 2390 curaremus.
976 2353 1045 2387 Nos
1081 2357 1178 2399 igitur
1207 2354 1368 2388 adversus
1398 2357 1613 2398 occupatores
1650 2350 1841 2384 detentores
1869 2363 1954 2397 pre—

115 2422 303 2463 sumptor-cs
341 2416 567 2450 molestatores
602 2422 633 2451 et
669 2420 878 2450 iniuriatores
917 2414 1098 2448 huiusmodi
1134 2415 1188 2448 illo
1217 2415 1371 2448 volentes
1405 2415 1527 2447 eisdem
1559 2411 1677 2445 Abbati
1708 2416 1739 2444 et
1767 2412 1953 2445 Conventui

116 2479 265 2512 remedio
295 2476 486 2516 subu-nire„
515 2488 573 2522 per
593 2478 675 2522 quod
698 2480 842 2523 ipsorum
864 2479 1095 2520 compescatur
1115 2478 1281 2509 temeritas
1310 2480 1340 2508 et
1371 2475 1441 2507 aliis
1470 2474 1574 2505 aditus
1595 2473 1818 2506 committendi
1838 2473 1954 2506 similia

116 2539 327 2585 precludatur
366 2537 565 2570 Discretioni
595 2542 707 2571 vestre
744 2549 803 2583 per
838 2535 1017 2581 apostolica
1054 2539 1175 2581 scripta
1211 2535 1404 2569 mandamus
1440 2536 1591 2577 quatinus
1630 2544 1690 2566 vos
1726 2533 1778 2566 vel
1809 2533 1872 2566 duo
1901 2538 1955 2566 aut

117 2611 199 2633 nnus
228 2604 373 2632 vestrum
406 2609 462 2643 per
493 2608 552 2630 vos
583 2597 634 2630 vel
663 2598 759 2631 alium
789 2609 846 2630 scu
877 2597 958 2629 alios
988 2598 1113 2629 etiamsi
1143 2599 1207 2630 sint
1236 2600 1330 2629 extra
1361 2595 1450 2635 loca„
1490 2596 1520 2626 in
1550 2593 1665 2639 quibus
1695 2593 1838 2639 deputati
1876 2597 1953 2627 estis
