2184 2828
1001 121 1070 156 231

115 242 271 273 mittimus
300 238 454 285 predictis
482 236 652 272 sororibus
680 242 750 272 rata
781 243 812 272 et
840 244 935 283 grata
964 244 1078 273 tenere
1107 242 1139 272 et
1167 237 1440 283 irrefragabiliter
1467 249 1683 274 conseruare.
1713 238 1837 273 Harum
1864 241 1963 273 testi-

114 303 223 334 monio
251 300 437 341 literarum7
467 297 584 344 quibus
612 299 754 343 sigillum
783 304 898 333 nostre
927 302 1068 334 ciuitatis
1096 310 1214 345 mayus
1242 303 1292 333 est
1321 310 1504 345 appensum
1526 300 1647 334 Actum
1677 304 1708 334 et
1738 299 1846 334 datum
1875 311 1962 334 311110

115 359 236 394 domini
263 358 439 393 Millesimo
468 361 704 393 trecentesimo
733 359 991 405 quadragesimo
1019 362 1124 406 primo
1152 358 1235 393 feria
1264 362 1367 394 tercia
1395 363 1546 405 proxima
1576 363 1649 407 post
1676 358 1794 394 festum
1824 360 1962 407 Philippi

115 425 147 454 et
174 418 289 454 Jacobi
318 418 556 466 apostolorum.

422 499 493 530 (Aus
518 498 846 525 demTestameutsbuclie
871 499 919 524 des
932 498 988 525 XV.
1013 499 1224 525 Jabrhundertes
1249 498 1438 533 aufPergam..
1463 500 1496 524 im
1512 500 1627 525 Art-bive
1653 497 1702 525 der
1725 499 1752 525 k.
1772 500 1847 525 Stadt
1866 499 1962 531 Znaym

524 550 736 583 abgcscbrieben
762 551 794 576 A.
820 551 950 582 Boi-zek.)

986 679 1092 716 319.

114 765 218 800 Jegel:
245 778 308 800 ron
337 766 536 800 Potens-lein
566 765 736 801 erlrla'ret.
775 766 855 800 (lass
883 778 921 800 er
948 767 1002 800 die
1029 767 1152 800 seiuem
1190 766 1293 800 Valet·
1320 766 1488 800 Nicotaus
1517 767 1733 810 consiscit-len
1756 767 1863 800 Giller
1893 778 1962 801 rom

115 827 248 872 Il'otziqe
275 826 423 870 «ΙοΙιαηη,
454 829 512 860 mit
539 826 739 860 Ausnalzme
770 838 831 860 ron
861 827 994 861 Kolz-en
1023 827 1090 861 mid
1115 827 1231 870 Latio,
1261 826 1548 861 2-211·aclce1·lealten
1585 826 1684 861 liobe.
1740 827 1800 861 Dt.
1837 828 1962 872 Praye.

707 887 769 922 ΙΓ.
799 887 879 921 Idus
907 888 996 921 Maii
1024 887 1104 931 (12.
1133 887 1227 930 Mai]
1260 887 1370 921 1341.

269 963 365 1027 Ego
399 982 500 1017 Jesco
535 982 620 1017 filius
655 982 819 1028 quondam
858 982 985 1017 Nicolai
1020 983 1060 1017 de
1096 982 1307 1026 Botenstein‚
1349 993 1559 1028 recognosco
1595 987 1711 1017 tenore
1751 986 1962 1029 presencium

115 1045 302 1086 vniuersis,
333 1043 427 1084 Quod
448 1055 520 1077 011111
542 1043 681 1077 dilectus
702 1043 854 1077 dominus
875 1048 905 1077 et
928 1043 1066 1077 Genitor
1085 1055 1177 1078 meus
1205 1046 1237 1078 in
1259 1043 1345 1077 dicto
1374 1048 1486 1077 castro
1507 1043 1700 1077 Botenstein
1729 1043 1794 1078 heu
1813 1044 1967 1079 occubu-

114 1107 195 1138 isset
227 1108 261 1138 et
293 1104 423 1149 singula
465 1104 551 1138 110113
581 1107 684 1150 ipsius
713 1107 830 1146 castri-s
865 1109 897 1138 et
934 1107 1039 1138 eciam
1074 1105 1134 1139 alia
1170 1104 1326 1138 videlicet
1362 1107 1395 1138 in
1424 1104 1657 1149 Waldenburg
1686 1104 1906 1150 Senftinberg
1935 1110 1966 1139 et

116 1164 231 1199 Gostel
264 1167 457 1211 spectancia
494 1165 533 1199 ad
568 1168 819 1199 serenissimum
862 1165 1027 1199 dominum
1062 1176 1186 1207 meum,
1224 1166 1381 1199 illustrem
1419 1164 1585 1199 dominum
1622 1165 1807 1199 Joliannem
1837 1166 1966 1211 Regem

116 1225 252 1259 Boemie
277 1230 309 1260 et
334 1224 496 1260 Comitem
516 1225 842 1270 Lucemburgensem
871 1229 942 1259 iure
962 1230 992 1259 et
1012 1226 1249 1260 consuetudine
1279 1230 1367 1259 terre
1396 1230 1510 1259 essent
1539 1225 1780 1260 rationabiliter
1799 1226 1965 1264 devoluta.

115 1286 192 1332 lpse
211 1286 362 1320 dominus
381 1297 475 1320 meus
495 1297 540 1320 ex
558 1286 653 1331 larga
673 1289 777 1332 ipsius
798 1286 1027 1320 munificencia
1049 1287 1133 1320 cedit
1153 1286 1250 1320 michi
1270 1285 1427 1320 fratribus
1456 1290 1487 1320 et
1516 1285 1694 1320 heredibus
1715 1290 1796 1320 meis
1817 1287 1965 1333 predicta

115 1346 203 1380 bona
237 1351 269 1380 et
303 1346 435 1381 tradidit
469 1347 510 1380 de
544 1350 657 1392 gracia
696 1347 849 1393 speciali,
886 1350 1038 1392 exceptis
1073 1347 1239 1381 dumtaxat
1267 1347 1364 1393 opido
1393 1346 1522 1380 Kotzen
1552 1358 1625 1380 011111
1655 1350 1723 1381 51115
1752 1350 1965 1393 pertinenciis

115 1406 232 1453 quibus
260 1407 423 1453 quondam
453 1407 493 1441 ad
523 1406 689 1442 Coronam
717 1407 826 1452 Regni
856 1410 1021 1453 pertinere
1050 1407 1299 1450 dinoscebatur,
1331 1412 1363 1441 et
1390 1407 1476 1441 villis
1505 1407 1730 1453 spectantibus
1760 1410 1792 1441 in
1821 1413 1966 1442 castrum

115 1467 221 1502 Lutitz
249 1479 287 1502 30
314 1471 387 1514 ipso
416 1473 526 1502 castro
560 1468 754 1502 Botenstein
789 1473 820 1502 et
849 1473 978 1510 monte,
1015 1473 1109 1513 prout
1144 1471 1249 1514 ipsum
1284 1480 1395 1502 umrus
1430 1471 1553 1502 cinxit.
1583 1479 1646 1513 que
1675 1468 1804 1514 quidem
1835 1469 1965 1513 singula

116 1531 187 1574 ipse
215 1528 366 1563 dominus
394 1540 488 1563 meus
517 1540 576 1575 pro
605 1540 642 1563 se
670 1533 703 1563 et
731 1531 798 1563 51115
828 1528 1004 1563 heredibus
1039 1531 1243 1573 resignavit„
1272 1529 1346 1573 Ego
1382 1532 1491 1574 itaque
1520 1540 1611 1565 meo.
1642 1528 1777 1563 fratrum
1807 1529 1965 1563 heredum

117 1593 149 1622 et
177 1600 414 1623 successorum
444 1601 590 1623 meorum
620 1592 754 1623 nomine
782 1589 984 1623 abrenuncio
1013 1591 1045 1622 in
1074 1589 1229 1635 predictis
1263 1589 1461 1635 quibuslibet
1488 1589 1755 1636 impeticionibus
1783 1593 1967 1636 repeticio-

116 1649 213 1684 nibus
242 1654 273 1684 et
302 1649 453 1684 omnibus
482 1650 626 1693 iuribus,
657 1660 721 1694 que
750 1650 848 1684 michi
878 1654 931 1684 aut
959 1653 1041 1696 ipsis
1077 1649 1231 1684 fratribus
1266 1651 1317 1684 uel
1356 1650 1608 1684 successoribus
1637 1652 1719 1684 meis
1748 1654 1779 1684 in
1808 1651 1964 1696 predictis

117 1710 215 1757 opido
235 1710 362 1745 Kotzen
391 1715 487 1756 prout
516 1710 680 1757 quondam
710 1710 750 1744 ad
779 1722 935 1745 coronam
964 1713 1059 1754 regni
1090 1710 1272 1756 pertinebat
1301 1716 1333 1745 et
1362 1711 1446 1744 villis
1475 1711 1514 1744 ad
1544 1715 1690 1744 castrum
1714 1710 1826 1744 Luticz
1856 1723 1964 1757 spec-

117 1770 260 1805 tantibus
289 1782 328 1805 30
356 1775 428 1817 ipso
458 1776 569 1805 castro
596 1776 630 1805 ut
658 1771 839 1817 predicitur
865 1770 1111 1816 competebantq
1142 1776 1331 1817 competunt
1361 1776 1414 1806 aut
1443 1776 1634 1817 competere
1663 1776 1799 1817 possent
1821 1783 1965 1818 quomo-

117 1831 238 1866 dolibet
264 1834 297 1866 in
325 1831 466 1866 futurum
496 1834 690 1878 promittens
711 1831 796 1866 bona
827 1836 857 1865 et
887 1835 1015 1866 sincera
1045 1831 1107 1865 fide
1128 1834 1189 1865 iam
1219 1831 1304 1865 dicta
1334 1832 1418 1865 bona
1448 1835 1509 1878 ipsi
1530 1832 1661 1865 domino
1682 1842 1757 1865 meo
1785 1834 1816 1865 in
1837 1832 1964 1866 tabulas

117 1896 206 1926 terre
233 1902 399 1939 reponere
428 1897 458 1927 et
487 1903 602 1927 omnes
632 1893 756 1926 litteras
785 1904 823 1926 ac
853 1892 1176 1934 demonstraciones,
1214 1903 1296 1937 quas
1326 1904 1426 1939 super
1455 1892 1579 1926 eisdem
1610 1892 1734 1935 liabeo,
1763 1892 1904 1926 reddere
1933 1897 1964 1926 et

117 1955 291 1998 resignare
319 1957 351 1987 et
378 1956 506 1999 siquas
534 1964 578 1987 ex
607 1953 734 1987 eisdem
762 1963 974 1987 reservarem
1003 1952 1139 1986 forsitan
1160 1953 1430 1997 03511011103550,
1461 1956 1552 1987 111110
1581 1957 1613 1986 et
1641 1953 1759 1986 nullius
1780 1964 1859 1986 esse
1887 1952 1964 1986 volo

118 2012 246 2048 roboris
280 2014 334 2053 vel
371 2017 526 2048 momenti
564 2016 613 2048 sic
648 2019 680 2048 et
714 2017 821 2048 eciam
856 2024 1017 2060 expresse
1052 2013 1202 2059 spondeo
1239 2013 1358 2048 dictum
1394 2018 1540 2048 castrum
1577 2013 1769 2047 Botenstein
1799 2024 1963 2058 nunquam

118 2076 251 2107 inantea
278 2067 477 2117 reformare,
508 2074 623 2108 barum
644 2074 760 2121 quibus
780 2086 888 2108 meum
917 2073 1057 2118 sigillum
1087 2084 1160 2107 cum
1181 2073 1439 2121 subscriptorum
1469 2077 1649 2108 amicorum
1671 2084 1818 2107 meorum
1847 2074 1964 2118 sigillis

119 2145 201 2180 quos
235 2133 276 2168 ad
304 2134 366 2168 hoc
394 2138 513 2180 rogavi
542 2146 601 2181 pro
630 2135 770 2169 testibus
807 2147 988 2182 appensum
1025 2139 1077 2168 est
1110 2137 1299 2168 testimonio
1334 2135 1532 2178 litterarum,
1562 2139 1593 2169 et
1622 2146 1682 2168 nos
1710 2134 1884 2168 Bertoldus
1913 2134 1964 2168 dei

119 2197 231 2239 gracia
261 2199 448 2241 prepositus
468 2196 780 2241 wissegradensis,
812 2197 949 2230 Swinco
970 2196 1010 2229 de
1029 2193 1124 2228 Duba
1153 2195 1259 2229 dictus
1280 2195 1431 2239 80011110τ
1461 2200 1492 2230 et
1519 2195 1700 2229 Benessius
1727 2194 1768 2228 de
1788 2194 1964 2229 Wartem-

118 2255 203 2300 berg
229 2266 290 2302 per
316 2255 496 2301 predictum
525 2257 708 2291 Jesconem
737 2257 777 2291 de
807 2257 998 2291 Botenstein
1027 2258 1134 2300 rogati
1162 2266 1222 2301 pro
1250 2255 1387 2290 testibus
1416 2261 1529 2290 nostra
1558 2255 1666 2300 sigilla
1695 2257 1727 2288 in
1756 2255 1963 2289 evidenciam

119 2318 378 2362 prescriptorum
406 2327 469 2350 una
499 2328 572 2351 cum
601 2320 705 2364 ipsius
733 2318 841 2363 sigillo
870 2317 1023 2351 duximus
1051 2315 1261 2361 presentibus
1290 2316 1520 2362 appendenda.
1563 2316 1682 2349 Datum
1710 2314 1818 2360 Prage
1847 2320 1963 2362 quarto

119 2376 205 2423 ydus
234 2375 324 2420 maij,
355 2387 441 2411 anno
469 2377 590 2412 domini
618 2377 794 2412 Millesimo
823 2379 1057 2412 trecentesimo
1085 2376 1338 2421 quadragesimo
1366 2380 1482 2423 primo.

427 2455 559 2489 (original
585 2458 616 2483 im
642 2457 668 2483 lt.
694 2457 719 2483 k.
745 2457 885 2491 ἔθη-1111011
911 2456 1025 2482 Arrbivc
1051 2464 1080 2481 zu
1105 2455 1210 2487 wien.)
