2184 2828
200 246 350 288 exceptis
379 245 550 288 pociantur
577 241 746 286 gaudeant
773 246 805 275 et
833 241 991 274 fruantur.
1024 240 1108 285 Ipsis
1136 239 1367 274 nichilominus
1395 240 1604 286 indulgentes
1634 252 1671 274 ac
1702 241 1830 286 plenam
1851 239 1989 273 liberam
2010 245 2041 274 et

200 303 419 337 omnimodam
455 306 648 348 potestatem
687 302 836 336 similiter
870 306 901 334 et
936 312 979 334 ex
1008 305 1099 333 certa
1134 304 1247 333 nostra
1282 303 1426 334 sciencia
1460 302 1699 342 concedentes7
1737 305 1770 333 vt
1807 302 1838 333 in
1874 300 2040 346 sepedicta

200 364 287 397 villa.
326 363 477 408 Cyppum
506 362 754 395 malefactorum
786 366 818 395 et
845 362 1108 404 delinquencium
1144 359 1256 394 facere
1285 365 1317 394 et
1346 360 1468 395 babere
1494 388 1500 395 .
1526 373 1588 395 nec
1617 372 1680 394 non
1710 360 1838 393 furcam
1866 371 1924 394 seu
1954 364 2042 405 pati-

200 425 310 457 bulum
338 424 418 457 inl'ra
449 424 565 456 limites
586 425 657 456 siue
686 426 789 455 metas
809 426 841 454 et
861 424 1018 454 terminos
1041 423 1142 465 ipsius
1172 420 1248 454 ville
1268 420 1458 454 Wassaticz
1486 424 1634 465 erigere:
1664 432 1702 454 ac
1724 423 1861 454 nociuos
1882 420 2042 466 profugos

199 496 228 517 in
265 484 344 517 soris
380 483 466 516 sacto
501 482 745 527 quomodolibet
779 481 1008 526 deprehensos
1044 480 1163 513 ibidem
1193 491 1250 526 pro
1287 492 1492 527 quocumque
1521 485 1656 515 crimine
1686 480 1737 513 uel
1766 480 1884 514 delicto
1913 484 2041 526 punire,

200 545 356 586 iudicare„
386 546 596 577 sentenciare
624 546 654 575 et
675 542 939 587 condempnare,
976 544 1064 574 iuxta
1100 540 1210 574 delicti
1238 545 1364 581 reatus,
1396 546 1427 575 et
1456 552 1655 575 excessuum
1685 541 1871 585 qualitatem
1900 540 2042 574 debeant

200 610 294 649 atque
323 606 459 649 possint.
515 602 650 636 Juribus
679 607 711 636 et
739 601 1031 635 consuetiulinibus
1060 612 1175 646 suppffi
1205 612 1262 634 seu
1290 601 1399 638 Zude.
1429 613 1467 635 ac
1488 602 1655 645 Pin-crauij
1693 605 1724 634 et
1753 600 2040 634 beneficiariorum

200 666 456 710 Snoyinensium
486 663 707 708 predictorum
738 673 803 696 non
832 661 1038 695 obstantibus
1077 661 1347 706 quibuscumque.
1403 661 1438 695 In
1467 665 1600 695 maioris
1629 672 1759 706 quoque
1786 664 1902 706 gracie
1929 666 2041 695 nostre

198 724 361 758 cumulum
391 728 571 757 memorato
602 723 735 768 Dytlino
765 723 916 755 duximus
946 721 1196 765 indulgendum,
1234 726 1268 755 vt
1304 724 1426 755 curiam
1457 733 1547 755 suani
1576 722 1695 755 ibidem
1730 724 1761 755 in
1790 721 1982 755 wassaticz
2009 725 2041 755 in

198 797 259 831 qna
298 785 338 818 de
374 795 466 817 muro
503 783 581 817 fecit
617 783 818 825 habitacula,
856 782 927 827 plus
965 781 1099 815 fossatis
1135 786 1167 814 et
1202 784 1300 815 muris
1336 793 1394 827 per
1427 785 1597 816 circuitum
1633 784 1836 815 communire
1865 781 1984 815 debeat
2011 786 2042 815 et

198 847 337 879 lii-mare.
371 844 536 885 Quocirca
566 843 714 877 fidelibus
744 845 865 876 nostris
894 842 1040 875 dilectis.
1065 869 1072 876 .
1109 842 1332 887 Capitaneo..
1369 842 1602 876 CamerariO..
1638 842 1823 876 Zudario..
1860 841 2041 876 Purcravio

198 908 383 951 ceterisque
404 905 624 938 beneficiariis
647 903 848 948 Snoymens.
880 902 1087 948 presentibus
1116 907 1147 935 et
1175 902 1292 935 futuris
1313 903 1503 937 mandamus
1524 907 1557 936 et
1576 906 1807 936 committimus
1827 902 1886 936 sub
1906 907 2041 948 optentu

196 968 310 1007 gracie
339 970 450 998 nostre
479 965 613 998 tirmiter
634 968 665 997 et
693 963 852 996 districte.
883 964 1055 1003 Quatenus
1083 967 1196 1011 contra
1226 967 1353 996 nostras
1383 963 1566 996 huiusmodi
1595 966 1753 1007 graciam,
1781 962 2040 1001 absolucionem,

197 1029 459 1071 exempcioncni.
482 1024 637 1058 indultum
663 1028 695 1057 et
724 1025 981 1057 concessionem
1003 1023 1180 1068 predictas7
1207 1022 1358 1068 quidquid
1385 1027 1514 1069 penitus
1542 1027 1737 1068 attemptare
1757 1026 1806 1057 eis
1826 1034 1907 1057 ausu
1928 1028 2040 1056 teme—

197 1089 284 1119 rario
313 1089 481 1119 contraire
510 1096 574 1118 non
604 1084 745 1118 debeant
772 1084 977 1128 aliquatenus
1006 1094 1068 1116 nec
1098 1087 1296 1128 presumant.
1326 1083 1593 1127 Indignacionem
1622 1088 1769 1116 nostram
1797 1087 2041 1127 grauissimam,

197 1151 222 1180 si
253 1149 452 1180 contrarium
482 1150 678 1190 attemptare
707 1147 969 1190 presumpserint
988 1146 1162 1176 incursuri.
1193 1143 1229 1177 In
1258 1147 1349 1177 cuius
1378 1147 1425 1177 rei
1454 1147 1673 1177 testimonium
1704 1148 1737 1177 et
1764 1143 1864 1177 robur
1883 1148 2041 1189 perpetuo

198 1207 369 1241 valiturum
400 1210 572 1252 presentes
602 1206 670 1239 lieri
700 1209 731 1237 et
759 1205 856 1248 sigilli
886 1207 987 1237 nostri
1016 1207 1221 1249 appensione
1256 1206 1382 1237 muniri.
1437 1204 1555 1237 Actum
1592 1209 1623 1237 et
1661 1204 1769 1237 datum
1803 1204 1939 1238 Brunne
1967 1203 2038 1237 vll.

197 1253 364 1300 Kalendas
386 1267 511 1312 Aprilis
532 1277 618 1299 anno
640 1265 761 1298 domini
778 1264 953 1298 Miliesimo
969 1264 1220 1297 Trecentesimo
1237 1263 1497 1308 Quadragesimo
1514 1265 1670 1297 secundo.
1692 1264 1882 1298 Indiccione
1898 1264 2039 1298 decima.

520 1313 529 1324 .

504 1353 589 1385 (Nacli
615 1353 672 1378 dem
699 1354 773 1385 (trig.
799 1353 831 1377 im
856 1352 983 1378 Pii-nitzer
1007 1352 1242 1381 Sclilossarchive,
1267 1351 1476 1385 abgcselirieben
1504 1353 1534 1377 Α.
1561 1352 1674 1377 Boczek,
1722 1352 1747 1377 P.
1773 1351 1801 1377 R.
1826 1360 1851 1378 v,
1877 1352 2038 1384 Chlumecky

608 1413 631 1430 a.
658 1413 680 1430 a.
706 1405 736 1429 O.
763 1404 790 1429 S.
817 1403 887 1429 221.
919 1403 978 1435 lb.)

1068 1548 1175 1584 399.

202 1646 390 1689 Marlqsraf
416 1645 507 1678 Kar-l
545 1656 608 1678 ron
644 1644 788 1678 Malu-en
822 1643 986 1688 bestf't'lr‘qt
1026 1645 1087 1677 der
1126 1643 1297 1678 Olnziltzer
1333 1643 1460 1677 Kz‘rclze
1493 1643 1562 1676 alle
1596 1655 1659 1677 ron
1693 1646 1810 1678 semen
1852 1644 2039 1688 Vorfahren

200 1707 381 1740 erllwae'lleu
419 1706 643 1750 Prii-ilefflem
675 1706 741 1738 mid
767 1705 971 1738 muneutlicle
1002 1705 1064 1738 (len
1093 1717 1165 1738 rom
1194 1705 1327 1749 Isouiqe
1358 1703 1489 1737 Otalmr
1518 1704 1674 1748 Premgysl
1701 1706 1742 1737 im
1770 1705 1804 1738 J.
1837 1704 1937 1738 1256
1963 1705 2039 1738 cido.

204 1768 362 1812 'l'roppau
386 1766 442 1800 16.
464 1767 538 1800 Jule‘
555 1765 800 1810 ausqestellten
823 1765 930 1808 Brief.
959 1765 1018 1799 Dt.
1043 1766 1212 1807 Olomuczq
1230 1766 1295 1809 fer.
1318 1764 1364 1798 II.
1386 1766 1418 1798 in
1435 1765 1526 1807 festo
1547 1764 1682 1798 Pas-elce
1709 1768 1726 1807 (
1733 1765 1765 1798 1.
1782 1765 1904 1810 April)
1929 1765 2039 1799 1342.

354 1851 400 1904 ln
436 1873 568 1904 nomine
600 1869 681 1903 Jesu
716 1868 838 1903 Christi
877 1869 998 1903 Amen.
1053 1868 1122 1903 Nos
1157 1869 1296 1903 Karolus
1331 1868 1451 1902 domini
1479 1867 1640 1902 Johannis
1668 1868 1805 1903 Boemie
1833 1869 1940 1914 Regis
1969 1873 2041 1916 pri-

200 1934 406 1975 mogenitus.
436 1930 583 1964 Mai-chio
612 1930 773 1972 Morauie7
812 1933 978 1964 vniuersis
1014 1929 1222 1975 presentibus
1256 1934 1288 1963 et
1322 1928 1439 1962 futuris
1481 1929 1520 1962 ad
1564 1933 1756 1963 memoriam
1795 1933 2040 1976 sempiternam.

204 1992 415 2025 Aet-edentes
445 1991 484 2024 ad
514 1996 657 2024 nostram
688 1993 894 2036 presenciam
926 1990 1125 2024 venerabilis
1154 1993 1186 2024 in
1207 1989 1335 2023 Christo
1363 1994 1456 2034 pater
1484 1989 1635 2023 dominus
1663 1990 1834 2024 Johannes
1854 1990 2041 2036 Episcopus

201 2054 433 2085 (domucensis
463 2051 627 2093 Ecclesie‚
658 2054 926 2096 consanquineus
956 2056 1070 2085 noster
1099 2050 1310 2093 karissimus,
1340 2054 1372 2083 et
1399 2060 1472 2082 cum
1502 2060 1542 2082 eo
1571 2050 1678 2084 dilecti
1709 2050 1818 2084 deuoti
1846 2054 1950 2085 nostri
1978 2050 2041 2084 Ni-

201 2115 315 2146 cotaus
345 2112 510 2153 decanus,
540 2111 792 2145 Bartholomeus
822 2115 1028 2157 prepositus,
1059 2111 1306 2145 Marcilionatus
1334 2112 1438 2143 nostri
1467 2109 1615 2143 Morauie
1651 2111 1896 2149 Caneellarius,
1926 2111 2042 2145 Witko

203 2173 468 2206 Arcbidiaconus
499 2176 530 2206 et
557 2172 721 2206 Henricus
751 2171 868 2206 Custos
905 2172 1054 2206 eiusdem
1083 2172 1313 2206 Olomucensis
1339 2170 1508 2208 Ecclesie,
1543 2182 1603 2204 suo
1638 2176 1669 2204 et
1697 2174 1804 2205 tocius
1833 2172 1964 2218 capituli
1993 2175 2042 2206 sui

202 2236 334 2266 nomine
354 2244 445 2267 suam
467 2231 562 2266 nobis
592 2235 788 2278 peticionem
818 2243 892 2265 eum
923 2232 1102 2266 humilitate
1127 2231 1234 2266 debita
1254 2230 1413 2265 exhibere
1434 2236 1601 2267 curui-unu
1631 2242 1704 2265 cum
1734 2235 1896 2266 instancia
1925 2236 2042 2278 postu-

203 2294 320 2327 lantes.
352 2293 524 2334 Quatenus
554 2296 667 2326 intuitu
697 2292 868 2326 beatorum
897 2297 1090 2338 martyrumq
1120 2297 1328 2338 patronorum
1349 2295 1534 2324 nostrorum
1561 2291 1756 2326 wenceslai
1785 2297 1817 2326 et
1846 2291 1975 2326 Cristini
2003 2291 2042 2325 ad

203 2353 361 2386 bonorem
391 2354 443 2387 dei
471 2356 703 2399 omnipotentis
734 2353 906 2398 priuilegia
928 2358 960 2386 et
979 2357 1112 2397 gracias
1141 2353 1225 2399 Ipsis
1253 2356 1284 2386 et
1318 2351 1472 2384 Ecclesie
1501 2351 1713 2385 Olomucensi
1740 2352 1886 2398 predicte
1914 2363 1931 2385 a
1960 2363 2042 2397 pre-

203 2413 437 2447 decessoribus
467 2416 588 2447 nostris
616 2413 690 2447 diue
726 2417 884 2447 memorie
921 2413 1055 2447 Boemie
1091 2412 1239 2458 Regibus
1273 2416 1306 2445 et
1338 2410 1583 2445 Marciiionibus
1619 2411 1769 2446 Morauie
1804 2422 1983 2446 concessas
2012 2417 2043 2445 et

203 2473 294 2505 datas
324 2473 536 2517 dignaremur
571 2485 616 2508 ex
650 2477 759 2507 innata
795 2474 889 2508 nohis
930 2474 1114 2508 clemencia
1148 2474 1329 2517 graciosius
1365 2474 1535 2505 innouare.
1592 2471 1737 2512 Quorum
1772 2472 1901 2517 quidem
1936 2475 2042 2517 priui-

203 2533 362 2568 legiorum
392 2538 485 2567 tenor
521 2534 561 2568 de
598 2534 702 2568 verbo
731 2534 770 2567 ad
800 2534 937 2568 verbum
967 2534 1148 2567 dinoscitur
1175 2543 1253 2566 esse
1287 2531 1370 2564 talis.
1425 2530 1460 2564 In
1495 2535 1626 2566 nomine
1661 2537 1776 2566 sancte
1811 2534 1981 2575 trinitatis,
2011 2537 2042 2565 et

203 2594 344 2626 indiuise
373 2596 516 2627 unitatis.
546 2594 619 2639 Ego
648 2594 827 2628 Przemizel
855 2599 918 2628 etc.
949 2605 1064 2640 usque.
1095 2593 1180 2627 Acta
1209 2596 1285 2626 sunt
1312 2591 1373 2624 hec
1401 2602 1488 2625 anno
1516 2595 1630 2636 gracie
1656 2591 1853 2626 M⁰cc0LV1
1873 2596 1904 2625 et
1932 2592 2043 2637 publi-
