2184 2828
988 280 1094 315 345.

119 370 298 412 Nilwlaus.
327 368 467 412 Hem-09
486 369 518 401 in
540 367 717 402 Schlesien
748 368 813 401 und
843 367 934 400 Herr
961 369 993 401 2¹12
1020 364 1276 409 Milnsterberffi
1305 365 1496 409 rerspriclet
1524 365 1594 399 dem
1624 363 1847 408 illarlzyrafen
1875 362 1967 396 Kar-l

118 442 182 465 con
200 429 345 464 Mt'e'hren
372 429 461 463 nacla
488 429 561 462 dem
587 428 677 462 Tode
702 430 814 462 seiues
841 428 963 462 Valers
983 427 1116 462 Jolmmz
1138 426 1201 460 den
1220 425 1493 470 Haldiyunqseid
1519 437 1560 459 zu
1589 426 1722 459 Iez'slen.
1752 423 1813 457 Dt.
1840 423 1965 467 Praye.

593 490 626 522 in
655 489 710 522 die
739 490 776 523 S.
809 489 1046 522 Bmtleolomei
1074 487 1154 530 (24.
1184 487 1342 531 Anyust]
1375 485 1485 519 1341.

276 565 365 619 ἸᾸοε
393 584 549 619 Nicolaus
579 583 631 618 dei
660 586 774 628 gracia
803 583 871 617 dux
901 584 1029 627 Slesie‚
1059 583 1208 616 dominus
1234 584 1267 615 in
1285 579 1553 615 Munsterberch.
1584 579 1806 613 Promittimus
1835 581 1966 612 sincera

118 651 230 681 nostra
260 646 323 680 fide
352 650 383 679 et
413 649 485 679 sine
513 648 601 679 omni
621 644 713 687 dolo,
743 644 863 678 Illustri
892 656 929 678 ac
950 644 1126 689 Magnifico
1147 643 1278 676 domino
1298 646 1413 675 nostro
1433 641 1573 682 Karulo„
1603 638 1968 680 llIa1·chionillIorauie‚

119 718 192 741 cum
227 706 379 741 omnibus
415 706 545 748 Terris,
583 704 799 747 Ciuitatibus,
835 704 976 747 Castris,
1013 703 1278 743 Municionibus,
1313 701 1457 736 Vasallis
1493 706 1525 735 et
1557 700 1732 734 Vniuersis
1770 699 1908 734 subditis
1938 703 1969 732 et

118 767 268 802 fidelibus
304 770 446 809 nostris‚
481 778 520 800 ac
554 765 843 812 possessionibus,
877 765 916 799 ad
953 776 1011 798 nos
1046 776 1105 811 per
1130 763 1271 798 Mortem
1306 762 1412 796 felicis
1447 762 1627 804 Me1norie‚
1657 761 1779 794 domini
1808 762 1969 805 genitoris

120 831 222 862 nostri
251 828 431 869 deuoluus,
460 831 491 860 et
521 830 551 860 in
580 830 750 872 posterum
780 826 1005 871 acquirendis‚
1034 836 1153 871 parere
1181 829 1213 858 et
1242 823 1430 865 intendere,
1461 834 1499 856 ac
1528 833 1589 869 per
1617 824 1728 855 onmia
1757 826 1791 855 vt
1820 826 1971 854 tenemur

120 889 259 923 fideliter
286 888 441 923 obedire.
471 887 608 933 Sibique
644 891 676 921 et
704 898 771 920 non
800 886 911 921 alleri.
949 886 1110 920 fidelitatis
1140 885 1314 929 Omagium
1343 888 1493 930 prestare
1528 887 1559 916 et
1588 882 1719 925 facere,
1750 884 1835 915 sicut
1863 880 1969 916 decet.

121 949 157 983 Si
190 952 223 983 in
261 948 485 983 Serenissimo
519 948 653 981 domino
683 952 807 981 nostro.
850 946 1001 981 Jolinnne
1038 946 1170 980 Boemie
1198 945 1312 990 Rege,
1350 956 1446 991 quem
1477 943 1557 977 deus
1587 942 1766 985 custodiat,
1797 944 1969 987 quicquam

120 1009 494 1044 humanitus-eueniret.
524 1008 645 1042 Datum
666 1008 784 1052 Prage.
814 1007 849 1042 In
881 1008 931 1041 die
952 1008 1066 1041 Sancti
1094 1006 1317 1041 Bartholomei
1347 1005 1496 1051 apostoli.
1526 1004 1627 1038 Anno
1656 1003 1778 1037 domini
1797 1001 1970 1036 Millesimo

121 1070 147 1104 T
151 1072 375 1105 recentesimo
405 1068 670 1114 Quadragesimo
699 1072 815 1115 primo.
1246 1062 1249 1063 ⁷

430 1157 517 1190 (Nacb
541 1158 616 1183 einer
640 1156 779 1182 Abschrit't
802 1157 834 1182 im
859 1156 884 1182 k.
911 1156 1000 1182 bolnu.
1024 1155 1142 1181 Museum
1166 1163 1213 1181 aus
1237 1154 1296 1180 dem
1321 1153 1396 1187 Orig.
1423 1153 1471 1179 des
1496 1152 1522 1178 k.
1549 1152 1573 1178 k.
1599 1152 1716 1185 gelieini.
1741 1150 1916 1177 Hofarchives
1941 1157 1971 1174 zu

532 1209 622 1235 U'ieii.
670 1208 848 1243 Abgedruckt
872 1208 914 1234 bei
939 1208 1144 1241 Sonimersberg
1167 1207 1318 1233 Silesiacar.
1343 1214 1430 1232 rerum
1455 1206 1608 1239 Scriptores
1637 1204 1656 1230 1.
1682 1204 1708 1230 S.
1728 1202 1789 1229 850
1815 1211 1840 1229 u.
1858 1201 1971 1228 Lxxlv.

533 1261 626 1294 Vergl.
652 1260 763 1287 Dobner
786 1260 947 1286 Monuincnt.
972 1260 1017 1286 IV.
1043 1260 1069 1285 S.
1097 1258 1155 1285 305
1181 1267 1206 1284 n.
1232 1258 1333 1290 CLVI.)

995 1388 1101 1425 346.

125 1479 313 1525 Μαι-ΙιζᾳνιιῙἱ
329 1478 421 1513 Karl
445 1477 587 1512 sehenlft
612 1478 685 1511 dem
712 1477 1006 1522 neetquriizetlelerz
1027 1474 1301 1509 Nonnenlsloster
1327 1475 1359 1507 in
1381 1473 1560 1507 Pustomei'·
1589 1473 1642 1506 die
1671 1472 1759 1505 miele-
1787 1471 1857 1505 dem
1884 1470 1975 1504 Tode

125 1542 184 1574 des
218 1540 336 1574 Bruuo
369 1550 431 1573 con
460 1539 646 1573 D1·‹1':-0n·e'c
680 1538 746 1572 ilem
780 1537 1015 1582 z-uyefallenen
1056 1536 1172 1570 Guter.
1230 1535 1288 1569 Dc.
1329 1535 1462 1579 Praqe‚
1500 1536 1531 1567 ιή
1568 1534 1621 1567 (lie
1657 1533 1695 1567 S.
1735 1532 1976 1566 Bartholomei

847 1598 927 1641 (241.
958 1598 1115 1641 Aemus-t)
1146 1595 1256 1630 1341.

281 1676 370 1730 Ros
398 1695 560 1738 Karolus⁷
590 1694 712 1729 domini
742 1721 750 1728 .
781 1722 787 1728 .
818 1696 910 1738 regis
931 1693 1067 1726 Bocinie
1094 1694 1353 1737 primogenitus,
1384 1690 1531 1724 marchio
1551 1689 1721 1731 Morauie‚
1751 1688 1805 1723 Ad
1834 1691 1976 1722 vniuer-

127 1767 238 1791 sorum
274 1759 428 1791 noticiam
464 1757 615 1790 volumus
650 1760 765 1789 tenore
800 1757 1008 1801 presencium
1045 1755 1231 1799 peruenire.
1288 1751 1401 1794 Quod„
1437 1762 1512 1785 cum
1547 1749 1749 1784 venerabilis
1782 1752 1815 1783 in
1845 1748 1976 1782 Christo

127 1822 239 1864 pater,
274 1817 425 1852 dominus
457 1816 650 1859 Johannes,
688 1819 870 1862 episcopus
909 1814 1157 1856 olomucensis,
1197 1816 1465 1857 consanquineus
1503 1816 1618 1845 noster
1657 1813 1866 1852 carissimus,
1904 1808 1976 1842 zelo

128 1878 322 1913 deuocionis
352 1878 485 1920 ductus,
514 1888 573 1923 pro
603 1877 885 1911 excellentissime
914 1874 1078 1920 quondam
1099 1873 1230 1907 domine
1257 1873 1447 1916 Elizabetli,
1476 1875 1594 1917 regine
1622 1872 1778 1914 Boemie,
1807 1872 1976 1915 genitricis

128 1943 258 1982 nostre,
294 1942 327 1973 et
359 1941 610 1985 progenitorum
651 1947 785 1972 suorum
821 1948 859 1970 ae
894 1940 1077 1970 nostrorum
1119 1933 1193 1968 diue
1225 1936 1402 1977 memorie,
1438 1944 1564 1979 sueque
1593 1937 1626 1966 et
1654 1936 1765 1966 nostre
1794 1933 1977 1964 animarum

129 1999 234 2033 salute
254 2011 293 2033 ac
311 1999 493 2033 remedium
513 2003 744 2045 peecatorum,
774 2002 872 2043 atque
901 2000 931 2030 in
960 1995 1152 2029 memoriale
1171 1994 1341 2040 perhenne
1361 1999 1393 2028 et
1412 1995 1613 2039 gloriosunn
1644 1995 1675 2026 in
1695 1991 1796 2025 fundo
1817 1991 1977 2024 bonorum

131 2070 265 2093 suorum
286 2060 540 2105 episcopalium,
570 2059 725 2092 videlicet
744 2061 835 2092 iuxta
856 2057 986 2103 opidum
1008 2056 1169 2098 Pustniire
1190 2058 1426 2089 monasterium
1446 2066 1504 2100 pro
1524 2051 1834 2087 Sanctimonialibus
1855 2050 1978 2084 ordinis

131 2123 237 2153 sancti
265 2119 434 2154 Benedicti
462 2123 495 2154 in
524 2119 650 2153 honore
678 2118 871 2152 venerande
900 2117 1044 2151 infancie
1065 2115 1184 2149 Christi
1212 2120 1245 2149 et
1272 2115 1372 2149 beate
1399 2126 1533 2161 semper
1559 2116 1701 2159 virginis
1722 2112 1845 2147 Mariei
1875 2113 1979 2155 geni-

131 2183 220 2214 tricis
261 2182 350 2223 eius,
387 2180 584 2215 fundauerit.
640 2179 728 2223 Nos,
762 2190 830 2214 vna
867 2189 978 2212 secum
1013 2181 1045 2210 et
1078 2180 1151 2222 ipse
1185 2176 1355 2209 nobiscum
1392 2176 1539 2210 eiusdem
1573 2175 1763 2208 monasterii
1799 2183 1912 2206 sumus
1946 2176 1980 2205 et

131 2245 292 2288 perpetuo
321 2251 396 2274 esse
424 2246 520 2287 atque
548 2243 679 2275 censeri
707 2240 860 2274 volumus
890 2238 1090 2272 fundatores.
1130 2236 1171 2270 Vt
1201 2241 1309 2270 autem
1337 2241 1448 2270 nostre
1477 2236 1669 2270 deuocionis
1699 2233 1852 2276 affectus,
1882 2243 1978 2278 quem

131 2305 220 2336 circa
250 2303 354 2346 ipsum
384 2304 617 2335 monasterium
645 2304 810 2346 gerimus,
841 2300 963 2333 clareat
991 2309 1050 2344 per
1079 2297 1249 2339 effectum,
1279 2307 1318 2330 ac
1345 2308 1510 2343 persone,
1541 2307 1603 2342 que
1633 2298 1663 2328 in
1693 2305 1733 2327 eo
1754 2293 1886 2327 domino
1916 2293 1978 2327 celi

132 2366 292 2408 perpetuo
323 2361 520 2405 militabunt,
549 2373 608 2408 pro
637 2361 731 2395 nobis
765 2365 797 2394 et
831 2361 959 2394 domina
988 2358 1152 2404 quondam
1181 2360 1342 2401 genitrice
1377 2369 1416 2391 ac
1443 2354 1713 2403 progenitoribus
1743 2357 1865 2388 nostris
1896 2365 1978 2400 pre—

133 2423 226 2456 dictis
255 2426 343 2455 tanto
372 2432 504 2455 suarum
533 2421 667 2456 fundant
686 2422 823 2455 vberius
853 2422 1043 2454 Ot'aeionum
1064 2418 1234 2459 libamina,
1264 2422 1386 2463 quanto
1415 2417 1645 2451 nuiuilicencie
1674 2419 1785 2449 nostre
1806 2414 1977 2448 dexteram

134 2482 383 2517 habundancius
412 2481 472 2515 sibi
498 2486 663 2516 senserint
688 2482 840 2516 all'uisse:
869 2480 1081 2514 hereditatem
1111 2483 1143 2512 et
1170 2478 1275 2520 bona⁷
1305 2490 1364 2524 per
1390 2483 1527 2511 mortem
1549 2475 1712 2522 quondam
1741 2475 1846 2509 fidelis
1876 2478 1979 2509 nostri

138 2543 301 2577 Brunonis
330 2542 371 2576 de
391 2542 598 2582 DrazewitZ,
627 2546 700 2577 sine
720 2542 842 2576 herede
863 2541 985 2587 pridem
1007 2539 1166 2581 defuncti,
1188 2538 1227 2573 ad
1249 2549 1308 2572 nos
1328 2538 1483 2583 legittime
1504 2536 1669 2579 deuoluta,
1690 2536 1847 2570 videlicet
1866 2538 1979 2569 ninni—

135 2607 263 2638 cionem
292 2603 485 2637 Drazewitz
518 2613 592 2636 cum
625 2603 700 2637 villa
739 2602 955 2648 Nyncowitm
994 2599 1180 2642 Schonh0f‚
1216 2598 1460 2641 Prziestaliullz‚
1490 2597 1643 2632 Zwicow
1672 2601 1705 2631 et
1732 2596 1980 2631 Luhacziewitz
