2184 2828
1011 103 1086 138 863

118 224 185 258 vnd
214 222 370 258 Matthias
406 233 474 257 von
503 221 628 257 Korniz
664 222 825 269 Pelgzym
855 221 1037 269 Grymslay
1065 220 1182 255 Vieler
1208 220 1361 256 Vnserer
1390 223 1650 259 einheimischer
1677 231 1862 271 getrewer⁷
1891 227 1979 262 Vndt

120 284 261 319 anderer
288 282 575 329 glaubwiirdiger.
606 283 728 317 Datum
758 295 797 317 zu
827 283 984 317 Teschen
1013 282 1077 316 den
1107 281 1166 316 10.
1196 282 1323 328 Aprilis
1351 285 1393 317 im
1421 283 1503 318 Jahr
1533 285 1644 320 1331.

429 362 501 395 (Aus
533 371 618 388 einem
650 362 902 397 Privilcgienbuche
934 363 983 389 der
1012 361 1194 388 kaiserlichen
1224 360 1349 388 Kammer
1379 370 1442 389 vom
1473 364 1498 390 J.
1536 363 1614 390 1663
1646 364 1684 391 Bl.
1719 365 1788 395 131.
1820 368 1979 401 mitgetheilt

532 423 582 440 von
607 415 652 441 Dr.
678 414 884 449 Wattenbach.)

996 569 1102 604 277.

115 647 256 693 Herzog]
276 647 399 682 Nili-las
429 659 490 682 con
517 647 654 692 Tropaea
682 647 848 692 bestatzyt
876 648 938 681 (len
969 658 1032 681 con
1061 648 1124 681 den
1150 646 1310 681 Brucla-n
1334 658 1399 682 cora
1422 647 1533 682 Limia
1554 661 1597 683 (m
1619 651 1681 684 das
1705 651 1978 686 Domine't'taner-

115 709 394 743 „Nonnenkloster
421 720 463 742 zu
492 708 643 742 Ratibor
668 708 906 753 qescleeleenen
942 707 1099 752 Vei-kaus
1120 707 1328 741 bestimmter
1362 707 1552 753 Ezffnhutzfte
1587 712 1652 744 und
1682 712 1791 746 Giller
1818 714 1850 746 ἱη
1879 713 1977 747 Bes—

450 770 556 803 dcam.
587 769 671 803 Dto.
700 771 734 803 in
766 769 876 803 Grecz
903 768 1023 803 XVII.
1052 768 1135 802 Kal.
1163 768 1251 802 Julz‘z'
1280 768 1361 812 (15.
1390 769 1494 812 Juni)
1526 770 1637 805 1331.

271 828 360 882 Nos
388 847 548 882 Nicolaus
578 847 641 882 Dei
668 850 775 894 gratia
810 847 890 882 Dux
920 847 1146 894 Oppauiensis
1180 847 1474 893 Recognoscimus
1507 853 1540 883 et
1575 850 1616 884 ad
1646 854 1879 887 vniuersorum
1911 858 1975 888 tam

115 911 326 954 presencium
363 919 460 954 quam
499 908 684 943 futurorum
721 911 877 943 noticiam
916 912 1033 943 tenore
1074 911 1286 954 presencium
1330 909 1484 944 volumus
1522 914 1701 957 peruenire
1737 912 1832 953 Quod
1870 925 1975 959 quos-

115 979 258 1014 cumque
298 968 423 1003 reditus
465 972 538 1004 siue
582 969 669 1004 bona
712 980 922 1015 quecumque
963 969 1078 1004 fideles
1116 972 1219 1004 nostri
1261 968 1341 1004 Otto
1378 969 1570 1006 Fridericus
1604 971 1738 1017 Thure‚
1777 978 1809 1007 et
1849 974 1975 1009 Jescho

114 1028 234 1063 fratres
264 1029 305 1063 de
339 1029 490 1074 Linauia‚
527 1030 713 1065 Conuentui
750 1030 1060 1065 Sanctimonialium
1097 1030 1228 1074 cenobij
1258 1030 1539 1077 Rathihurgensis
1574 1031 1709 1068 Ordinis
1747 1034 1860 1068 Sancti
1896 1035 1975 1069 Do-

112 1092 223 1124 minici
249 1090 450 1125 hereditarie
481 1090 716 1134 vendiderunt,
742 1091 880 1125 Scilicet
901 1090 1032 1125 Nonam
1057 1091 1199 1126 mediam
1221 1093 1446 1137 niarca(ru)m
1468 1092 1629 1127 redituum
1645 1097 1677 1127 in
1699 1095 1777 1129 villa
1793 1095 1973 1140 Besdcmv,

112 1154 145 1184 in
173 1155 286 1185 nostra
315 1149 519 1198 Oppauiensi
549 1156 638 1185 terra
667 1154 743 1196 sita,
773 1156 805 1185 et
833 1156 903 1186 tres
933 1163 1064 1187 marcas
1099 1152 1263 1187 redituum
1297 1155 1331 1187 in
1367 1153 1485 1187 eadem
1519 1154 1609 1197 villa,
1639 1166 1722 1200 quas
1752 1155 1791 1189 ad
1822 1167 1972 1191 sororem

112 1222 226 1245 eorum
265 1211 450 1257 Religionis
488 1211 634 1247 habitum
677 1215 710 1246 in
749 1212 837 1247 dicto
875 1211 1025 1247 Cenohio
1062 1224 1127 1258 que
1164 1216 1364 1260 assumpsit,
1403 1214 1510 1248 eidem
1548 1214 1735 1250 Conuentui
1773 1216 1975 1252 hereditarie

111 1272 262 1307 similiter
296 1272 516 1307 donauerunt.
553 1273 607 1307 Ad
642 1284 682 1307 ea
720 1278 868 1308 nostrum
907 1273 1102 1308 adhibemus
1139 1274 1367 1309 fauorabiliter
1402 1274 1646 1321 beneplacitum
1686 1281 1718 1310 et
1755 1288 1972 1322 consensum,

112 1332 218 1367 dictos
252 1333 377 1368 reditus
410 1336 482 1368 siue
518 1345 668 1369 censum.
708 1333 873 1369 Vndecim
907 1335 1064 1369 videlicet
1098 1346 1285 1370 marcarum
1322 1347 1397 1369 cum
1432 1336 1563 1371 dimidia
1599 1349 1711 1372 marca
1749 1341 1780 1372 iu
1818 1340 1972 1374 vndeciin

110 1393 208 1438 lanijs
237 1405 310 1428 cum
340 1394 473 1428 dimidio
502 1394 590 1429 lanio
619 1394 763 1429 habitum
794 1396 1044 1442 et·dcputatum
1075 1399 1106 1430 in
1134 1397 1283 1443 predicta
1311 1397 1390 1431 villa
1419 1396 1598 1441 Besdcaw⁷
1630 1410 1704 1432 cum
1734 1403 1802 1434 suis
1831 1400 1972 1445 singulis

110 1453 303 1489 Vtilitatibus
332 1466 372 1488 ac
399 1457 618 1501 pertinencijs
647 1459 829 1499 vniuersis,
864 1456 934 1503 Ipsi
963 1457 1151 1491 Conuentui
1179 1456 1317 1502 Cenobij
1353 1458 1493 1503 predicti
1522 1459 1723 1493 hereditarie
1751 1460 1970 1504 conferendo,

110 1519 143 1549 et
172 1518 391 1550 attestaeione
419 1519 632 1562 presencium
662 1517 911 1561 confirmamus,
942 1517 1192 1564 possidendum,
1222 1518 1460 1563 vtifruendum,
1496 1519 1674 1553 tenendum
1710 1525 1743 1553 et
1770 1520 1970 1565 habendum,

110 1575 229 1610 eodem
258 1578 329 1610 iure
361 1587 426 1622 quo
461 1577 641 1623 supradicti
677 1577 799 1612 fratres
834 1583 1016 1613 memorata
1053 1578 1139 1613 hona
1175 1589 1192 1612 a
1228 1578 1324 1613 nobis
1354 1578 1508 1614 habendo
1537 1580 1771 1626 possederunt.
1809 1581 1846 1615 In
1876 1586 1970 1617 cuius

107 1639 158 1670 rei
187 1639 411 1672 testimonium
439 1643 618 1684 presentes
646 1638 746 1673 scribi
775 1644 809 1673 et
836 1641 943 1673 nostri
973 1641 1108 1674 maioris
1138 1639 1244 1685 Sigilli
1273 1642 1454 1674 munimine
1482 1644 1640 1676 iussimus
1663 1642 1824 1676 roborari.
1846 1644 1969 1677 Actum

108 1699 140 1732 in
171 1696 281 1732 Grecz
310 1698 371 1733 sub
400 1709 488 1733 anno
518 1698 648 1733 Domini
682 1699 792 1734 1331.
826 1699 885 1734 17.
915 1699 1084 1735 Kalendas
1112 1699 1202 1744 Jultj,
1233 1711 1292 1746 per
1320 1712 1437 1735 manus
1465 1701 1552 1736 Petri
1576 1702 1616 1735 dc
1637 1701 1849 1737 Mertindorff
1870 1704 1969 1738 Curie

107 1763 222 1793 nostre
249 1757 388 1804 Notat-ij.

417 1840 491 1874 (Ans
515 1848 589 1866 einer
612 1839 951 1874 Privilcgienbcstiitigung
976 1838 1143 1866 Ferdinands
1167 1839 1199 1866 ll.
1224 1849 1285 1867 vom
1310 1840 1335 1867 J.
1363 1841 1444 1868 1622
1469 1850 1511 1868 we
1531 1842 1643 1868 Strzedu
1669 1850 1704 1876 po
1728 1843 1844 1869 Su'atem
1868 1843 1968 1875 Pawlu,

522 1894 554 1917 im
587 1892 704 1918 Archive
735 1891 784 1918 des
814 1891 983 1925 ehemaligen
1012 1891 1474 1920 Dominikaner-Nonneuklosters
1506 1903 1536 1920 zu
1567 1895 1690 1921 natibus.
1724 1895 1882 1927 mitgetheilt
1915 1903 1966 1921 von

523 1943 566 1969 Dr.
593 1941 801 1979 wattenbach.)

981 2089 1088 2124 278.

250 2154 391 2222 Konig
423 2176 555 2211 Johann
589 2187 656 2211 von
692 2176 841 2211 Bolimen
880 2176 1074 2219 verordnet‚
1111 2177 1189 2212 dass
1225 2177 1277 2212 die
1310 2177 1541 2213 Tuclimacher
1574 2190 1612 2212 zu
1644 2178 1770 2213 Gorlitz
1804 2180 1965 2225 nirgends

107 2234 228 2269 andcrs
257 2235 305 2269 als
335 2236 392 2270 auf
417 2238 490 2271 dem
524 2237 723 2272 Kaushause
751 2236 899 2272 dasclbst
929 2236 978 2271 ihr
1008 2238 1153 2283 gewand
1183 2238 1428 2274 versclineiden
1458 2241 1574 2275 sollcn.
1607 2239 1682 2273 Dto.
1714 2243 1745 2274 in
1776 2239 1963 2285 Chufsteim

105 2298 137 2329 in
168 2295 221 2329 die
249 2295 279 2329 b.
310 2295 543 2341 Margarethae
571 2302 658 2344 virg¹
690 2298 768 2345 (13.
799 2298 883 2342 Juli)
919 2297 1030 2333 1331.

416 2376 532 2405 (Kohler
563 2378 631 2404 Cod.
664 2378 726 2412 dipl
759 2377 846 2403 Lusat.
878 2385 968 2411 super.
1001 2386 1025 2412 p.
1060 2378 1130 2404 221.
1163 2386 1186 2404 n.
1219 2378 1306 2406 cLiv.
1338 2388 1385 2406 ans
1416 2381 1474 2422 ilem
1508 2382 1540 2406 iin
1572 2375 1764 2407 Rathsarc'hive
1794 2389 1824 2407 zu
1862 2382 1963 2408 Gorlitz

521 2431 699 2457 bessndlichen
732 2430 822 2463 Orig.)

1779 2658 1855 2684 109*
