2184 2828
1068 139 1138 173 184

183 257 269 303 quod
299 260 326 292 si
354 268 430 303 pars
459 257 564 302 aliqua
593 255 709 290 decem
738 267 922 290 marcarum
951 255 1134 290 reddituum
1167 258 1199 289 in
1228 255 1344 290 eadem
1373 256 1449 290 villa
1477 256 1661 290 Hanowicz
1695 255 1872 301 deperiret,
1901 254 1963 288 hec
1991 257 2021 289 ei

183 319 321 364 explere
348 319 418 359 wlt,
448 322 479 352 et
507 321 537 351 in
568 316 662 351 bonis
691 317 762 361 alijs
791 317 1028 360 demonstrare,
1058 317 1179 350 Actum
1213 315 1373 360 Olomucij
1407 316 1615 362 presentibus
1650 315 1898 350 honorabilibus
1926 318 2020 359 viris,

182 379 314 413 domino
342 378 574 412 Bartliolomeo
594 377 827 411 archidiacono
848 377 1058 411 Prerouiensi
1086 381 1118 410 et
1143 379 1300 420 magistro
1320 376 1477 411 Heinrieo
1497 377 1629 411 officiali
1654 380 1768 410 nostro
1795 375 2020 419 Olomucensi,

181 450 312 473 necnon
341 439 489 472 fidelibus
517 441 637 472 nostris
667 438 807 473 dilectis.
838 437 969 471 domino
1004 437 1168 471 Micliaele
1203 437 1244 471 de
1278 437 1412 480 Borow,
1441 437 1616 472 Francone
1650 437 1692 470 de
1720 436 1854 470 Korima
1881 436 2021 470 Alberto

182 505 212 533 et
241 500 400 533 Henslino
430 498 470 532 de
488 498 647 533 Modricz.
669 498 808 532 Alberto
838 497 878 531 de
897 497 1055 531 lvistricz
1084 502 1115 531 et
1134 497 1272 532 Nicolao
1301 497 1341 531 de
1361 497 1524 543 Lapanicz
1551 497 1687 532 testibus
1716 501 1748 530 et
1775 497 1848 540 alijs
1876 496 2021 542 pluribus

181 560 366 605 fidedignis,
388 559 506 593 Datum
528 558 688 603 Olomucij
718 561 750 592 in
780 558 832 591 die
860 557 947 592 beati
966 558 1126 592 Jeronimi
1147 569 1234 592 anno
1255 558 1376 592 domini
1395 559 1566 593 millesimo
1587 557 1697 592 CCCO.
1727 560 1891 591 tricesimo
1918 567 2019 590 nono.

491 637 557 670 (Das
583 638 657 671 Orig.
684 638 729 663 auf
749 638 869 671 Pergam.
895 638 938 663 mit
962 638 1046 663 einem
1071 637 1177 663 kleinen
1198 637 1424 663 wohlerlialtenen
1443 638 1534 672 Sigille
1558 639 1590 663 im
1608 637 1689 663 miihr.
1708 636 1793 662 stand.
1811 635 2021 662 Landesarchive

593 693 669 715 uuter
693 690 743 715 deu
768 689 901 715 Miscellen
925 689 969 715 Nr.
995 689 1037 721 6.)
1293 680 1295 683 ⁴

1051 809 1158 844 254.

181 888 290 932 Palis-t
310 887 476 921 Benedicl
498 886 579 920 XII.
611 886 807 931 beauflrayt
827 887 880 921 die
901 887 1015 921 Aehle
1036 899 1097 921 ι-οη
1120 886 1287 932 Opatore'c
1314 888 1381 921 mul
1398 887 1618 933 Isone‘yssaak
1648 887 1734 920 dmm
1764 886 1826 919 den
1846 884 2021 919 Johanrees

181 949 378 991 Paclumms,
416 948 607 981 Domleerrn
644 959 704 980 ron
743 948 884 990 (storniz,
920 948 973 981 die
1008 949 1078 981 (lem
1113 948 1229 991 Peter,
1264 947 1334 981 Abt
1367 960 1430 982 ron
1465 948 1638 990 Straleow,
1675 959 1735 980 :w-
1772 946 1855 979 Lusi
1887 945 2021 991 yeleyle

180 1009 353 1043 scleleclite
375 1008 579 1053 Gebala-loq]
608 1010 665 1041 mit
693 1009 765 1041 (lem
794 1008 976 1053 l'ermo'yen
1005 1009 1063 1042 des
1084 1009 1242 1042 li'loslers
1261 1012 1397 1053 strenqe
1424 1021 1465 1042 zu
1494 1008 1728 1042 metersuvleen.
1758 1006 2020 1048 Dt.Aci1n·oue‚

713 1069 878 1103 Kalendis
909 1069 1066 1104 Octobris
1098 1068 1152 1112 (l.
1185 1068 1352 1112 October)
1385 1069 1494 1104 1339.

334 1146 555 1198 Benedictus
584 1167 759 1210 episcopus
789 1175 908 1198 servus
937 1175 1112 1199 servorum
1141 1164 1192 1198 dei
1225 1163 1353 1198 dilectis
1390 1164 1462 1198 siliis
1493 1191 1499 1198 .
1531 1191 1537 1200 .
1569 1163 1609 1197 de
1640 1162 1827 1209 Opatowitz
1862 1166 1895 1196 et
1935 1160 2021 1195 Aule

179 1228 271 1269 regie
299 1228 574 1259 monasteriorum
604 1224 776 1259 abbatibus
806 1224 984 1270 Pragensis
1014 1225 1097 1259 dioc.
1129 1236 1167 1259 ac
1196 1227 1356 1270 magistro
1381 1224 1523 1259 Johanni
1558 1225 1643 1258 dieto
1671 1223 1826 1257 Paduano
1859 1224 2021 1257 canonico

180 1286 390 1319 Olomucensi
419 1286 556 1320 salutem
587 1290 617 1319 et
645 1286 861 1332 apostolicam
890 1285 1166 1320 benedictionem.

335 1346 414 1379 Cum
445 1357 487 1379 ex
517 1347 699 1392 apostolice
728 1349 897 1380 servitutis
928 1346 1036 1380 oflieio
1065 1346 1236 1380 solicitudo
1264 1338 1406 1380 omnium
1439 1346 1656 1380 ecclesiarum
1686 1349 1717 1379 et
1745 1345 2020 1378 monasteriorum

180 1406 274 1440 uobis
303 1409 471 1441 immineat
499 1406 676 1451 generalis,
707 1411 837 1452 oportet
865 1418 926 1441 nos
956 1410 1099 1441 maxime
1127 1411 1215 1441 eirca
1245 1407 1297 1441 ilia
1326 1418 1389 1453 que
1417 1411 1550 1453 propter
1577 1417 1709 1440 suorum
1739 1405 1891 1439 malitiam
1922 1406 2022 1437 mini-

181 1472 321 1501 strorum
352 1467 521 1512 dispendia
551 1469 582 1500 in
612 1469 679 1501 suis
709 1467 917 1501 facultatibus
946 1471 1112 1513 patiuntur
1140 1468 1224 1501 illius
1259 1470 1457 1514 provisionis
1486 1467 1667 1501 remedium
1697 1465 1864 1508 adhibete
1894 1469 1928 1499 ut
1955 1474 2021 1498 non

180 1527 331 1561 labantur
359 1529 390 1560 in
421 1530 525 1573 penis,
556 1527 612 1561 sed
643 1527 886 1561 reformationis
915 1528 1095 1561 remedium
1126 1540 1184 1574 per
1210 1529 1418 1574 providentie
1437 1533 1547 1562 nostre
1568 1527 1743 1573 presidium
1764 1529 2020 1571 consequantur.

181 1587 307 1621 Dudum
338 1588 497 1633 siquidem
527 1599 585 1634 pro
614 1592 706 1633 parte
744 1588 851 1621 dilecti
887 1588 940 1621 filu
978 1588 1064 1622 Petri
1093 1588 1132 1622 de
1162 1589 1357 1623 Baurowiez
1394 1591 1545 1622 canonici
1582 1590 1771 1621 monasterii
1808 1586 2021 1621 Gradicensis

180 1649 493 1682 Premonstratensis
536 1648 662 1682 ordinis
704 1648 834 1694 plebani
873 1648 976 1695 plebis
1018 1649 1059 1683 de
1101 1649 1186 1683 Alba
1228 1650 1370 1684 eeclesia
1412 1649 1506 1683 solite
1549 1660 1609 1694 per
1643 1648 1789 1682 eiusdem
1830 1649 2021 1682 monasterii

179 1712 359 1743 canonicos
402 1709 581 1753 gubernari
621 1709 851 1743 (⁷)loinucensis
891 1710 1046 1753 diocesis,
1090 1713 1259 1756 proposito
1294 1713 1324 1744 in
1366 1712 1562 1743 consistorio
1599 1708 1728 1754 publico
1764 1719 1876 1742 coram
1914 1707 2020 1750 nobis,

180 1769 265 1816 quod
307 1770 382 1803 olim
426 1774 570 1803 vacante
616 1773 819 1804 monasterio
860 1770 1087 1817 Montissyon„
1125 1771 1271 1805 eiusdem
1307 1770 1429 1804 ordinis
1466 1769 1643 1814 pragensis
1679 1769 1822 1802 diocesis
1857 1780 1916 1815 per
1949 1771 2022 1815 pri-

180 1833 349 1864 vationem
392 1830 590 1864 Theudorici
628 1831 793 1876 quondam
833 1831 959 1865 abbatis
995 1832 1142 1865 eiusdem
1178 1832 1365 1875 monasterij
1401 1829 1622 1875 ll'loutissyon,
1658 1830 1797 1863 dilectus
1840 1829 1922 1863 lilius
1961 1856 1968 1863 .
2012 1856 2019 1863 .

180 1891 282 1925 abbas
321 1894 511 1924 {nonasterii
551 1891 866 1925 l'remonstratcnsis
906 1891 1134 1926 Laudunensis
1171 1892 1254 1926 dioc.
1291 1896 1457 1936 totumque
1492 1890 1651 1935 generale
1688 1890 1862 1936 capitulum
1898 1889 2021 1923 ordinis

181 1951 333 1985 antedicti
372 1963 413 1985 ex
455 1955 524 1985 iure
563 1952 602 1985 ad
645 1952 748 1985 dictos
788 1952 939 1986 abbatem
977 1953 1292 1987 premonstratensis
1327 1956 1359 1986 et
1399 1951 1573 1997 capitulum
1609 1951 1763 1985 devoluto
1801 1950 1841 1984 de
1879 1961 2021 1996 persona

181 2012 327 2046 ciusdem
348 2012 432 2046 Petri
461 2012 567 2046 eidem
590 2016 790 2047 monasterio
820 2013 1026 2059 Montissyon
1057 2014 1221 2048 (luxerant
1242 2012 1477 2059 providendum
1499 2015 1671 2057 ipsumque
1691 2011 1797 2045 eidem
1819 2013 2020 2045 monasterio

181 2073 390 2119 prefecerant
418 2076 448 2106 in
478 2073 643 2116 abbatem,
673 2078 705 2107 et
733 2073 819 2118 quod
849 2079 914 2108 tam
954 2074 1049 2108 iidem
1085 2074 1188 2109 abbas
1224 2074 1537 2108 premonstratensis
1572 2077 1605 2105 et
1639 2072 1815 2118 capitulum
1848 2071 2020 2116 generale,

181 2145 276 2179 quam
306 2137 402 2167 etiam
432 2133 516 2167 idem
550 2134 666 2167 Petrus
702 2138 848 2179 tempore
884 2138 1084 2180 provisionis
1121 2135 1266 2181 predicte
1303 2139 1335 2168 ct
1367 2137 1462 2167 antea
1492 2137 1523 2166 et
1562 2137 1633 2178 post
1673 2144 1730 2178 pei·
1766 2143 1828 2166 non
1860 2132 2020 2166 modicum

182 2197 338 2239 temporis
367 2197 506 2240 spatium
537 2197 742 2237 ianm-arnna
773 2195 857 2239 quod
888 2198 1035 2241 provisio
1065 2196 1140 2230 dicti
1166 2196 1354 2230 monasterii
1384 2205 1442 2239 per
1462 2193 1514 2226 l'el.
1538 2205 1603 2227 rec.
1625 2193 1811 2226 Joliauuem
1833 2192 1892 2227 l’l'.
1914 2192 2019 2226 xxii.

183 2254 455 2300 pr‹·ileccssorein
486 2259 632 2288 nostruin
663 2254 867 2300 dispositioni
897 2255 984 2289 sedis
1014 2257 1194 2302 apostolice
1231 2256 1311 2290 foret
1347 2258 1531 2296 reservata,
1569 2258 1600 2287 et
1629 2253 1713 2297 quod
1744 2257 1907 2299 quami-ito
1936 2253 2019 2287 idem

184 2313 296 2347 l’etrus
325 2314 450 2348 audivit
479 2318 740 2349 reservationem
771 2316 962 2361 predictam,
993 2320 1126 2350 omnino
1160 2321 1190 2350 et
1229 2317 1441 2350 incontinenti
1477 2319 1624 2348 cessarat
1661 2314 1701 2347 ab
1737 2314 2020 2348 administratione

184 2377 370 2407 monasterii
410 2375 561 2421 sepesath
599 2386 637 2409 ae
671 2387 713 2409 ex
751 2381 843 2421 parte
878 2377 1036 2410 dictorum
1079 2377 1204 2411 abbatis
1244 2381 1275 2410 et
1308 2375 1436 2421 capituli
1473 2379 1570 2420 atque
1608 2374 1693 2408 Petri
1730 2374 1823 2408 nobis
1859 2374 2020 2408 humiliter

183 2434 377 2478 supplicato7
408 2440 439 2468 ut
467 2435 507 2469 ‹le
537 2447 678 2481 persona
701 2436 775 2469 dicti
800 2437 883 2470 l'etri
905 2437 944 2470 de
965 2438 1098 2482 speciali
1120 2440 1224 2482 gratia
1245 2437 1456 2481 dignaremur
1476 2435 1580 2468 eidem
1604 2439 1806 2469 monasterio
1826 2436 2019 2468 auctoritate

183 2494 362 2540 apostolica
392 2496 580 2540 providere,
610 2507 652 2530 ex
692 2502 782 2542 parte
818 2497 923 2531 dilecti
960 2498 1013 2531 lilii
1049 2498 1194 2539 liudgeri
1229 2498 1378 2530 canonici
1415 2495 1548 2541 predicti
1586 2499 1774 2530 monasterii
1812 2495 2018 2540 ttionussyon

183 2557 364 2588 asserentis
393 2566 429 2587 se
458 2555 558 2589 fuisse
587 2557 726 2590 eli-etum
764 2561 792 2590 in
830 2558 980 2591 abbatem
1012 2560 1200 2592 monasterii
1230 2556 1386 2603 sepedicti
1417 2561 1448 2589 et
1476 2559 1572 2589 ctiam
1602 2556 1747 2590 Danielis
1776 2558 1954 2590 asserentis
1983 2566 2019 2587 se

183 2617 376 2648 canonicum
416 2616 561 2649 viusuvm
599 2621 787 2651 monasti-rii
826 2623 888 2652 tam
918 2630 976 2663 pro
1005 2630 1040 2651 se
1071 2621 1147 2664 ipsis
1176 2629 1270 2664 quam
1302 2628 1358 2663 pro
1395 2621 1486 2663 parte
1514 2622 1698 2651 conventus
1728 2617 1801 2650 dieti
1831 2618 2018 2649 monasterii
