2184 2828
1095 125 1168 159 398

1081 265 1185 301 5⁴9.

214 337 286 370 Der
321 337 491 370 Olme'llz-er
524 335 673 380 Bisa-leof
697 336 833 369 Johaim
868 340 1035 379 ,qm-{allel
1070 336 1141 368 dem
1177 335 1450 370 Nonnenlsloster
1478 339 1509 371 in
1538 338 1717 371 Pastum&-
1753 338 1806 371 de'e
1835 337 2046 382 Erricleluuq

215 399 338 430 ziree'er
363 397 485 430 Trivlw
515 397 580 429 mul
608 396 690 429 eben
718 409 755 429 so
788 397 893 429 ricler
913 396 1048 429 illalzlen
1079 408 1121 428 an
1152 396 1222 428 (lem
1252 408 1322 429 com
1344 397 1575 442 „illan-sherff‘
1603 398 1803 443 llt'essemlen
1824 398 1954 432 Baclac.
1985 398 2042 431 Dt.

565 456 733 499 (Momm-z,
764 458 817 490 «lie
847 458 883 489 S.
916 456 1099 489 Lam-eneis
1125 459 1264 499 ηοω-[μγ.
1297 457 1375 498 (10.
1396 458 1552 507 ᾼιιφιδί)
1586 459 1694 491 [lust.

367 524 455 576 lxos
483 542 654 576 Johannes
684 542 793 576 diuina
823 547 853 576 et
883 543 1065 588 apostolice
1101 541 1189 575 sedis
1219 546 1331 587 gracia
1361 543 1544 590 Episcopus
1574 546 1806 578 (llomucensis
1835 544 1875 578 ad
1903 547 2046 578 vniuer-

215 614 324 636 sorum
355 606 508 636 noticiam
530 603 682 637 volumus
705 608 819 636 tenore.
841 605 1049 648 presencimn
1071 605 1258 647 peruenire.
1290 604 1382 644 Quod
1403 615 1474 638 cum
1496 608 1728 638 monasterium
1750 605 2046 639 sanctimonialium

215 668 326 696 nostre
355 663 563 697 fundacionis
592 663 631 697 ad
661 664 837 696 msam-iam
867 662 986 696 Clu-isti
1015 666 1046 696 in
1075 662 1240 707 Pustmyr,
1271 667 1363 709 aquis
1392 669 1425 698 et
1453 676 1609 709 aquarum
1639 664 1833 698 decursibus
1862 668 1894 699 in
1923 670 2047 699 tantum

213 723 357 756 delicere
386 724 595 760 videremus.
626 724 710 768 quod
739 726 832 764 graui
862 722 976 756 labore
1004 728 1036 756 et
1063 728 1191 769 sumptu
1221 734 1304 769 aque
1332 727 1478 770 copiam„
1514 736 1576 769 qua
1613 728 1643 758 in
1679 730 1845 770 posterum
1873 730 2048 759 crescente

215 784 348 817 familia.
379 783 562 829 domusque
591 783 797 821 animalibus.¹
828 783 959 816 domino
988 783 1149 827 largiente
1175 783 1334 823 adauctis,
1363 785 1433 829 plus
1453 785 1620 829 indigetiin
1652 788 1705 818 uix
1732 787 1891 830 potuisset
1912 785 2046 828 hahere,

214 845 366 877 volentes
402 848 432 877 in
468 844 529 877 hac
564 849 656 889 parte
685 843 880 877 Monasterii
909 847 1011 878 nostri
1041 845 1196 890 supplere
1225 855 1263 877 ac
1292 848 1465 890 preucnire
1493 845 1668 878 defectum.
1725 845 1775 878 De
1807 845 2047 879 venerabilium

211 907 355 938 virorum
395 904 531 938 fratrum
559 907 592 937 111
622 903 752 938 Christo
781 904 1032 937 karissimorum
1068 904 1273 937 dominorum
1303 904 1482 949 Barthossij
1520 909 1694 951 prepositi,
1733 905 1905 940 lVitkonis
1934 907 2048 940 archi-

211 964 341 998 diaconi
378 969 411 998 et
442 965 575 1009 capituli
609 964 752 998 ecclesie
787 969 901 998 nostre
935 964 1165 998 Olomuccnsis
1199 965 1336 998 consilio
1377 970 1410 999 et
1450 966 1546 1011 plena
1581 969 1800 999 conniuencia
1835 977 1874 1000 ac
1907 977 2046 1001 assensu

212 1028 336 1062 riuum„
366 1028 419 1070 qui
448 1036 465 1058 a
494 1024 607 1058 Monte
636 1024 837 1070 Manspcrcli
865 1025 1038 1069 wlgariter
1066 1025 1151 1058 dicto
1180 1029 1268 1058 retro
1296 1025 1413 1059 dictum
1441 1026 1571 1071 opidum
1607 1029 1668 1059 sito
1702 1026 1740 1059 ad
1770 1029 1874 1072 ipsum
1904 1027 2046 1072 opidum,

211 1089 242 1118 et
277 1085 362 1118 vltra
399 1085 438 1118 ad
467 1085 577 1118 villam
606 1088 709 1130 ipsius
743 1088 931 1129 monasterii
962 1085 1042 1119 Prus
1071 1084 1209 1120 [luebat.
1245 1097 1315 1118 cum
1351 1086 1413 1119 alio
1442 1086 1582 1130 quodam
1612 1087 1732 1129 riuulo,
1763 1090 1815 1131 qui
1844 1087 1989 1121 decurrit
2016 1091 2047 1121 in

211 1145 309 1182 11111111,
340 1150 371 1178 ct
401 1156 517 1189 aquam
549 1145 588 1178 de
617 1145 708 1178 fonte
737 1145 796 1179 sub
826 1149 934 1179 vineis
955 1149 1157 1179 scaturiente
1186 1149 1217 1179 in
1247 1157 1345 1179 vnum
1367 1146 1539 1180 decursum
1561 1147 1634 1179 duci
1664 1158 1701 1180 ac
1722 1158 1781 1192 per
1800 1147 1941 1180 medium
1961 1148 2047 1193 opidi

210 1205 346 1250 predicti
376 1205 493 1238 deduci
523 1210 554 1238 et
582 1208 614 1238 in
644 1209 769 1251 campis
799 1210 829 1239 ct
850 1209 940 1250 agris
968 1206 1210 1251 episcopalibus
1240 1209 1327 1239 iuxta
1349 1206 1551 1252 sepedictum
1573 1207 1711 1252 Upidmn
1741 1210 1822 1249 sitis,
1852 1210 1883 1241 in
1905 1207 2048 1242 decursu

210 1269 288 1304 riuiq
325 1266 433 1299 taliter
467 1265 601 1299 adunati
631 1265 711 1299 duas
736 1263 886 1311 'piscinas
916 1278 990 1300 cum
1020 1266 1152 1299 totidem
1182 1266 1374 1300 molendinis
1410 1271 1440 1300 et
1468 1266 1646 1300 obstaculis
1676 1270 1820 1301 construi
1850 1267 1989 1302 fecimus
2018 1273 2049 1301 et

209 1329 331 1372 parari,
361 1337 443 1370 quas
473 1327 603 1371 quidem
632 1329 777 1372 piscinas
807 1338 845 1359 ac
875 1327 1062 1360 molendina
1084 1332 1115 1360 et
1136 1327 1306 1360 obstacula
1336 1329 1407 1360 vsui
1426 1327 1569 1360 iamdicti
1590 1327 1783 1361 Mon-asterii
1802 1331 1904 1361 nostri
1925 1328 2048 1362 decer-

209 1389 315 1420 nimus
345 1391 504 1432 perpetuo
533 1387 706 1420 deseruire
735 1386 856 1420 debere
885 1398 923 1420 ac
952 1386 1165 1431 hereditarie,
1194 1387 1292 1432 pleno
1312 1390 1382 1420 iure
1409 1398 1485 1432 per.
1504 1386 1737 1421 ‚Abbatissam
1759 1388 1836 1422 dicti
1855 1388 2049 1423 Monasterii

208 1450 240 1479 et
268 1457 328 1491 per
357 1450 462 1492 ipsum
493 1445 748 1488 Monasterimm
781 1447 941 1481 donamus
971 1458 1010 1481 ac
1038 1448 1152 1480 damus
1180 1447 1283 1481 libere
1312 1459 1350 1481 ac
1377 1447 1513 1493 pacifice
1542 1447 1759 1492 possidenda‚
1795 1459 1869 1482 cum
1898 1449 2048 1483 omnibus

157 1506 160 1509 ’
210 1505 335 1540 iuribus
365 1506 522 1540 fructibus
551 1511 582 1540 et
612 1509 840 1552 pertinencij&
871 1518 933 1552 que
961 1519 1116 1553 vmquam
1145 1519 1188 1541 ex
1218 1508 1279 1552 hijs
1308 1512 1458 1553 poterunt
1486 1510 1634 1541 euenire.
1689 1508 1724 1542 In
1753 1511 1846 1543 cuius
1874 1512 1922 1542 rei
1950 1513 2049 1543 testi-

209 1569 353 1600 monium
388 1572 563 1613 presentes
599 1568 712 1601 literas
754 1568 934 1612 sigillorum
973 1573 1159 1602 nostrorum
1195 1567 1331 1602 fecimus
1366 1570 1569 1613 appensione
1598 1572 1725 1602 muniri.
1780 1569 1822 1602 Et
1849 1580 1910 1604 nos
1939 1569 2048 1603 diuina

211 1626 425 1672 prouidencia
455 1627 667 1662 Barthossius
696 1631 902 1674 prepositus.
933 1628 1047 1663 Witco
1077 1629 1341 1662 1⁴21·chidiaconus
1374 1633 1404 1661 et
1430 1628 1606 1673 capitulum
1642 1629 1785 1663 ecclesie
1814 1629 2048 1665 Olomucensis

209 1690 355 1721 riuorum
385 1688 646 1733 supradictorum
675 1689 963 1722 transduccionem
993 1692 1192 1735 piscinarum
1214 1694 1246 1723 et
1266 1688 1523 1722 molendinorum
1553 1699 1592 1721 ac
1612 1679 1851 1723 obstacutffirum
1872 1695 2049 1738 construc-

210 1751 360 1789 cionem„
398 1753 427 1781 et
458 1759 569 1782 earum
606 1760 645 1782 ac
680 1752 824 1794 ipsorum
860 1749 1065 1784 Monasterio
1103 1749 1381 1784 et..Abbatisse
1409 1748 1626 1782 donacionem
1656 1754 1817 1795 perpetuo
1845 1750 2048 1796 possidendi,

210 1819 270 1854 per
296 1808 526 1842 venerabilem
555 1812 587 1842 in
609 1808 737 1843 Christo
767 1815 892 1855 patrem
921 1815 954 1844 et
982 1810 1147 1844 dominum
1168 1815 1313 1844 nostrum
1341 1809 1504 1842 dominum
1530 1808 1713 1843 ι10111111110111
1734 1810 1934 1856 Episcopum
1963 1810 2050 1845 Olo-

209 1879 401 1902 mncensem
432 1868 549 1910 factas„
579 1874 612 1903 ut
640 1873 846 1915 premittitur„
876 1875 964 1904 ratas
985 1870 1146 1904 habentes
1175 1875 1207 1904 et
1233 1875 1356 1915 gratas,
1386 1873 1459 1915 quia
1479 1872 1510 1902 iu
1532 1869 1593 1902 hoc
1615 1870 1858 1916 Episcopalium
1887 1871 2047 1905 bonorum

210 1929 424 1974 preindicimn
458 1933 598 1963 vertitur
634 1930 691 1963 sed
720 1934 826 1974 magis
856 1930 963 1964 1101101·
997 1931 1120 1965 exinde
1149 1936 1182 1965 et
1209 1930 1411 1964 commodum
1440 1929 1600 1962 resultare
1629 1936 1794 1976 speratum
1824 1936 1969 1965 nostrum
1999 1935 2048 1965 eis

210 1989 396 2023 beniuolum
435 1989 627 2023 adhibemus
656 1991 864 2035 presentibus
895 1995 927 2024 et.
961 2002 1159 2037 expressum
1188 2001 1399 2025 consensum.
1430 1989 1578 2034 Sigillum
1608 1993 1739 2036 capituli
1768 1995 1871 2040 nostri
1900 1995 1932 2026 in
1960 2003 2048 2026 con-

210 2060 329 2083 sensus
358 2052 461 2083 nostri
489 2053 711 2084 testimonium
740 2051 950 2096 presentibus
980 2055 1084 2085 eciam
1114 2051 1342 2098 appendendo.
1396 2051 1515 2083 Actum
1552 2055 1583 2083 et
1611 2051 1718 2085 datum
1749 2051 1906 2086 Olomucz
1935 2055 1967 2086 in
1995 2053 2048 2086 die

211 2113 316 2143 sancti
346 2110 519 2154 Laurencij
549 2110 705 2154 Martii-is,
736 2111 835 2145 Anno
865 2112 986 2145 domini
1015 2112 1190 2146 Millesimo
1220 2112 1466 2145 Trecentesimo
1497 2110 1760 2156 Quadragesin10
1789 2118 1917 2158 quarto.

517 2181 601 2213 (Nacli
621 2182 678 2207 dem
696 2181 770 2209 (1119.
791 2185 833 2208 mit
851 2183 936 2208 einem
960 2183 1082 2212 einziffen
1097 2183 1188 2216 Sigille
1207 2197 1247 2201 --
1260 2182 1301 2208 die
1326 2182 1435 2214 librigen
1459 2181 1516 2206 siud
1535 2182 1618 2206 svium
1637 2182 1794 2216 abgerissen
1818 2199 1849 2202 -—
1864 2184 1897 2209 im
1915 2182 2047 2209 fiirsterz-

621 2233 948 2260 111ες11011η-Ιιυ111111111κέ
972 2243 1004 2260 zu
1020 2234 1164 2266 Kremsier,
1189 2233 1399 2268 abgesclirieben
1425 2233 1456 2258 A.
1482 2232 1612 2263 Boczeki)

1080 2355 1186 2389 550.

355 2401 481 2459 Rari„
513 2421 690 2467 Markgraf
716 2433 780 2456 von
810 2422 971 2465 Miilirem
1000 2423 1118 2468 willigt
1146 2427 1178 2457 in
1207 2423 1269 2457 den
1296 2420 1450 2455 Verkauf
1475 2432 1539 2455 von
1569 2421 1751 2457 Poitvache
1780 2427 1904 2458 seitens
1932 2425 2044 2457 seines

213 2478 330 2512 Vaters
360 2492 399 2513 an
429 2482 480 2516 die
511 2481 623 2516 Gralin
652 2494 719 2516 von
748 2482 883 2517 Namur.
939 2483 993 2517 Dt.
1024 2483 1106 2525 Mes,
1137 2483 1196 2519 24.
1225 2483 1356 2527 August
1387 2480 1495 2515 1344.

519 2553 571 2586 (St.
604 2553 704 2579 Genois
733 2554 899 2579 Monuments
930 2555 1038 2580 ariciens
1069 2554 1140 2580 929.
1186 2552 1323 2580 Bertholet
1353 2551 1418 2577 trust.
1451 2552 1483 2577 d(-
1514 2552 1576 2578 Lux.
1609 2553 1637 2580 G.
1670 2554 1717 2581 59.
1766 2555 1879 2581 ssohmer
1908 2563 1931 2579 a.
1963 2564 1986 2580 a.
2013 2556 2043 2581 Ο,

303 2594 343 2614 ⁴*
621 2606 647 2630 s.
675 2605 733 2630 347
761 2614 785 2631 n.
814 2606 877 2635 72.)
