2184 2828
1052 266 1159 301 (324.

184 349 289 383 l’abst
313 349 467 383 Clemens
494 347 547 382 ΓΙ.
570 347 766 391 Ι)ιάι([ἰν(ι91
795 347 857 379 (lete
880 345 1050 378 Olmfilzer
1073 343 1224 386 Bis-eleos,
1253 343 1354 376 ιΙιιΙιῖη
1377 354 1417 376 za
1438 343 1572 381 we‘rlcem
1602 344 1681 377 dass
1706 344 1764 387 fici·
1786 344 1847 376 (len
1868 343 2023 376 Vries-ter

183 412 243 443 cler
272 411 446 444 Pas-saner
473 408 622 441 Εἰσί-(786
651 407 808 451 ΡίΙῃνίηι.
840 405 933 439 Solen
962 404 1021 437 (les
1050 403 1214 436 Heinrich
1246 406 1396 447 510}aeme
1425 403 1593 445 Hecemllr,
1624 405 1698 436 eine
1727 404 1787 436 der
1824 403 2024 446 tet-ledaeum

182 471 239 504 (les
268 470 448 503 Medlz'lzer
468 468 627 502 lslosters
656 467 854 510 z-usltiudiye
876 464 1026 508 Psi-unde
1050 465 1215 496 resa-virt
1245 464 1366 496 werde.
1396 462 1657 506 Dt.212·2·121·0ne‚
1696 463 1729 497 Γ.
1754 463 1834 496 Idus
1865 462 2023 496 Octobris

890 524 971 565 (ll.
1004 523 1173 565 October)
1206 522 1315 556 1345.

335 587 511 640 (demens
546 605 731 651 Episcopus
768 604 894 637 Servus
932 602 1116 635 Servorum
1153 600 1215 634 Dei
1251 599 1441 634 Venerabili
1476 600 1582 634 Fratri
1611 601 1777 646 Episcopo
1807 599 2022 634 Olomucensi

185 667 329 701 Salutem
360 672 390 700 et
419 667 650 712 Apostolicam
680 664 1011 698 Benedictioncm...

333 727 512 760 Volentes.
531 753 538 760 .
558 736 753 771 ,personam
793 724 901 756 dilecti
931 723 985 756 lilii
1016 722 1173 766 Pilgrimii
1202 720 1336 754 Henrici
1365 720 1442 754 dicti
1470 720 1616 754 Huendlr
1644 720 1820 766 presbiteri
1850 720 2022 754 Patavien.

179 787 264 821 dioc.
302 787 473 820 favoribus
508 789 663 832 prosequi
699 787 855 830 gratiosis
885 783 1080 816 fraternitati
1116 786 1169 815 tne
1206 793 1266 827 per
1294 781 1475 826 apostolica
1503 784 1622 827 scripta
1652 781 1843 815 mandamus
1872 783 2024 825 quatinus

182 851 207 881 si
237 847 432 893 simpliciter
460 851 493 880 ct
534 846 573 879 de
607 846 704 891 plano
742 847 847 889 ipsum
884 843 1071 888 Pilgrinnun
1108 842 1146 876 ad
1186 842 1248 875 hoo
1283 842 1449 887 ydoneum
1485 852 1560 875 esse
1604 844 1789 886 repereris„
1828 840 2024 874 beneficium

179 908 441 941 ecclesiasticum
471 917 545 940 cum
574 917 652 939 cura
682 905 736 938 vel
763 908 834 938 sine
858 915 937 937 cura
968 907 1161 936 consuetum
1184 902 1223 936 ab
1244 902 1319 935 olim
1347 903 1478 936 clericis
1498 902 1703 936 secularibus
1732 904 1900 945 assignari
1930 904 2023 934 cuius

181 968 303 1001 fructus
341 967 488 1000 redditus
522 970 555 999 et
589 970 770 1011 proventus
809 968 834 997 si
864 975 937 997 cnm
973 974 1053 997 cura
1087 966 1241 1007 triginta,
1279 965 1305 996 si
1334 973 1416 996 vero
1445 965 1517 996 sine
1545 973 1623 995 cura
1652 962 1749 995 fuerit
1785 964 1900 1005 viginti
1929 960 2023 994 Mar—

179 1028 314 1061 eliarum
358 1028 500 1071 Argenti
543 1026 723 1060 seeundum
759 1027 960 1058 taxationem
997 1023 1125 1056 decime
1168 1024 1315 1057 valorem
1351 1033 1492 1056 annuum
1534 1033 1599 1055 non
1637 1022 1801 1055 excedant
1839 1021 1879 1055 ad
1915 1021 2023 1055 dilec-

180 1094 284 1121 torum
319 1088 481 1121 liliorum.
507 1086 671 1120 ,Abbatis
710 1090 741 1118 et
778 1084 972 1118 Conventus
1008 1083 1201 1117 Monasterii
1237 1082 1411 1117 Medlicen.
1449 1083 1571 1116 ordinis
1601 1085 1707 1116 sancti
1737 1081 1907 1115 Benedicti
1937 1081 2024 1115 dicte

180 1148 352 1181 l’atavien.
392 1148 476 1180 dioc.
513 1146 723 1180 collationem
762 1147 986 1190 provisionem
1021 1146 1304 1189 presentationem
1344 1154 1402 1177 seu
1443 1146 1592 1188 quamvis
1630 1143 1726 1176 aliam
1770 1142 2022 1188 dispositionem

179 1211 396 1241 communiter
424 1207 478 1241 vel
507 1206 638 1240 divisim
666 1209 848 1252 pertinens„
878 1207 904 1238 si
925 1204 1008 1250 quod
1030 1209 1128 1238 vacat
1148 1204 1186 1237 ad
1207 1214 1347 1249 presens
1367 1204 1421 1237 vel
1441 1214 1513 1237 cum
1535 1206 1722 1236 vacaverit.
1741 1230 1748 1236 .
1767 1202 2023 1236 .conferendum

179 1269 284 1302 cidem
316 1268 488 1312 Pilgrimo.
508 1294 514 1300 .
533 1278 739 1301 .1·eserves..
759 1266 895 1299 ,Datum
925 1265 1096 1298 Avinione
1125 1264 1154 1298 V
1182 1264 1259 1299 Idus
1289 1262 1442 1298 Octobris
1471 1264 1571 1297 Anno
1601 1262 1737 1303 QuartO.

488 1346 574 1377 (Nacli
605 1345 663 1370 (lem
690 1345 764 1373 Oria.
796 1344 912 1377 Regeste
937 1343 1038 1369 Palist‘s
1068 1343 1191 1369 Clemens
1215 1343 1260 1368 Vl.
1291 1342 1315 1368 J.
1341 1342 1385 1368 w.
1410 1342 1437 1368 B.
1462 1342 1481 1367 I.
1515 1342 1556 1369 Br.
1576 1342 1614 1367 48
1641 1342 1666 1367 S.
1693 1341 1732 1367 ‘20
1757 1343 1788 1367 im
1814 1341 2022 1367 Vaticanischen

591 1398 707 1423 Areliive
732 1405 762 1421 zu
787 1396 860 1422 ltom.
909 1396 1004 1421 Vidini.
1031 1396 1167 1421 Absclirift
1192 1396 1225 1420 im
1250 1395 1332 1421 malir.
1357 1394 1442 1420 stand.
1467 1393 1703 1425 Landesarcliive.)

1051 1515 1159 1550 625.

182 1596 287 1629 Pabst
317 1596 469 1629 Clemens
504 1595 557 1628 ΓΙ.
589 1594 786 1639 beaaflraq!
814 1594 875 1627 den
898 1593 1056 1627 Det-hant
1084 1594 1145 1626 der
1171 1593 1305 1637 Prayer
1325 1592 1540 1634 Domkirclae,
1571 1592 1640 1625 [lem
1663 1592 1818 1625 Priester
1843 1592 1905 1625 der
1924 1591 2021 1625 Pas-

182 1668 285 1690 sauer
307 1656 456 1689 Dim-ese
478 1656 614 1700 Lmlere'y
635 1666 696 1689 ron
718 1655 791 1688 Eas
815 1656 890 1688 eine
912 1655 972 1688 der
996 1653 1198 1697 l'erleileemq
1218 1654 1276 1687 des
1295 1653 1493 1686 Oslazraner
1508 1652 1802 1686 Nomeenliloslers
1822 1652 2024 1696 z-nsts't'nde'ye

293 1717 443 1760 Pfrelmle
472 1728 511 1749 set
541 1717 744 1749 resen-iren.
801 1715 860 1748 Dt.
891 1715 1071 1757 Am‘uz‘oue,
1102 1715 1210 1747 Nonis
1239 1713 1440 1747 Novembris
1471 1713 1525 1755 (5.
1556 1712 1766 1755 Norember)
1800 1712 1909 1745 1345.

338 1792 514 1844 Clemens
543 1811 727 1856 Episcopus
756 1810 885 1843 Servus
916 1810 1097 1844 Servorum
1126 1809 1188 1842 Dei
1215 1808 1344 1842 Dilecto
1372 1807 1637 1842 filio..Decano
1666 1808 1812 1841 ecclesie
1840 1807 2022 1852 Pragensis

184 1871 330 1905 Salutem
359 1876 390 1905 et
420 1872 648 1917 Apostolicam
678 1871 980 1904 Benedictionem..
999 1897 1006 1903 .

336 1931 527 1965 Volentes.
553 1958 560 1965 .
585 1942 787 1977 ,personam
823 1931 934 1964 dilecti
968 1930 1023 1964 filii
1056 1930 1227 1964 Ludowici
1265 1929 1305 1963 de
1333 1929 1450 1963 Anaso
1482 1928 1593 1962 clerici
1622 1928 1792 1962 Patavien.
1823 1928 1908 1962 dioc.
1939 1929 2023 1974 apud

183 2003 261 2026 nos.
280 2019 286 2025 .
306 1992 543 2037 ,multipliciter
570 1991 790 2025 commendati
819 1991 936 2025 favore
956 1994 1112 2036 prosequi
1132 1993 1290 2035 gratioso,
1319 1990 1508 2024 discretioni
1529 1993 1583 2022 tue
1603 2000 1662 2034 per
1690 1989 1872 2034 apostolica
1901 1992 2024 2035 scripta

183 2053 395 2091 mandamns,
426 2054 580 2096 quatinus
610 2055 636 2086 si
665 2052 855 2097 simpliciter
883 2056 914 2085 et
942 2051 982 2085 de
1017 2051 1114 2097 plano
1147 2051 1286 2084 eundem
1320 2049 1534 2084 Ludowicum
1572 2048 1611 2082 ad
1652 2047 1714 2082 hoc
1751 2049 1918 2094 ydoneum
1947 2060 2025 2084 esse

183 2115 349 2158 repereris
378 2111 576 2146 beneficium
607 2113 871 2146 ecclesiasticum
901 2123 974 2145 cum
1001 2123 1080 2145 cura
1101 2112 1157 2145 vel
1176 2114 1248 2145 sine
1267 2122 1346 2144 cura
1367 2113 1561 2144 consuetum
1589 2107 1628 2142 ab
1657 2109 1732 2142 olim
1762 2109 1893 2143 clericis
1921 2120 2025 2144 secu-

183 2173 306 2207 laribus
336 2176 501 2217 assignari
529 2175 622 2206 cuins
650 2172 774 2206 fructus
802 2172 950 2206 redditus
979 2177 1012 2206 et
1038 2176 1222 2218 proventus
1251 2174 1279 2206 si
1306 2181 1378 2204 cnm
1407 2180 1487 2204 cura
1507 2169 1655 2213 Triginta
1686 2172 1712 2203 si
1732 2180 1815 2203 vero
1843 2172 1916 2204 sine
1944 2181 2023 2204 cura

183 2233 281 2266 fuerit
309 2235 427 2277 viginti
456 2232 664 2266 Marcharnm
694 2236 825 2277 argenti
854 2232 1035 2267 seeundum
1066 2235 1270 2266 taxationem
1290 2231 1417 2265 decime
1437 2229 1584 2263 valorem
1605 2240 1748 2262 annuum
1770 2240 1836 2263 non
1857 2230 2025 2264 excedant

184 2297 338 2337 spectans
366 2296 585 2327 communiter
619 2293 672 2326 vel
702 2293 832 2327 divisim
861 2293 900 2327 ad
931 2294 1140 2327 collationem
1175 2293 1230 2327 vel
1257 2292 1536 2338 presentationem
1571 2301 1629 2323 sen
1659 2301 1898 2336 quamcumque
1926 2291 2024 2324 aliam

184 2352 431 2397 dispositionem
461 2353 652 2387 dilectarum
681 2356 712 2386 in
741 2352 872 2387 Christo
901 2353 1057 2387 filiarum.
1077 2380 1083 2386 .
1100 2353 1280 2387 Abbatisse
1309 2355 1341 2384 et
1369 2350 1560 2383 Conventus
1589 2349 1781 2384 Monasterii
1812 2350 2022 2385 Oslaviensis

185 2411 378 2447 Cistercieir
408 2413 533 2448 ordinis
571 2412 766 2447 Olomucen.
804 2414 889 2448 dioc.
925 2416 953 2448 si
981 2413 1067 2459 qnod
1096 2418 1195 2447 vacat
1223 2411 1262 2446 ad
1290 2421 1428 2457 presens
1463 2410 1518 2444 vel
1546 2421 1618 2443 cum
1647 2414 1838 2445 vacaverit.
1857 2438 1864 2445 .
1883 2410 2022 2445 ‚confe-

182 2471 318 2505 rendum
348 2473 432 2507 dicto
461 2474 660 2507 Ludowico.
679 2501 685 2507 .
705 2485 910 2508 .reserves..
930 2473 1067 2508 ‚Datum
1096 2474 1266 2507 Avinione
1293 2470 1396 2505 Nonis
1424 2469 1623 2504 Novembris
1649 2471 1750 2505 Anno
1780 2471 1917 2513 Quarto.

491 2553 576 2583 (Nacti
602 2552 660 2577 dem
687 2551 760 2585 Orig.
786 2553 903 2586 Regeste
927 2552 1030 2578 Pahst's
1055 2552 1178 2578 Clemens
1205 2550 1248 2576 Vl.
1275 2549 1298 2575 J.
1322 2549 1365 2575 IV.
1391 2548 1419 2574 B.
1442 2548 1462 2574 Ι.
1494 2548 1535 2574 Br.
1557 2548 1615 2574 190
1641 2550 1667 2575 S.
1694 2549 1733 2576 84
1759 2551 1790 2576 im
1813 2549 2021 2576 Vaticanischen

593 2604 709 2630 Areliive
734 2612 765 2630 zu
789 2604 864 2633 Rom.
910 2604 1006 2630 Vidini.
1033 2604 1170 2630 Absclirift
1193 2604 1226 2628 im
1251 2601 1331 2627 miilir.
1357 2600 1443 2626 stand.
1468 2601 1704 2633 Landesarcliive.)
