2184 2828
1056 130 1130 165 472

1040 281 1148 316 642.

326 352 423 406 otto
459 369 610 404 Reinclto
645 369 710 403 und
748 368 907 402 Nikolaus
935 379 1002 401 von
1033 366 1157 400 Glubos
1186 366 1356 409 erklarem
1387 366 1444 401 das
1474 367 1612 402 Schloss
1642 367 1866 413 Karpeustcin
1896 371 2014 402 sammt

172 431 328 466 Zubelior
358 431 420 464 und
451 433 506 463 mit
534 429 759 473 Landgericlit
787 440 862 462 vom
892 428 1023 472 Kiinige
1051 426 1182 460 Johann
1211 439 1250 460 zu
1280 427 1391 461 Lehen
1421 427 1569 462 erhalten
1600 440 1639 461 zu
1669 428 1787 461 haben.
1832 428 1884 461 Dt.
1915 427 2014 472 Prag,

175 492 222 525 St.
253 491 407 525 Valentia
439 490 515 535 (14.
546 489 710 531 Februar]
744 489 852 524 1346.

473 569 558 600 (Nacti
583 569 656 593 einer
683 567 818 593 stbsrlirist
842 568 874 592 im
899 566 1115 600 Diplomatarium
1151 565 1264 591 Bo'emiae
1298 574 1320 590 a.
1347 574 1369 591 a.
1396 566 1424 591 Ο4
1452 574 1475 591 n.
1503 565 1550 592 58.
1599 547 1779 599 Abgettrnckt
1802 566 1845 591 bei
1870 565 1956 591 Pelzel
1982 565 2010 591 Κ,

578 619 638 645 Karl
665 619 707 645 tv.
735 619 796 644 Urk.
823 618 850 644 B.
876 619 902 643 S.
932 616 988 643 104
1015 625 1039 642 n.
1065 616 1180 647 CXCV.)

1039 735 1147 771 643.

168 819 279 863 lsoniq
307 818 443 851 ιΙοΙιαηιι
472 828 535 850 ron
565 816 716 849 Bolemen
751 816 867 848 iree'set
903 814 964 847 das
998 813 1225 857 Heiratlesffltt
1259 814 1320 846 der
1348 814 1465 858 Aynes
1499 826 1562 848 ron
1592 814 1852 856 Flanlseuheim,
1894 813 2016 849 Witwe

168 879 226 912 des
254 878 420 911 Heinrich
454 890 518 910 ron
555 876 659 920 Ιιίμα7
696 876 761 918 (teas
790 875 853 908 deta
884 885 1017 918 yanzen
1053 873 1136 906 Zius
1177 874 1238 907 der
1273 874 1376 907 Stmlt
1409 875 1646 908 Holtemmmtlt
1680 887 1734 908 (ιιι.
1791 874 1851 907 Dt.
1880 873 2014 921 ‚Fra-qe,

626 935 806 969 Subballio
834 938 914 968 ante
942 934 1107 977 Essmye
1137 933 1218 975 (18.
1249 934 1423 977 Februar)
1456 934 1564 968 1346.

324 1013 412 1066 Nos
447 1031 619 1064 Joliannes
657 1030 707 1064 dei
746 1032 859 1074 gracia
898 1029 1035 1062 Boemie
1071 1028 1146 1062 Rex
1183 1040 1222 1062 ac
1258 1028 1560 1073 Lucemburgensis
1597 1029 1715 1063 Comes
1754 1028 2016 1062 Notumfacimus

169 1094 338 1126 vuiuersis
368 1091 463 1133 Quod
493 1095 567 1135 quia
597 1090 704 1124 Nobili
734 1090 865 1123 domine
894 1089 1051 1134 Agnetlie
1088 1089 1129 1123 de
1165 1088 1406 1122 Vlaukenlieim
1444 1089 1571 1123 Relicte
1606 1090 1768 1135 quondam
1799 1088 1925 1123 Nobilis
1954 1091 2017 1123 viri

169 1153 315 1186 Heinrici
352 1152 392 1185 de
428 1151 530 1197 Lippa
566 1151 657 1184 al'lini
682 1142 725 1184 *et
754 1150 1013 1194 Consanquinee
1048 1154 1163 1183 nostre
1199 1149 1318 1183 dilecte
1346 1152 1377 1183 in
1407 1149 1651 1195 Quinquaginta
1683 1153 1803 1183 marcis
1832 1149 2015 1183 reddituum

169 1215 267 1246 annui
302 1223 424 1246 census
461 1222 653 1256 grossorum
696 1211 914 1255 Pragensium
951 1212 1111 1243 morauici
1140 1209 1300 1244 Ponderis
1329 1213 1505 1244 occasione
1540 1210 1680 1254 dotalicij
1712 1221 1755 1243 ex
1784 1214 1874 1244 certa
1903 1213 2015 1244 nostra

168 1276 312 1307 sciencia
342 1272 591 1306 racionabiliter
620 1271 806 1312 obligamur
834 1275 866 1304 et
893 1273 1067 1304 existimus
1097 1270 1264 1304 debitores
1290 1271 1507 1316 volentesque
1534 1273 1639 1316 ipsam
1673 1270 1712 1303 de
1747 1270 1904 1315 predictis
1932 1269 2016 1304 red-

169 1333 288 1367 ditibus
324 1337 449 1366 certain
482 1337 514 1366 et
551 1343 703 1365 securam
740 1331 883 1365 reddere
918 1334 1002 1365 sicut
1037 1331 1132 1365 decet
1170 1331 1231 1365 sibi
1266 1331 1442 1376 prouidere
1476 1333 1668 1365 vniuersum
1702 1342 1840 1364 censum
1871 1330 2018 1364 Ciuitatis

169 1398 281 1427 nostre
310 1392 474 1426 Mutensis
503 1397 535 1426 et
564 1392 771 1425 Tlieloneum
802 1391 920 1425 ibidem
950 1402 1023 1424 cum
1053 1391 1186 1425 Juribus
1217 1390 1405 1424 utilitatibus
1426 1390 1583 1424 fructibus
1611 1395 1642 1424 et
1662 1392 1882 1425 emolimentis
1912 1395 1946 1425 vt
1974 1391 2013 1424 ad

170 1464 231 1487 nos
279 1456 445 1498 pertinent
480 1455 614 1486 nomine
649 1452 785 1497 predicti
827 1452 970 1496 dotalicij
1007 1457 1040 1485 et
1073 1455 1201 1486 ratione
1236 1454 1308 1486 veri
1351 1453 1497 1496 pignoris
1537 1451 1720 1495 obligamus
1756 1451 1794 1485 ad
1830 1451 2016 1485 habendum

171 1513 347 1547 tenendum
386 1518 418 1546 et
454 1515 622 1546 consuetis
667 1512 867 1557 temporibus
903 1512 1128 1558 percipiendis
1163 1513 1216 1546 uel
1251 1511 1291 1545 ad
1321 1522 1435 1545 manus
1465 1511 1585 1545 alteras
1624 1515 1675 1544 cui
1704 1513 1845 1545 uoluerit
1872 1522 2017 1557 persone

171 1574 231 1607 sub
261 1573 377 1607 eodem
406 1573 495 1606 titulo
524 1577 556 1606 et
584 1576 654 1606 iure
684 1575 846 1618 premisso
876 1572 1088 1617 obligandum
1119 1571 1383 1607 commutandum
1411 1582 1469 1605 seu
1497 1571 1682 1605 donandum
1713 1572 1833 1605 tamdiu
1863 1571 1947 1617 quod
1978 1572 2016 1605 ad

172 1645 275 1679 usque
310 1633 417 1667 eidem
455 1633 543 1667 altini
579 1637 691 1667 nostre
725 1634 776 1666 uel
814 1633 855 1666 illi
891 1644 1037 1678 persone
1073 1636 1125 1667 cui
1161 1633 1341 1678 predictum
1370 1642 1505 1665 censum
1542 1636 1574 1665 et
1602 1631 1790 1665 theloneum
1820 1631 2019 1676 obligauerit

172 1697 390 1727 comutauerit
423 1704 482 1727 seu
519 1693 708 1735 donauerit⁷
744 1693 909 1739 predictas
945 1692 1190 1738 Quinquaginta
1228 1704 1356 1726 marcas
1388 1691 1569 1725 reddituum
1605 1692 1760 1737 ponderis
1796 1692 1951 1726 antedicti
1987 1695 2016 1725 in

173 1759 266 1787 certo
296 1754 370 1787 loco
400 1754 507 1797 Regni
537 1756 639 1787 nostri
669 1764 732 1797 quo
759 1756 828 1799 ipsa
858 1754 909 1787 uel
940 1754 992 1787 ille
1013 1756 1106 1787 cuius
1135 1757 1272 1787 interest
1299 1755 1415 1786 merito
1435 1755 1615 1785 contentari
1638 1755 1757 1797 poterit
1776 1752 2016 1786 ostenderimus

173 1816 458 1858 assignauerimus
496 1818 529 1847 et
566 1814 753 1847 dederimus
792 1815 998 1858 integraliter
1034 1819 1065 1847 et
1099 1814 1262 1859 complete
1298 1817 1333 1847 vt
1366 1813 1463 1846 liceat
1496 1812 1602 1845 eidem
1638 1812 1741 1846 dictas
1772 1812 2016 1858 Quinquaginta

173 1885 302 1908 marcas
337 1874 519 1908 reddituum
555 1874 628 1908 dum
665 1877 713 1908 sic
751 1874 825 1907 date
860 1879 996 1908 ostense
1029 1879 1061 1908 et
1095 1878 1265 1918 assignate
1299 1873 1420 1907 fuci-int
1446 1875 1497 1906 cui
1526 1873 1667 1906 voluerit
1694 1884 1837 1918 persone
1867 1873 2017 1918 obligare

173 1939 342 1968 connitare
370 1945 430 1968 seu
459 1934 583 1968 donare
613 1934 810 1968 condicione
838 1934 1068 1968 nichilominus
1089 1934 1310 1979 infrascripta7
1330 1933 1414 1979 quod
1445 1932 1518 1966 dum
1539 1932 1743 1977 Quingentas
1772 1944 1902 1967 marcas
1931 1944 2017 1978 gro-

173 2006 300 2029 ssorum
317 1995 535 2039 Pragensium
556 1997 715 2028 morauici
736 1994 893 2028 Ponderis
915 1998 1092 2039 sexaginta
1114 1999 1251 2041 quatuor
1270 2004 1407 2038 grossos
1427 2004 1485 2038 pro
1505 2004 1614 2026 marca
1636 1993 1779 2038 qualibet
1798 1994 2018 2039 computando

174 2055 280 2089 eidem
309 2055 440 2089 domine
468 2055 615 2099 Agnetlii
645 2054 734 2088 affini
763 2059 875 2088 nostre
904 2055 1022 2088 dilecte
1051 2060 1106 2089 aut
1134 2055 1176 2088 illi
1205 2065 1348 2100 persone
1385 2056 1437 2087 cui
1473 2064 1531 2087 eas
1563 2052 1771 2098 deputauerit
1799 2064 1872 2087 cum
1902 2059 2016 2100 parata

174 2118 312 2161 pecunia
333 2116 530 2149 soluerimus
551 2126 610 2148 nos
630 2115 682 2149 uel
702 2115 796 2148 nobis
817 2126 880 2149 non
903 2115 1124 2149 existentibus
1148 2115 1290 2149 heredes
1311 2119 1342 2148 et
1362 2124 1575 2148 successores
1604 2117 1706 2147 nostri
1737 2125 1780 2147 ex
1800 2118 1877 2147 tunc
1897 2125 2016 2149 census

175 2181 206 2209 et
233 2175 423 2210 theloneum
453 2175 604 2209 Ciuitatis
631 2180 744 2209 nostre
773 2175 933 2209 Mutensis
962 2176 1014 2209 uel
1037 2175 1282 2221 Quinquaginta
1303 2184 1413 2208 marce
1441 2173 1625 2207 reddituum
1654 2174 1874 2219 predictorum
1896 2174 1935 2208 ad
1955 2185 2017 2208 nos

175 2240 205 2269 et
234 2241 367 2270 nostros
396 2246 534 2281 quorum
564 2239 725 2269 interesse
753 2238 874 2282 poterit
903 2236 1028 2282 absque
1057 2236 1246 2270 difficultate
1280 2234 1422 2281 qualibet
1456 2233 1558 2267 libere
1586 2238 1771 2268 reuertatur
1799 2234 1840 2268 Et
1868 2238 1969 2268 simus
1998 2247 2014 2268 a

174 2295 328 2340 predictis
348 2295 499 2330 omnihus
519 2299 650 2342 penitus
679 2296 819 2330 absoluti
848 2297 951 2330 literis
982 2307 1083 2342 super
1109 2307 1213 2330 censu
1246 2300 1277 2329 et
1313 2294 1466 2328 theloneo
1494 2293 1678 2327 Muthensis
1707 2297 1846 2329 ciuitatis
1876 2294 2015 2340 quibus—

175 2366 314 2401 cumque
343 2360 495 2402 personis
524 2356 760 2391 ecclesiasticis
790 2357 842 2390 uel
871 2356 1076 2390 secularibus
1106 2357 1189 2391 datis
1217 2356 1268 2389 uel
1302 2354 1416 2388 dandis
1450 2356 1684 2399 cuiuscumque
1719 2357 1843 2389 tenoris
1871 2358 2016 2390 existant

178 2419 210 2448 et
238 2415 296 2449 sub
325 2427 531 2461 quacumque
567 2416 744 2451 verborum
781 2417 1083 2463 comprehensione
1117 2421 1180 2451 sint
1214 2419 1373 2460 concepte
1401 2425 1466 2447 non
1496 2414 1712 2457 obstantibus,
1741 2426 1823 2460 quas
1851 2420 2014 2461 tamquam

176 2473 394 2520 subrepticias
423 2482 454 2510 et
483 2488 543 2523 per
562 2480 838 2523 importunitatem
870 2489 929 2511 seu
949 2478 1196 2522 negligenciam
1222 2479 1412 2521 impetratas
1433 2474 1639 2508 annullamus
1660 2487 1832 2510 cassamus
1851 2478 2014 2509 irritamus

179 2546 218 2568 ae
246 2535 364 2568 nullius
392 2540 522 2581 vigoris
552 2549 627 2571 esse
655 2537 807 2571 volumus
836 2541 965 2583 penitus
995 2543 1027 2572 et
1055 2540 1222 2571 momenti.
1268 2535 1308 2570 Et
1335 2545 1396 2568 nos
1424 2533 1567 2568 Karolus
1596 2536 1733 2581 predicti
1762 2536 1880 2569 domini
1910 2535 2014 2580 Regis

177 2594 335 2629 Bohemie
364 2595 604 2640 Primogenitus
633 2597 780 2632 Marchio
802 2598 953 2632 Morauie
981 2601 1011 2641 in
1043 2598 1284 2641 obligacionem
1313 2598 1509 2641 promissum
1539 2600 1570 2629 et
1598 2599 1705 2630 onmia
1735 2601 1767 2630 et
1795 2597 1923 2640 singula
1952 2607 2014 2641 que
