2184 2828
1062 100 1084 133 S

1045 217 1112 251 lo.

151 329 220 363 Die
251 328 364 362 Aeble
391 340 455 363 con
485 328 675 362 Morimond
703 329 768 361 und
795 327 957 361 Eberaeh
987 327 1192 361 aber-semen
1222 327 1293 360 dem
1313 316 1455 361 Isloster
1482 328 1732 362 Maria—Sao!
1759 330 1791 362 in
1826 328 1996 362 Alebre‘ma

152 391 228 423 eine
258 389 437 433 Abselert'st
465 390 523 422 des
548 388 765 433 papsllicleen
794 388 955 424 Iudultes.
985 389 1064 422 dass
1093 389 1145 421 die
1167 387 1308 421 Klosler
1335 388 1394 420 des
1423 387 1574 432 Cyslerz.
1612 387 1740 422 (li-deus
1769 390 1801 422 in
1830 390 1890 422 der
1919 389 1997 422 Zeit

152 452 248 483 eines
277 450 500 494 allyemez'nen
536 448 740 482 Interdiaes
769 449 830 482 (len
862 449 1094 482 Gottesde'eust
1128 448 1212 481 doch
1241 459 1303 481 mar
1339 447 1395 481 bez·
1418 449 1679 491 (lest-lilossenen
1722 449 1997 483 Ix'irclaeeutleic'ren

442 509 603 542 ablealten
632 510 762 552 diet-fen.
792 509 851 542 Dt.
882 521 935 542 am
964 509 1354 553 Kreuz-erfin‹lanystaye
1385 509 1440 551 (3.
1470 510 1562 550 Mae)
1596 509 1705 543 1334.

306 620 498 673 Johannes
528 638 714 685 Episcopus
750 650 868 672 seruus
901 649 1074 672 seruorum
1103 638 1155 672 dei
1185 637 1320 671 Dilectis
1355 638 1429 682 filijs
1457 638 1579 672 Abbati
1614 638 1776 684 Cystercij
1810 641 1998 683 ceterisque

151 700 338 735 Abbatibus
351 702 557 734 etvniuersis
567 698 792 733 Conuentibus
803 698 1048 745 Cysterciensis
1068 699 1191 737 ordinis
1212 698 1348 731 salutem
1369 702 1400 732 et
1419 699 1630 745 apostolicam
1649 699 1918 732 benediccionem
1937 726 1943 733 .
1963 726 1969 733 .
1988 726 1995 733 .

152 761 242 795 Inter
270 765 401 794 ceteros
431 760 646 805 Regularium
675 759 825 794 ordinum
855 759 1062 805 professores
1097 763 1126 793 in
1163 759 1215 792 dei
1250 759 1391 793 ecclesia
1429 759 1602 793 militantes
1637 759 1711 793 illud
1748 759 1853 793 ordini
1880 764 1997 794 vestro

153 826 186 854 et
213 820 310 854 vobis
340 820 380 854 ad
410 820 598 866 spirituales
626 820 741 853 laudes
771 820 975 862 asscribitur,
1006 819 1099 860 Quod
1130 824 1240 865 preter
1267 819 1340 862 alia,
1366 831 1426 865 per
1444 831 1507 865 quc
1528 823 1694 863 virtutum,
1716 820 1847 854 domino
1867 825 1998 865 gratum

153 881 329 927 inpenditis
358 881 598 923 holocaustum,
629 880 769 914 libenter
797 892 901 914 voces
929 885 1060 914 vestras
1089 892 1161 913 eum
1191 883 1385 913 reuerencia
1414 885 1446 913 et
1474 880 1659 914 deuocione
1688 880 1804 914 debitis
1824 883 1855 914 in
1876 881 1997 915 diuinis

153 941 362 975 celebrandis
391 941 511 985 officijs
540 941 705 976 exaltatis,
742 946 915 986 sperantes
950 952 1010 986 per
1045 940 1107 975 boc
1141 951 1260 974 vocum
1296 945 1480 974 vestrarum
1510 952 1636 985 organa
1666 941 1756 974 velut
1790 943 1998 975 intenciones

152 1007 267 1047 gratas
297 1004 359 1047 ipsi
389 1002 521 1035 domino
550 1002 721 1047 placitura.
752 1001 904 1035 Exliibita
934 1004 963 1035 si
992 1001 1122 1046 quidem
1151 1000 1244 1034 nobis
1274 1006 1386 1034 vestra
1416 1004 1534 1046 peticio
1563 1000 1763 1039 continebat,
1784 1001 1870 1045 quod
1890 1004 1999 1035 omnia

152 1063 357 1107 generaliter
388 1062 592 1096 Monasteria
626 1066 658 1095 et
693 1062 764 1095 loca
802 1066 913 1095 vestra
958 1064 1021 1095 sint
1055 1065 1086 1095 in
1122 1061 1260 1095 desertis
1295 1061 1373 1095 locis
1408 1066 1440 1094 et
1477 1061 1722 1105 solitudinarijs,
1757 1066 1789 1095 et
1825 1073 1843 1095 a
1878 1065 1999 1096 ceteris

153 1122 338 1157 hominibus
369 1127 547 1167 segregata
568 1127 603 1156 vt
633 1125 765 1168 possitis
792 1122 958 1156 liberalius
982 1134 1105 1156 vacare
1126 1122 1245 1155 diuinis
1266 1126 1298 1155 et
1316 1133 1375 1167 per
1394 1121 1637 1155 exaltacioncm
1656 1133 1788 1164 vocum,
1809 1126 1841 1155 et
1867 1122 1998 1156 iubilum

152 1183 300 1217 cordium
330 1183 484 1217 deuotum
514 1182 695 1228 inpendere
730 1183 862 1216 domino
893 1183 1097 1225 famulatum,
1127 1194 1201 1216 cum
1239 1181 1419 1216 diuinornin
1456 1182 1638 1215 ofliciorinn
1672 1182 1779 1216 cultus
1814 1182 1854 1216 ad
1892 1185 1998 1216 maius

153 1248 301 1277 vestrum
331 1243 417 1277 cedit
446 1244 609 1281 solamen,
639 1248 671 1277 et
701 1246 856 1276 maiorem
899 1244 1122 1277 reseccioneni
1159 1245 1280 1277 vestris
1309 1246 1413 1288 pariat
1448 1242 1630 1277 animabus.
1661 1254 1723 1276 nec
1751 1254 1856 1277 voces
1885 1248 2000 1278 vestre

153 1304 256 1337 audiri
287 1307 414 1350 possint
443 1303 483 1337 ab
513 1304 584 1337 aliis
614 1306 645 1337 in
674 1303 872 1337 Nemoribns
902 1309 933 1337 et
963 1304 1104 1337 desertis
1143 1307 1275 1347 emisse,
1310 1303 1462 1337 Nonnulli
1500 1303 1639 1336 Romani
1670 1303 1847 1338 Pontifices
1875 1303 2000 1350 prede-

153 1375 308 1397 cessores
338 1363 449 1398 Nostri
479 1367 649 1410 premissis
679 1367 709 1397 in
739 1365 919 1410 specialem
949 1364 1257 1405 consideracionem
1286 1363 1444 1401 adductis„
1475 1363 1570 1397 vobis
1601 1368 1633 1397 et
1662 1364 1768 1397 eidem
1798 1363 1913 1398 Ordini
1941 1375 2002 1410 per

152 1425 310 1470 specialia
339 1425 515 1470 privilegia
545 1425 760 1467 indulserunt,
799 1430 831 1458 vt
867 1429 1016 1470 tempore
1049 1425 1216 1469 generalis
1250 1424 1409 1458 interdicti
1444 1425 1559 1457 liccret
1588 1424 1684 1458 vobis
1714 1428 1745 1458 in
1774 1424 1998 1467 Monasteriis,

152 1490 185 1519 et
213 1486 293 1519 loeis
323 1488 461 1523 vestris,
495 1485 678 1518 interdictis
715 1490 747 1518 et
784 1489 1080 1518 excomnnniicatis
1117 1486 1278 1528 exclusis,
1314 1485 1377 1518 alta
1414 1496 1498 1518 voce
1537 1485 1646 1518 diuina
1677 1485 1784 1519 oflicia
1813 1485 1996 1520 celebrare.

154 1546 234 1579 Cum
264 1550 371 1579 autem
401 1557 460 1591 per
488 1546 646 1591 quasdam
675 1548 933 1579 constituciones
962 1551 1036 1591 post
1073 1546 1156 1579 dicta
1198 1545 1318 1579 indulta
1358 1557 1375 1578 a
1406 1545 1510 1578 l'elicis
1539 1545 1789 1579 recordacionis
1827 1545 2000 1580 Bonisacio

153 1606 248 1640 Vlll‘'
276 1611 306 1640 ct
335 1607 507 1640 Clemente
535 1609 660 1651 quinte,
682 1606 1068 1640 RomanisPontificibus
1097 1605 1388 1653 predecessoribus
1418 1608 1538 1639 nostris
1567 1606 1672 1640 editas
1706 1606 1867 1641 buismodi
1896 1606 2001 1640 dero-

152 1672 259 1711 getur,
290 1667 328 1700 Et
359 1671 492 1713 propter
520 1667 582 1700 boc
611 1671 762 1713 oporteat
790 1678 851 1701 vos
881 1670 912 1700 in
931 1666 1145 1701 Monasteriis
1165 1669 1286 1701 vestris
1306 1671 1454 1712 tempore
1485 1666 1647 1700 interdicti
1678 1667 1795 1713 prefati
1815 1667 1999 1701 diuinorum

157 1727 362 1773 suspendere
405 1727 607 1772 organandi,
646 1732 678 1761 et
713 1727 753 1760 ab
790 1728 1000 1760 exaltacione
1040 1739 1158 1762 vocum
1194 1732 1226 1761 et
1265 1726 1515 1761 iubilacionibus
1558 1730 1588 1760 in
1625 1727 1743 1762 diuinis
1785 1727 2000 1761 decantandis

154 1788 302 1822 laudibus
331 1789 512 1822 abstinere.
570 1788 672 1832 quue
707 1791 791 1822 sicut
833 1790 980 1821 asseritis
1016 1800 1169 1833 magnam
1209 1787 1302 1821 vobis
1338 1786 1563 1821 turbacioncm
1602 1787 1750 1829 inducat,
1792 1788 1834 1822 Et
1876 1788 1998 1822 nonulli

154 1849 296 1882 quenes
327 1849 401 1882 dicti
430 1849 555 1882 ordinis
585 1848 770 1882 efficiantur
799 1849 932 1891 exinde,
962 1849 1000 1882 ad
1031 1849 1140 1882 diuina
1169 1849 1275 1883 ol'licia
1305 1847 1436 1881 desides
1465 1852 1496 1881 ct
1524 1851 1665 1882 remissi.
1704 1848 1808 1882 Nobis
1838 1848 2000 1897 humiliter

155 1911 378 1955 supplicastis,
410 1914 445 1943 vt
474 1909 610 1955 proinde
639 1909 734 1943 vobis
764 1921 865 1955 super
894 1909 966 1947 boc,
996 1921 1055 1955 pro
1090 1910 1322 1943 consolacione
1358 1913 1482 1945 vestra,
1512 1908 1552 1942 de
1582 1908 1787 1953 benignitate
1816 1909 1997 1955 apostolica

154 1970 375 2008 diunarennn:
408 1970 476 2004 Nos
507 1973 604 2012 igitur
632 1970 673 2003 ob
702 1970 916 2015 spiritualium
941 1973 1100 2013 intuitum,
1121 1970 1224 2004 studia
1246 1969 1361 2014 quibus
1383 1969 1550 2003 scrucnter
1570 1972 1730 2012 insistitis,
1751 1972 1836 2003 votis
1864 1972 1997 2007 vestris,

154 2041 217 2074 qne
246 2031 445 2076 sperandum
484 2036 535 2065 est
572 2042 615 2064 cx
651 2030 843 2064 denocionis
873 2031 962 2064 l’onte
992 2031 1186 2077 procedere,
1216 2029 1438 2064 fauorabiliter
1473 2034 1674 2071 annuentes,
1710 2033 1833 2064 vestris
1869 2033 1899 2063 in
1939 2030 1999 2063 bac

155 2096 244 2136 parte
274 2091 574 2137 snpplicacionilnis
604 2092 765 2133 inclinati,
795 2094 991 2125 anctoritate
1026 2091 1121 2125 vobis
1150 2094 1355 2138 presencium
1391 2090 1608 2133 indulgemus,
1638 2095 1671 2124 vt
1705 2089 1998 2124 c(nistit1n·.ionil)ns

156 2152 334 2185 eorundem
367 2152 526 2196 ss‹›nifacij
557 2157 589 2186 et
618 2153 798 2186 Clementis
829 2164 886 2185 sen
917 2152 1061 2197 qnalibet
1090 2153 1150 2186 alia
1176 2155 1207 2186 in
1227 2154 1437 2186 contrarium.
1459 2162 1559 2196 super
1580 2151 1640 2184 boc
1662 2151 1770 2188 editis,
1793 2162 1998 2196 nequaqnam

155 2211 373 2248 obstantibus.
404 2214 500 2247 liccat
529 2213 623 2247 vobis
653 2216 683 2246 in
714 2215 833 2245 vestris
862 2212 1076 2256 Monasterijs
1107 2213 1212 2246 taliter
1239 2215 1427 2257 segregatis
1457 2217 1605 2257 tempore
1626 2212 1793 2254 generalis
1823 2212 1997 2253 interdicti,

154 2273 269 2306 Jannis
299 2274 433 2308 clausis.
463 2279 493 2307 et
522 2276 695 2307 extraneis
725 2273 884 2317 aliquibus
914 2285 979 2307 non
1015 2273 1164 2307 admissis
1202 2274 1263 2307 alta
1293 2284 1377 2306 voce
1407 2272 1514 2306 diuina
1545 2273 1653 2306 ol'licia
1683 2271 1865 2310 celebrare,
1895 2272 1996 2306 dilm-

157 2334 252 2366 niodo
282 2345 416 2366 cansam
447 2346 508 2368 non
545 2335 702 2368 dederitis
739 2335 922 2368 interdicto.
981 2334 1062 2367 Nulli
1100 2346 1181 2373 ergo
1218 2336 1351 2367 omnino
1388 2332 1552 2366 bominum
1592 2333 1689 2366 liceat
1724 2332 1807 2366 banc
1844 2335 1997 2379 paginam

157 2398 267 2427 nostro
308 2397 534 2427 concessionis
577 2400 607 2428 et
637 2398 885 2428 constitui-ionis
916 2394 1114 2436 infringere.
1152 2395 1203 2428 vel
1239 2397 1268 2427 ri
1304 2405 1383 2426 ausu
1421 2397 1593 2427 temerario
1630 2397 1806 2427 contraire.
1862 2394 1897 2427 Si
1926 2395 1997 2438 quis

157 2459 264 2487 mitem
304 2453 364 2486 boc
400 2458 592 2499 attemptare
630 2459 875 2500 presumpserit.
913 2455 1178 2499 indignacionem
1217 2456 1447 2499 ‹nnnipotcntis
1483 2455 1533 2487 dri
1572 2459 1602 2487 et
1639 2454 1807 2487 [walorum
1843 2454 1926 2488 Petri
1966 2458 1998 2487 ct

158 2514 245 2547 l'anli
276 2514 497 2559 apostolorum
528 2518 599 2548 vius
628 2528 664 2548 se
693 2518 822 2549 nouerit
851 2518 1067 2549 incursurum.
1100 2515 1217 2548 Datum
1249 2515 1414 2548 Aninione
1444 2514 1602 2548 Kalendis
1631 2514 1758 2557 Mai-cij.
1790 2514 1997 2548 Pontificatus

156 2578 255 2608 nostri
287 2586 372 2608 anno
402 2574 541 2607 derinio.
575 2575 690 2608 l)atnni
722 2588 780 2621 prr
808 2579 935 2621 copiam
974 2575 1032 2608 snb
1072 2576 1185 2614 sigillis
1225 2574 1461 2609 vent-ralubon·
1501 2575 1629 2608 l'ntrnin
1661 2575 1700 2608 de
1730 2574 1936 2608 Morimnndo
1965 2579 1998 2608 et
