2184 2828
1116 120 1187 153 602

233 239 341 282 spolij.
375 238 427 270 vel
458 236 629 280 cujuslibet
660 237 792 269 alterius
821 236 945 279 ilagitij.
968 235 1026 269 sibi
1048 240 1161 268 contra
1184 246 1330 280 pra-sens
1351 239 1503 269 statutum
1524 241 1668 270 nostrum
1690 236 1852 270 attrahant
1875 237 2068 281 aliqualiter.

232 299 285 331 xci
318 303 486 342 usurpent.
520 297 678 329 volumus
707 299 816 333 etiam,
848 301 880 329 ut
912 296 1088 329 Abbatissa
1119 295 1290 340 prwdicta.
1325 300 1355 328 et
1395 297 1465 339 ejus
1502 296 1670 330 Officiales
1709 300 1738 330 in
1774 297 1925 330 omuibus·
1961 296 2068 330 1101115.

232 363 261 390 et
295 357 566 402 possessionibus
596 359 663 389 suis
697 356 737 388 de
771 359 856 389 omui
892 368 991 389 causa
1028 355 1214 387 l'acultatem
1249 355 1393 388 babeant
1427 367 1523 388 manu
1558 357 1658 390 libera
1694 357 1876 399 judicandi:
1912 359 1992 401 ipsis
2027 367 2069 389 ex

234 415 363 451 Nasu-20
396 417 597 462 plenitudiue
634 419 747 454 eratia‘
776 416 1017 449 concedentes.
1055 420 1087 448 ut
1121 418 1146 448 51
1177 415 1250 459 quid
1282 426 1422 459 unquam
1461 415 1641 460 bomicidij.
1677 417 1728 449 vel
1769 417 1904 450 alterius
1938 415 2071 450 nefandi

231 480 376 511 criminis
406 480 435 510 in
469 477 659 509 lia-reditate
690 476 882 519 Monasterij
915 476 1057 521 111-111111·Ιί
1089 475 1255 508 subortum
1288 476 1396 513 suerit.
1426 476 1466 509 de
1501 476 1562 510 boc
1596 480 1701 523 primo
1735 488 1846 509 coram
1882 476 2070 510 Abbatissze

233 539 397 583 pra-lectis
428 542 455 569 et
486 537 666 571 judicibus.
699 549 757 582 per
786 542 917 570 actores
947 535 1170 568 tautummodo
1201 537 1324 579 justitia
1362 539 1557 580 requiratur.
1614 537 1677 577 Qui
1717 540 1744 569 51
1779 536 1818 569 ad
1857 540 2070 570 evictionem.

234 600 284 631 wi
315 598 516 630 decisionem
548 609 656 630 causta
686 598 908 640 negligentes.
941 597 990 629 vel
1023 596 1261 629 insul'licientes
1291 599 1490 632 exstiterint.
1520 608 1562 630 ex
1591 602 1668 630 tunc
1691 598 1763 630 talis
1784 608 1884 630 casus
1904 597 2070 630 discussio

233 658 424 691 Abbatissa·
454 658 494 689 al»
525 657 690 690 actoribus
721 657 898 690 deferatur.
923 662 952 689 ut
977 657 1039 689 line
1061 656 1169 689 debito
1191 656 1355 688 mediante
1372 658 1495 699 justitia
1516 657 1695 690 decidatur.
1728 657 1821 697 Quod
1843 659 1869 689 si
1891 656 2070 690 Abbatissa

232 719 270 751 ad
303 718 363 750 buc
393 718 674 751 determinandum
711 721 807 750 etiam
839 720 1024 761 inexperta.
1055 716 1158 749 tarda.
1189 716 1241 749 vel
1273 716 1444 750 malitiosa.
1478 716 1579 761 (quod
1608 717 1707 759 absit)
1747 719 1910 750 extiterit.
1948 721 1978 749 et
2013 727 2072 762 per

232 781 451 811 testimonium
490 778 553 811 lide
583 779 714 821 (lienum
747 777 916 822 probatum
947 777 1008 809 boc
1038 777 1144 811 l'uerit.
1177 776 1272 819 liujus
1302 777 1363 809 litis
1392 780 1599 810 contestatio.
1631 782 1661 810 et
1691 789 1800 810 causae
1830 778 2070 810 determinatio.

234 839 273 871 ad
304 849 446 871 examen
478 843 600 871 tautum
633 843 763 870 nosti-w.
795 842 823 869 et
856 837 1098 869 Succos-sorani
1129 836 1337 870 Nostrorum.
1368 838 1421 870 vel
1452 837 1749 883 Archi-Episcopi
1785 840 1838 882 qui
1868 842 1929 879 est,
1959 841 1991 870 et
2019 840 2073 881 qui

233 910 292 944 pro
323 903 470 943 tempore
500 898 609 931 suerit.
641 900 824 943 prasentia*
855 897 1040 942 pertinebit.
1073 897 1167 936 Quod
1196 898 1352 930 videlicet
1380 902 1432 930 aut
1462 909 1571 931 coram
1592 897 1705 934 Nobis.
1737 903 1790 931 aut
1811 908 1922 930 coram
1946 897 2073 930 Archi-

235 959 401 1004 Episcopo
430 959 635 1003 respondere
665 959 779 991 velint.
810 961 976 1002 optionem
1008 957 1195 990 Abbatissa‘
1226 958 1389 991 duximus.
1420 962 1451 991 et
1471 958 1602 992 arbitrio
1622 959 1863 1003 reliquendum.
1895 958 1940 991 lta
1963 962 2072 991 tamen

228 1019 314 1063 quod
344 1020 551 1064 quidcunque
591 1030 703 1062 coram
734 1018 847 1052 Nobis.
879 1018 931 1051 vel
962 1018 1286 1063 Archi-lipiscopm
1318 1019 1370 1052 vel
1399 1018 1515 1051 Judice
1543 1029 1602 1064 per
1638 1018 1725 1059 Nos,
1761 1023 1816 1051 aut
1851 1029 1910 1064 per
1944 1017 2074 1051 Archi-

230 1080 429 1124 Episcopum
467 1091 568 1124 super
602 1078 663 1112 boc
698 1079 888 1123 specialiter
922 1078 1076 1122 delegato
1112 1078 1348 1111 satisfactionis
1386 1079 1507 1111 exinde
1544 1078 1754 1124 profluxerit.
1791 1083 1889 1112 totum
1928 1081 1959 1111 111
1994 1089 2074 1111 115115

230 1139 427 1173 Abbatissw.
459 1145 488 1172 et
519 1138 708 1172 Monialium
739 1144 965 1172 convertatur.
998 1139 1111 1172 Eidem
1142 1143 1237 1172 etiam
1267 1138 1465 1181 Abbatissae,
1504 1144 1535 1172 et
1562 1139 1759 1172 Monialibus
1789 1150 1833 1172 ex
1871 1138 2072 1172 abundantia

230 1203 334 1233 nostri
365 1200 492 1232 l'axoris
522 1199 701 1232 liberaliter
729 1199 949 1243 indulgemus.
982 1204 1011 1232 ut
1046 1200 1196 1232 lioiuines
1234 1210 1346 1232 earum
1381 1210 1439 1244 per
1475 1199 1651 1232 Zudarios.
1690 1212 1728 1232 ac
1763 1200 1844 1232 alios
1879 1203 2072 1244 praemissos

230 1271 446 1305 quoscunque
478 1260 657 1293 Ol'ticiales.
689 1265 719 1292 et
738 1260 874 1293 ¹ludices
904 1265 1049 1293 nostros.
1080 1261 1118 1292 ad
1149 1260 1279 1305 aliquod
1295 1260 1452 1307 judicium
1474 1263 1647 1305 potestatis
1668 1265 1798 1293 nostrae.
1830 1264 1861 1293 et
1882 1260 2074 1305 specialiter

235 1321 319 1365 quod
349 1320 439 1353 Zuda
476 1321 661 1365 vulgariter
695 1321 895 1365 appellatur.
931 1331 1096 1364 nunquam
1134 1320 1216 1353 trabi
1250 1319 1412 1362 debeant,
1450 1325 1481 1353 et
1514 1323 1649 1365 possint.
1707 1319 1800 1360 Quod
1834 1323 1859 1353 si
1893 1320 1933 1353 ad
1967 1319 2073 1353 forum

235 1382 375 1424 alicujus
401 1381 527 1425 judit-ij.
559 1385 633 1414 sive
662 1382 843 1421 sii-cularis.
873 1384 946 1413 sive
976 1382 1166 1426 spiritualis.
1198 1385 1313 1413 contra
1344 1380 1472 1413 modum
1500 1384 1658 1425 praemissi
1690 1391 1869 1425 processus
1899 1380 1997 1422 ducti,
2019 1380 2072 1413 vel

235 1444 329 1474 tracti
360 1441 490 1474 suerint.
523 1442 576 1474 vel
607 1445 724 1474 coacti.
756 1441 831 1474 licet
859 1444 956 1474 etiam
985 1452 1086 1474 causa
1118 1445 1259 1474 maxima
1282 1441 1454 1477 mediante.
1484 1440 1523 1473 ab
1544 1440 1660 1473 eodem
1682 1444 1809 1485 penitus
1832 1444 1896 1473 sint
1916 1443 2073 1485 exempti.

230 1506 260 1533 et
291 1502 466 1534 adversam
498 1506 620 1546 partem
653 1505 732 1546 ipsis
762 1505 793 1534 in
823 1504 994 1547 expensis.
1032 1506 1063 1534 et
1102 1501 1230 1534 damnis
1266 1513 1365 1546 quas.
1395 1505 1427 1534 et
1463 1511 1533 1545 quae
1568 1501 1675 1534 taliter
1712 1504 1821 1534 vocati
1856 1501 2012 1543 fecerint,
2045 1505 2077 1534 et

232 1562 434 1606 pertulerint.
466 1573 524 1606 pro
554 1565 729 1607 prasentia
760 1562 1040 1595 condemnamus:
1071 1562 1222 1595 volentes
1251 1565 1359 1595 etiam.
1390 1566 1421 1594 et
1449 1560 1490 1594 de
1525 1561 1660 1606 speciali
1694 1564 1800 1605 gratia
1835 1561 2074 1601 concedentes,

232 1627 263 1654 ut
293 1622 443 1655 bomines
474 1622 598 1667 prael'ati
628 1622 821 1666 Monasterij
852 1633 910 1667 pro
939 1633 1136 1667 quacunque
1165 1633 1265 1655 causa
1294 1625 1326 1655 in
1355 1621 1565 1659 Civitatibus.
1602 1621 1748 1666 oppidis.
1784 1622 1891 1664 villis,
1930 1626 1962 1655 et
1999 1622 2072 1665 alijS

231 1683 313 1715 locis
342 1682 457 1719 Nobis.
488 1683 543 1715 vel
572 1683 645 1725 alijs
674 1682 925 1728 quibuscunque
955 1682 1113 1725 subjectis
1141 1685 1308 1727 occupari.
1339 1685 1488 1716 arestari.
1519 1682 1572 1715 vel
1594 1685 1807 1727 impignorari
1836 1693 1901 1715 non
1923 1681 2075 1723 debeant,

234 1754 295 1775 nec
325 1746 452 1788 possint
482 1743 676 1788 aliqualiter.
707 1754 766 1776 seu
795 1746 942 1787 gravari.
973 1746 1035 1776 11151
1059 1744 1184 1786 justitia
1223 1754 1323 1788 super
1352 1743 1406 1776 tali
1435 1753 1535 1776 causa
1564 1753 1675 1775 coram
1706 1742 1902 1783 Abbatissa,
1924 1742 1979 1775 vel
2001 1743 2076 1786 ejus

233 1802 439 1836 officialibus
468 1803 584 1836 ordine
612 1814 675 1847 (1110
705 1814 803 1848 5111113
835 1806 982 1848 primitus
1011 1806 1182 1848 requisita.
1213 1807 1245 1836 et
1272 1807 1437 1839 recusata.
1467 1803 1519 1835 vel
1550 1803 1712 1835 malitiose
1741 1807 1919 1847 pertracta,
1950 1802 1991 1835 de
2011 1813 2077 1847 quo

233 1867 388 1896 constare
417 1863 513 1896 debet
542 1874 717 1908 expresse.
747 1865 800 1897 vel
822 1867 883 1897 nisi
904 1864 988 1897 forte
1008 1864 1126 1909 aliquis
1148 1864 1187 1897 de
1208 1863 1394 1897 bominibus
1415 1866 1516 1908 ipsius
1537 1862 1730 1905 Monasterij
1753 1867 1783 1896 in
1805 1863 1912 1908 aliquo
1933 1863 2077 1905 scelere,

233 1927 307 1957 sive
337 1923 423 1957 furto
458 1924 545 1957 sacto
581 1923 679 1957 fuerit
715 1924 955 1969 deprehensus.
1012 1924 1061 1958 Eo
1098 1928 1183 1957 enini
1217 1935 1313 1965 casu.
1350 1927 1380 1957 in
1417 1924 1489 1957 loco
1522 1923 1630 1956 delicti
1666 1926 1854 1960 commissi.
1893 1923 1965 1956 talis
2000 1934 2078 1956 reus

229 1985 371 2027 judicari
401 1983 544 2027 debebit,
575 1984 689 2029 culpis.
721 1989 752 2017 et
780 1985 927 2018 emendis
955 1984 1118 2019 omnihus.
1149 1995 1230 2029 quas
1258 1984 1419 2026 inciderit.
1449 1982 1648 2024 Abbatissae.
1678 1988 1709 2016 et
1736 1983 1926 2017 Monialium
1953 1983 2078 2026 usibus,

239 2049 271 2077 ut
300 2048 523 2090 przemtttstur,
552 2045 759 2088 integraliter
787 2045 1003 2091 applicandis.
1027 2045 1227 2089 Adjicientis
1256 2055 1428 2090 expresse.
1459 2043 1543 2088 quod
1565 2044 1830 2083 Administratio„
1857 2048 1887 2077 et
1908 2043 2078 2089 dispositio

238 2104 423 2146 Bonorum,
454 2109 485 2137 et
513 2115 623 2138 rerum
653 2108 756 2150 ipsius
785 2105 991 2150 Monasterij,
1022 2108 1053 2138 in
1082 2110 1257 2151 potestate.
1288 2110 1321 2139 et
1348 2104 1497 2138 manibus
1516 2103 1718 2141 Abbatissae,
1740 2108 1771 2137 et
1790 2103 1981 2138 Monialium
2002 2114 2078 2137 esse

234 2165 367 2207 11011031,
397 2170 429 2198 et
458 2176 664 2210 nequaquam
695 2166 865 2199 vendicari
894 2177 954 2212 per
974 2165 1181 2199 Fundatores
1201 2166 1408 2209 Monasterij,
1437 2164 1489 2198 vel
1519 2169 1634 2198 contra
1663 2164 1798 2198 liberam
1819 2175 1932 2198 earum
1954 2164 2079 2198 volun-

239 2231 340 2259 tatem
376 2226 561 2270 aliqualiter
595 2229 762 2270 occupari.
820 2225 913 2267 Quod
949 2230 1047 2260 etiam
1082 2226 1337 2269 Monasterium7
1366 2230 1398 2259 et
1424 2224 1510 2258 bona
1541 2226 1613 2268 ejus
1642 2228 1763 2267 01111113,
1793 2230 1859 2259 tam
1888 2227 2077 2271 praesentia‚

236 2296 334 2330 quam
364 2286 472 2319 futura
503 2297 562 2331 per
590 2285 938 2332 Archi-Episcopum
961 2287 1178 2331 Pragcnsem,
1208 2291 1261 2321 0111
1281 2286 1513 2320 Monasterimu
1544 2289 1661 2330 ipsum.
1691 2289 1774 2319 sicut
1803 2290 1836 2319 et
1863 2286 1924 2319 alia
1946 2284 2080 2319 Ordinis

240 2347 353 2379 Sancti
383 2345 554 2379 Benedicti
584 2345 786 2379 Monasteria
817 2358 876 2392 per
896 2347 1074 2381 Dicecesini
1105 2358 1198 2381 suam
1229 2351 1288 2382 sita
1317 2349 1348 2380 in
1370 2344 1600 2391 Spiritualibus
1629 2345 1769 2379 subesse
1798 2346 2015 2391 dignoscitur,
2037 2344 2077 2378 ab

242 2408 383 2449 111-1111115,
414 2406 665 2450 gravaminibus
696 2407 923 2452 quorumlihet,
954 2410 1085 2453 protegi
1114 2408 1266 2442 volumus
1295 2406 1410 2441 affectu
1431 2410 1584 2451 paterno:
1614 2405 1659 2439 Ita
1686 2410 1795 2449 etiam,
1825 2406 1911 2452 quod
1939 2408 1966 2440 si
1994 2416 2079 2439 suc-

240 2476 399 2499 cessores
428 2467 542 2511 Reges
571 2466 750 2508 Botiemiae,
781 2468 834 2501 vel
871 2469 952 2501 alter
988 2471 1149 2513 quispiam
1184 2471 1370 2514 praemissas
1404 2465 1574 2499 libertates
1610 2469 1760 2500 minuere
1794 2469 1826 2500 in
1862 2468 1989 2512 aliquo,
2027 2465 2080 2500 vel

245 2525 427 2569 infringere
457 2532 643 2561 attentaret.
673 2539 731 2572 pro
761 2539 800 2560 eo
831 2533 983 2573 tauquam
1012 2539 1071 2573 pro
1100 2528 1285 2562 libertatum
1315 2527 1473 2570 Pragens.
1496 2526 1654 2559 Ecclesia·
1674 2531 1932 2561 conservatione
1952 2526 2080 2560 Archi-

244 2585 432 2631 Episcopus
462 2590 532 2631 ipse
561 2588 699 2621 viriliter
727 2593 815 2621 stare
845 2589 974 2631 debeat.
1005 2594 1038 2622 et
1066 2593 1267 2622 constanter.
1298 2587 1367 2621 Nec
1396 2591 1504 2619 tamen
1538 2586 1864 2634 Archi—Episcopus
1902 2591 1991 2633 ipse,
2026 2586 2080 2621 vel
