2184 2828
1015 84 1088 120 167

127 207 162 237 vt
190 202 397 249 Expressum
425 206 489 243 est,
518 204 607 235 omni
635 206 747 236 nostra
775 206 989 249 proteccione
1018 214 1057 236 ac
1084 202 1182 248 plena
1210 201 1378 247 gaudeant
1406 201 1567 236 libertate.
1619 202 1780 237 Volumus
1808 206 1919 250 itaque
1947 208 1981 238 et

126 268 262 298 nostros
290 272 508 296 successores
537 261 722 306 obligamus
750 262 906 297 videlicet
932 263 1081 297 Judicem
1110 267 1141 296 et
1169 261 1305 296 Juratos
1344 267 1376 296 et
1405 261 1678 297 Communitatem
1708 262 1834 298 Ciuium
1864 269 1979 298 nostre

128 322 274 358 Ciuitatis
303 327 466 369 quatenus
494 325 587 368 ipsos
615 327 648 356 et
675 321 914 357 Monasterium
942 327 1088 370 ipsorum
1116 327 1232 357 contra
1262 322 1448 357 huiusmodi
1468 328 1615 358 nostram
1634 323 1881 368 indulgenciam
1911 336 1978 359 non

126 383 300 418 molestent
334 386 516 429 inquietent
553 382 736 427 aliqualiter
769 384 823 417 uel
857 383 1062 430 perturbent,
1096 394 1159 417 nec
1192 383 1365 417 molestari
1399 388 1453 417 aut
1488 387 1661 429 inquietari
1698 395 1759 418 sev
1794 385 1978 431 perturbari

125 455 185 490 per
212 447 398 490 quempiam
426 446 626 489 permittant.
656 442 781 478 Harum
809 447 897 478 serie
917 449 949 478 et
969 444 1175 479 Testimonio
1195 443 1364 478 literarum
1384 443 1501 490 quibus
1521 445 1673 489 Sigillum
1694 450 1807 479 nostre
1829 444 1979 479 Ciuitatis

126 507 232 538 maius
260 503 415 538 duximus
443 503 709 550 appendendum.
740 504 860 538 Datum
879 504 1031 551 Znoyme
1048 505 1149 539 Anno
1178 503 1300 538 domini
1321 504 1496 539 Millesimo
1517 505 1770 540 Trecentesimo
1791 505 1978 540 Tricesimo

124 564 232 599 Nono.
261 564 299 598 In
327 564 490 598 dominica
519 563 751 598 Misericordia
781 564 901 598 domini
931 577 994 611 qua
1022 569 1183 599 cantatur.

434 643 502 676 (Das
526 643 646 677 Original
670 643 717 669 aus
737 643 895 677 Pergament
920 646 963 670 mit
988 645 1071 670 einem
1095 644 1289 678 beschadigten
1320 644 1423 678 Signia
1453 644 1572 670 welches
1598 647 1675 671 einen
1695 645 1877 679 geschachten
1897 645 1980 671 Adler

536 695 686 727 vorstellet,
711 696 744 721 im
768 696 884 721 Archive
909 696 1052 722 desselben
1075 695 1209 729 Klosters,
1235 697 1268 722 im
1292 705 1326 722 m.
1351 700 1384 722 st.
1409 696 1622 723 Landesarcliive
1646 697 1692 723 Lit.
1718 697 1743 723 P.
1769 706 1795 723 n.
1823 697 1885 730 19.)

997 817 1103 852 231.

126 894 238 938 Kom'y
265 893 403 928 Johamz
431 905 495 928 con
524 893 676 927 Bo'lcmen
706 892 851 937 befrez'et
885 894 938 928 dle
971 894 1108 940 Bur-yet·
1141 906 1204 928 con
1242 894 1402 928 Bmlzceis
1439 896 1505 938 auf
1533 896 1619 928 zzz-ei
1649 894 1760 928 „lala-e
1795 906 1858 928 ron
1887 895 1979 928 allen

124 953 292 999 Abyaben
321 955 387 987 mn!
413 953 551 998 befielell
579 954 650 987 dem
680 953 904 998 Marltyrasen
934 955 1026 988 Isarl
1052 955 1117 988 und
1143 955 1205 989 den
1234 955 1265 988 h.
1287 955 1452 989 Beamlen
1483 957 1514 988 in
1536 955 1700 998 Bo'lemen,
1730 957 1780 989 sie
1809 956 1909 989 daria
1937 967 1978 989 zu

123 1015 297 1049 schith-en.
352 1014 413 1048 Dt.
443 1016 475 1048 in
504 1013 749 1048 A'urembereh.
776 1016 843 1058 fer.
873 1015 934 1049 Jt’.
965 1019 1045 1049 ante
1073 1015 1103 1049 b.
1134 1015 1163 1049 b.
1200 1015 1354 1060 Philippi
1380 1019 1414 1049 et
1441 1015 1570 1049 ‚Iac-obi
1598 1015 1680 1057 (28.
1710 1016 1833 1061 April)
1866 1015 1977 1050 1339.

273 1089 480 1153 «Iohannes,
511 1109 563 1143 dei
592 1113 705 1154 gracia
735 1110 873 1144 Boemie
901 1122 974 1154 rex,
1004 1110 1311 1155 Luxemburgensis
1340 1122 1465 1153 comes,
1501 1115 1613 1145 notum
1642 1111 1782 1145 facimus
1812 1114 1979 1145 universis

124 1175 301 1217 presentes
329 1171 454 1205 litteras
482 1173 695 1216 inspecturis.
732 1171 816 1217 quod
855 1182 915 1205 nos
950 1171 989 1204 ad
1023 1171 1266 1205 melioracionis
1301 1172 1472 1218 profectus
1508 1172 1703 1206 dilectorum
1731 1172 1826 1206 nobis
1855 1175 1978 1206 civium

125 1231 443 1277 Budywoicensium
472 1236 503 1265 et
541 1234 686 1265 civitatis
722 1231 873 1276 ejusdem
910 1232 1062 1266 volentes
1097 1232 1268 1266 intendere
1302 1244 1363 1278 per
1399 1232 1563 1275 effectum⁷
1599 1236 1692 1279 ipsis‚
1729 1236 1783 1278 qui
1818 1233 1858 1266 ad
1897 1232 1979 1266 duos

125 1304 231 1327 annos
266 1292 393 1326 futuros
428 1292 587 1338 quasdam
622 1296 783 1339 pecunias
812 1296 910 1326 certis
948 1296 1112 1339 personis,
1147 1292 1264 1339 quibus
1299 1293 1370 1327 illas
1410 1293 1653 1340 deputavimus„
1689 1294 1769 1328 dare
1807 1293 1914 1327 adhue
1949 1297 1981 1327 et

126 1353 259 1387 solvere
288 1358 363 1387 sunt
391 1356 527 1395 astrictie
558 1358 731 1399 postquam
761 1354 837 1387 dicti
867 1354 929 1387 (luo
959 1357 1035 1387 anni
1064 1357 1320 1400 exspiraverint.
1350 1354 1485 1388 ulterius
1513 1366 1574 1400 per
1601 1354 1769 1388 biennium
1789 1357 1980 1388 continuum

125 1413 165 1448 ab
194 1412 344 1448 omnibus
373 1413 617 1455 exactionibus,
658 1413 962 1456 c011trilniti0nibus‚
1002 1414 1237 1448 solucionibus.
1277 1414 1431 1448 subsidiis
1467 1420 1499 1449 et
1535 1418 1681 1460 angariis
1716 1414 1978 1461 quibuscunque,

125 1485 164 1508 ac
193 1475 382 1520 specialiter
411 1486 428 1508 a
457 1473 561 1508 berna
595 1477 689 1519 regia
724 1475 886 1519 gener-ain
918 1477 943 1508 si
982 1486 1054 1508 eam
1090 1475 1197 1509 medio
1233 1480 1380 1521 tempore
1415 1479 1539 1522 imponi
1575 1479 1761 1521 contigerit,
1800 1475 1915 1509 damus
1949 1479 1980 1508 et

126 1535 341 1569 concedimus
369 1534 566 1578 libertatenn
596 1534 748 1569 volentes
777 1539 810 1569 ut
843 1535 994 1569 libertate
1032 1535 1196 1581 pendente
1231 1535 1418 1580 hujusmodi
1455 1536 1532 1570 dicti
1567 1540 1661 1570 cives
1696 1548 1820 1579 muros3
1859 1541 1978 1570 turres.

125 1595 250 1630 fossata
278 1607 318 1630 ac
347 1596 408 1630 alia
437 1598 638 1630 munimenta
667 1599 769 1641 ipsius
799 1599 940 1629 civitatis
970 1596 1148 1630 emendare
1177 1596 1319 1630 debeant
1348 1597 1534 1631 notabiliter
1561 1602 1593 1631 et
1613 1597 1754 1631 firmare.
1783 1596 1980 1631 Mandamus

125 1659 225 1701 igitur
253 1656 370 1690 illustri
397 1656 521 1690 Karolo
550 1660 771 1702 primogenito
800 1662 913 1690 nostro
942 1656 1130 1699 karissimQ
1160 1657 1343 1691 marchioni
1372 1657 1535 1701 Moravie7
1565 1670 1627 1692 nce
1656 1669 1723 1692 non
1751 1661 1918 1692 universis
1948 1662 1980 1691 et

125 1717 263 1762 singulis
293 1716 446 1751 officiatis
475 1720 597 1751 nostris
627 1728 686 1763 per
714 1717 884 1751 Boeniiam
904 1716 1114 1763 presentibus
1135 1722 1165 1751 et
1185 1717 1313 1762 futuris,
1335 1723 1500 1763 quatenus
1520 1718 1624 1753 dictos
1644 1722 1738 1753 cives
1760 1724 1792 1752 et
1812 1721 1979 1752 civitatem

124 1777 404 1812 Budwoicensem
439 1789 505 1812 non
541 1777 683 1812 debeant
717 1783 833 1812 contra
872 1777 1059 1822 hujusmodi
1094 1782 1240 1812 nostram
1275 1778 1460 1813 libertatem
1493 1791 1553 1825 per
1587 1779 1709 1814 dictum
1744 1779 1912 1813 biennium
1947 1782 1979 1812 in

125 1838 233 1884 aliquo
261 1838 450 1882 molestare,
479 1838 595 1872 barum
623 1843 811 1872 nostrarum
841 1841 1029 1872 testimonio
1057 1838 1250 1873 litterarum.
1282 1839 1399 1873 Datum
1428 1843 1461 1874 in
1489 1829 1720 1874 Nuremberch
1753 1840 1835 1874 feria
1865 1844 1979 1885 quarta

125 1903 200 1933 ante
228 1898 348 1933 festum
376 1898 549 1933 beatorum
577 1899 715 1945 Philippi
744 1904 778 1933 et
805 1898 923 1933 Jacobi
952 1899 1177 1945 apostolorum
1205 1903 1370 1946 proxima,
1400 1912 1487 1934 anno
1523 1900 1644 1935 domini
1681 1900 1844 1934 MOCCUJ.
1876 1903 1981 1934 trice-

127 1969 211 1993 simo
239 1970 339 1994 nono.

434 2021 520 2053 (Nach
544 2022 619 2047 einer
643 2021 780 2047 Abschrift
804 2023 836 2048 im
862 2021 888 2047 k.
913 2022 1002 2047 nolim.
1028 2021 1146 2047 §luseum
1179 2030 1226 2047 aus
1250 2022 1308 2048 dem
1334 2022 1408 2056 Orig.
1435 2023 1482 2049 des
1506 2023 1664 2049 ssudwetser
1688 2023 1914 2055 Stadtarchives.)

999 2149 1106 2184 232.

126 2226 317 2270 Marlsqraf
335 2226 428 2260 Kar!
453 2239 517 2262 con
545 2227 690 2261 Malu-211
729 2227 913 2273 beslariqet
949 2228 1002 2261 die
1041 2228 1111 2261 dem
1148 2227 1290 2261 Kloster
1323 2229 1538 2274 Isoniqssaal
1564 2241 1635 2264 rom
1675 2229 1810 2275 Kom'qe
1837 2230 1979 2265 Jolaama

127 2299 190 2321 zur·
225 2287 540 2333 l‘l'iedereinlo‘sunq
568 2289 629 2322 der
657 2288 789 2333 Do'rser
815 2289 925 2323 Bam's
954 2288 1020 2321 und
1046 2288 1135 2322 Bela
1164 2288 1326 2322 ertheilte
1356 2289 1592 2335 Bezcilliyunq.
1643 2289 1702 2323 Dt.
1732 2291 1979 2326 Nurembercle.

504 2350 571 2393 ser.
611 2349 644 2383 V.
676 2353 757 2383 ante
781 2351 806 2393 f.
838 2349 990 2393 Philippi
1015 2352 1049 2382 et
1076 2348 1205 2383 Jacobs
1233 2349 1314 2387 (29.
1344 2350 1465 2395 April)
1498 2350 1607 2384 1339.

282 2423 372 2477 Ros
410 2441 547 2478 Carolus
580 2444 702 2478 domini
735 2448 825 2490 regis
860 2444 1004 2478 Boemiae
1041 2447 1291 2490 primogenituS‚
1327 2445 1474 2479 marchio
1509 2444 1669 2480 Moraviae
1705 2450 1792 2481 scire
1828 2448 1980 2482 volumus

129 2506 307 2538 universos
336 2506 545 2549 praesentium
574 2507 794 2551 inspectores,
825 2504 909 2551 quod
937 2507 1077 2550 gratiam
1106 2509 1139 2538 et
1166 2508 1418 2540 concessionem
1448 2517 1549 2552 super
1568 2506 1796 2554 redemptione
1818 2508 1978 2551 villarum,

128 2562 230 2598 Banis
265 2568 297 2598 et
333 2563 421 2598 Belae
450 2563 490 2598 ad
525 2564 664 2600 devotos
700 2571 857 2612 paternos
891 2570 923 2599 et
959 2569 1093 2600 nostros
1129 2565 1267 2600 dilectos
1302 2565 1454 2600 abbatem
1491 2571 1522 2600 et
1559 2572 1759 2602 conventum
1789 2572 1980 2603 monasterii
