2184 2828
1076 94 1150 124 ab&

553 235 654 268 Miles
684 234 785 268 militi
812 238 847 268 nt
876 235 1038 269 celeriter
1062 235 1311 279 proficiscatur
1339 234 1385 267 ad
1411 234 1679 278 expedicionem.

338 304 535 338 inminentis
565 306 704 350 penurie
733 304 901 338 violencia
930 309 963 338 et
992 304 1138 338 uiolente
1166 305 1305 349 penurie
1335 305 1497 337 instancia
1518 302 1699 349 persuadet
1717 302 1927 338 hortamento
1955 302 2045 336 mul-

183 366 282 411 tiplici
318 370 353 399 ut
388 365 428 398 ad
464 366 555 409 reqis
591 364 816 398 Boleemorum
852 365 945 410 larga
980 364 1217 409 stipendiorum
1256 363 1393 397 donaria
1423 363 1546 397 festino
1574 362 1829 409 proficiscamur
1863 366 1983 397 itinere
2010 367 2046 396 ut

181 428 344 470 egestatis
373 424 643 471 irrecuparabilis
674 425 847 459 uoluamur
875 424 1126 471 tempestatibus
1155 435 1219 470 que
1247 426 1415 458 minantur
1444 423 1654 468 naufragium
1683 423 1812 469 prouidi
1841 427 1942 457 naute
1961 425 2046 458 assit

180 490 213 519 et
250 486 326 519 ideo
364 486 451 520 nulla
488 490 666 531 Vtrumque
704 490 851 520 nostrum
888 488 1053 532 opprimat
1088 485 1225 519 desidia.
1256 484 1324 518 Sed
1359 487 1619 530 preconceptum
1665 494 1772 517 meum
1811 482 2044 528 ingrediamini

182 550 386 592 propositum
417 551 451 580 ut
480 545 613 579 labores
644 551 781 581 nostros
810 549 903 591 regia
933 544 1165 580 munificencia
1193 549 1442 591 recompenset.

1042 683 1168 717 Aliter.

333 754 495 800 ignorare
525 764 591 788 11011
621 753 819 788 arbitramur
849 758 996 787 uestram
1026 753 1274 799 prouidenciam
1303 753 1445 800 qualiter
1474 757 1612 798 uterque
1633 756 1779 786 nostrum
1800 755 1833 786 in
1853 751 2045 786 defectuum

176 817 300 861 pelago
330 818 518 849 concutitur
548 817 741 849 nostrorum
766 818 986 860 prouentuum
1016 825 1126 860 puppe
1154 824 1235 860 sepe
1263 814 1426 858 naufraga
1456 824 1521 859 que
1549 813 1715 859 quondam
1744 818 1873 860 portum
1895 823 2048 848 consue-

177 879 223 910 uit
251 878 483 923 prosperitatis
512 878 678 921 attingere
707 886 780 909 cum
810 874 1000 919 agitabatur
1028 874 1161 908 fortune
1188 874 1342 909 fluctibus
1371 877 1562 909 serenantis
1582 885 1699 908 verum
1729 875 1743 919 (
1849 873 1866 919 )
1894 872 2046 907 laborum

178 940 392 972 continuacio
422 942 455 971 et
482 936 719 982 obsequiorum
750 936 943 982 frequencia
973 938 1059 969 sicut
1087 936 1262 981 expulsam
1292 938 1427 981 inopine
1457 936 1601 981 vigilare
1630 946 1692 970 nos
1720 937 1878 984 conuenit
1905 939 1938 968 et
1966 936 2045 968 ani-

179 1009 250 1032 mos
280 1000 426 1032 strenuis
455 996 595 1031 induere
624 996 754 1030 actibus
784 1001 817 1030 ut
846 996 942 1030 uobis
971 996 1066 1030 simul
1094 995 1388 1042 proficiscentibus
1422 996 1462 1029 ad
1492 997 1601 1040 Regis
1629 996 1856 1031 Bohemorum
1893 1006 2045 1042 presen-

178 1062 264 1093 ciam
293 1062 311 1092 3
340 1061 419 1103 iugo
448 1061 636 1091 eximamur
665 1056 853 1091 defectuum
883 1056 944 1091 suh
973 1068 1038 1102 quo
1066 1068 1165 1091 omne
1193 1068 1256 1091 nos
1285 1060 1376 1102 cogit
1403 1059 1524 1103 quietis
1553 1057 1710 1091 sterilitas
1737 1067 1802 1102 que
1831 1059 1864 1090 in
1893 1055 2043 1103 pluribus

179 1119 387 1153 dulcedinem
416 1118 545 1152 fructus
575 1118 666 1152 tollit.

994 1230 1227 1275 Responsiua.

332 1301 413 1335 Cum
442 1300 483 1334 ad
513 1300 753 1334 dominacionis
783 1304 896 1333 uestre
926 1304 1045 1333 metam
1074 1311 1133 1333 cor
1162 1305 1311 1334 nostrum
1341 1303 1466 1345 scripta
1497 1304 1607 1334 uestra
1635 1299 1859 1346 perducerent
1886 1302 1993 1345 ipsum
2021 1310 2040 1333 a

178 1363 341 1397 consiliini
370 1364 455 1406 (sic)
484 1364 658 1406 nequimus
686 1361 864 1394 retlectere
894 1363 1063 1406 proposito
1093 1361 1246 1395 uolentes
1277 1364 1307 1394 in
1339 1365 1449 1395 uestra
1480 1360 1694 1395 desiderabili
1722 1363 1877 1394 cotnitiua
1906 1364 2039 1394 utram-

178 1434 241 1469 que
274 1422 440 1456 fortunam
477 1421 536 1456 sub
572 1420 678 1455 dubiis
713 1420 888 1455 euentibus
933 1423 1092 1466 experiri,
1136 1421 1194 1454 sed
1238 1433 1311 1455 cum
1342 1426 1477 1467 propter
1507 1421 1788 1455 indeterminatam
1818 1426 1851 1455 et
1880 1423 2039 1455 incertam

177 1486 434 1528 aggressionem
463 1485 592 1516 itineris
622 1485 724 1516 uestri
753 1485 882 1515 animus
911 1486 1026 1515 noster
1053 1482 1199 1523 fluctuet,
1229 1482 1359 1528 placeat
1379 1487 1491 1516 uestre
1520 1484 1811 1528 circumspectioni
1832 1480 2035 1515 ssuctuacio-

176 1555 251 1578 nem
291 1543 387 1577 huius
423 1543 540 1577 tollere
579 1554 638 1588 per
673 1547 799 1576 certum
830 1545 985 1576 nuncium
1021 1541 1118 1576 nobis
1149 1542 1299 1587 singulas
1333 1553 1376 1576 ex
1406 1547 1500 1588 parte
1530 1547 1640 1577 uestra
1669 1544 1942 1577 circumstancias
1970 1551 2039 1575 ex—

179 1615 384 1650 pressurum.

256 1717 382 1751 Aliter.
427 1717 667 1760 (Responsam
696 1716 812 1749 rm‘lettis
840 1718 885 1749 od
913 1716 1052 1749 militem
1080 1716 1132 1749 illi
1159 1715 1364 1750 scribentem
1393 1720 1428 1749 ut
1458 1716 1620 1750 celeriter
1643 1717 1887 1760 proficiscatur
1915 1716 1961 1749 ad

962 1776 1252 1820 erpediciouem)

332 1846 381 1881 Ob
418 1847 623 1880 releuainina
660 1848 811 1890 grauium
848 1845 1041 1879 defectuum
1072 1856 1154 1892 quos
1188 1846 1374 1880 sufferimus
1410 1846 1507 1879 facile
1545 1850 1775 1892 reputaremus
1808 1850 1842 1879 et
1869 1844 2034 1879 modicum

178 1913 211 1941 ut
240 1907 460 1953 promptitudo
489 1912 521 1941 et
551 1909 614 1940 mei
644 1917 831 1940 consensus
861 1906 1102 1940 beneuolencie
1140 1911 1252 1940 uestre
1287 1917 1325 1940 se
1360 1909 1531 1952 proposito
1574 1905 1806 1940 confederaret
1838 1910 1870 1939 et
1898 1906 1975 1939 licet
2002 1904 2034 1938 id

175 1972 275 2002 etiam
311 1969 407 2002 exilis
447 1979 556 2001 rerum
592 1966 732 2000 facultas
768 1967 981 2012 persuadeat.
1021 1968 1194 2001 dissuadet
1233 1971 1345 2000 tamen
1378 1967 1509 2000 elamm-
1541 1978 1688 2001 meorum
1721 1977 1919 2011 pauperum,
1949 1976 2035 2012 quos

180 2032 327 2075 torqueri
357 2031 457 2063 cariis
487 2030 659 2074 conspicio
689 2030 830 2062 miseriis
861 2039 905 2061 ex
934 2039 1131 2073 guerrarum
1163 2028 1294 2061 turbine
1325 2027 1472 2062 turbatos
1507 2027 1616 2061 ualide
1645 2032 1732 2061 terre
1768 2031 1887 2060 statum
1923 2026 2035 2073 impli-

175 2094 272 2123 cante
301 2095 331 2123 et
362 2093 410 2123 eis
439 2094 585 2123 mutante
614 2092 769 2134 grauiora
799 2089 971 2134 dispendia
1002 2088 1077 2122 dum
1106 2100 1179 2122 inea
1209 2089 1375 2135 corporali
1406 2091 1583 2135 presencia
1613 2090 1833 2133 priuarentur.

841 2219 1009 2261 (Locutio
1040 2219 1143 2252 ctllae
1171 2220 1379 2264 cujusdam.)

330 2271 411 2305 Nos.
445 2270 484 2305 Ο.
518 2276 582 2305 etc.

329 2331 448 2365 Notum
480 2331 618 2366 facimus
647 2337 712 2366 etc.
749 2332 834 2376 quod
865 2343 925 2366 uos
954 2332 1064 2366 uillam
1094 2343 1167 2365 cum
1197 2331 1323 2365 iuribus
1352 2342 1393 2365 ac
1422 2332 1610 2365 attinenciis
1639 2340 1702 2376 que
1731 2335 1883 2376 tempore
1914 2330 2031 2374 patris

175 2395 286 2426 nostri
313 2397 550 2438 spectauerunt
579 2393 618 2426 ad
648 2396 753 2438 ipsam
782 2393 906 2426 dilecto
936 2392 1032 2426 nobis
1061 2394 1140 2433 ciui,
1171 2404 1189 2426 a
1218 2392 1293 2426 data
1324 2395 1548 2438 presencium„
1577 2401 1639 2437 per
1665 2394 1762 2425 vnius
1782 2393 1863 2424 anni
1882 2392 2032 2436 spacium

176 2453 375 2498 completum
406 2453 600 2486 locauimus.
632 2464 690 2498 pro
721 2464 785 2486 vna
816 2464 926 2486 marca
958 2456 1100 2498 argenti„
1131 2453 1309 2487 tenendum
1344 2457 1377 2486 et
1412 2451 1645 2498 possidendum
1684 2451 1724 2485 ab
1760 2454 1833 2498 ipso
1861 2462 1922 2497 per
1950 2461 2032 2496 pre-

175 2513 235 2546 fati
264 2516 423 2558 temporis
453 2516 601 2558 spacium
631 2513 690 2547 sul)
719 2513 971 2549 condicionibus
1009 2513 1093 2548 infra
1123 2517 1255 2560 scriptis
1284 2514 1442 2548 uidelicet
1469 2512 1554 2559 quod
1583 2512 1669 2546 idern
1699 2516 1875 2559 pretaxate
1902 2522 2030 2546 summe

176 2577 319 2620 pecunia
351 2574 434 2618 (sic)
464 2574 517 2607 uel
548 2585 673 2608 summa
703 2577 786 2619 (sic)
816 2578 958 2620 pecunie
987 2575 1095 2609 soluat
1123 2577 1154 2609 in
1185 2577 1333 2609 terminis
1362 2574 1560 2609 subnotatis.
