2184 2828
1027 91 1100 126 779

133 207 438 255 supplicacionibus
468 206 694 242 fauorabiliter
721 213 908 243 annuentes
935 213 1041 243 ratum
1070 213 1103 243 et
1128 212 1259 254 gratum
1288 207 1448 244 habemus
1479 221 1518 244 ac
1538 212 1696 244 vniuersa
1721 213 1829 245 omnia
1859 216 1891 246 et
1919 214 1999 246 sin-

134 269 212 315 gula
242 279 305 315 que
333 271 366 302 in
394 270 468 314 ipso
496 268 672 314 priuilegio
701 271 924 312 continentur,
953 269 1102 316 predicto
1130 269 1337 304 Monasterio
1366 269 1406 303 de
1436 271 1573 317 speciali
1601 273 1717 316 gracia
1746 272 1993 308 confirmanius,

134 330 288 364 volentes
321 333 357 362 ut
389 327 626 363 Mouasterium
665 329 869 376 sepedictum
904 341 943 364 ea
978 333 1087 364 omnia
1122 334 1283 376 perpetuo
1318 330 1458 376 pacifice
1495 331 1665 377 possideat
1706 336 1737 365 et
1775 335 1897 377 quiete.
1954 332 1993 367 In

133 392 228 424 cuius
257 391 305 423 rei
333 392 576 431 testimonium,
606 395 781 436 presentes
817 390 1083 425 confirmacionis
1112 395 1225 425 nostre
1253 390 1378 424 litteras
1407 390 1489 434 fieri,
1520 396 1551 426 et
1581 392 1771 437 Sigillorum
1801 398 1992 427 nostrorum

134 452 313 484 munimine
342 452 497 484 iussimus
534 454 740 485 communiri.
783 450 903 485 Datum
933 451 1042 496 Prage
1070 462 1131 498 per
1158 462 1275 485 manus
1304 450 1454 495 Magistri
1491 451 1577 486 Petri
1609 452 1854 498 Prothonotarij
1885 457 1991 488 nostri

134 510 315 556 Pragensis
344 510 638 545 XVratizlauiensis
668 516 700 545 et
729 511 1022 557 wissegradensis
1050 511 1279 546 Ecclesiarum
1308 510 1479 546 Canonici.
1511 512 1610 547 Anno
1640 513 1773 557 domini,
1803 513 1994 557 Millesimo,

133 571 387 615 Ducentesimo,
416 570 646 617 Nonagesimo
675 575 788 606 tercio.
819 574 876 617 iiij.
905 572 991 607 Non.
1023 571 1190 607 Octobris.
1220 571 1404 607 Indictione
1434 573 1592 619 Septima.

447 659 533 694 (Nach
570 660 629 686 dein
661 659 737 694 Orig.
762 660 809 686 auf
836 661 915 695 Perg.
941 661 986 687 mit
1024 661 1110 687 eiuem
1145 658 1223 695 Sigill
1253 661 1286 686 im
1312 657 1429 687 Selauer
1452 660 1636 695 Abteiarchiv,
1668 662 1830 697 mitgetheilt
1855 670 1906 689 von
1933 663 1993 689 dem

554 712 679 746 dortigen
705 712 838 739 Archivar
861 713 888 740 P.
913 712 946 739 V.
973 712 1121 747 Bezdeka.)

1019 885 1121 920 151.

131 962 293 996 Melerere
321 961 550 1006 Erz-be'scleo‘fe
583 962 649 995 und
682 962 847 1006 Bis-chose
875 962 1042 996 erthez'len
1076 962 1168 996 allen
1187 966 1312 1008 J'enen,
1347 963 1475 997 welche
1503 964 1556 997 (lie
1585 963 1640 998 St.
1669 963 1923 998 Jalsobsliessrelae
1951 977 1994 998 zu

131 1023 232 1069 Iqlau
260 1035 304 1056 an
345 1023 408 1056 (len
443 1022 683 1056 ausdruck-[ioli
725 1022 936 1057 bestimmten
970 1024 1159 1068 Festtagsen
1191 1024 1381 1069 reume‘ctleiq
1420 1023 1588 1058 besuehen
1617 1025 1700 1058 oder
1728 1024 1907 1059 derselben
1937 1027 1994 1059 ein

212 1083 391 1118 Gesckenlt
418 1084 610 1120 zeteoemlen.
640 1085 739 1117 einen
766 1084 957 1129 4()lciyiyetz
985 1084 1128 1119 Ablass.
1157 1084 1218 1119 Dt.
1247 1085 1377 1128 Romce,
1406 1086 1495 1120 Non.
1530 1087 1552 1129 (
1555 1086 1608 1129 7.)
1639 1086 1765 1119 Martii
1794 1085 1905 1120 1295.

289 1158 486 1213 Universis
507 1178 627 1213 Christi
656 1178 806 1213 fidelibus
834 1184 1033 1225 praesentes
1068 1180 1180 1214 literas
1207 1183 1410 1227 inspecturis
1431 1181 1548 1215 Petrus
1578 1180 1802 1219 Arbonensis,
1828 1181 1996 1227 Rogerius

133 1240 280 1274 Sanctae
309 1238 508 1283 Severinae,
538 1244 570 1274 et
599 1239 765 1286 Philippus
801 1239 1050 1283 salernitanus,
1080 1240 1143 1274 Dei
1171 1244 1279 1286 gratia
1308 1241 1581 1288 Archiepiscopi,
1612 1241 1748 1276 Maurus
1776 1243 1995 1284 Ameliensis,

135 1300 330 1335 Guillelmus
351 1299 525 1343 Callensis,
554 1300 703 1334 Jacohus
733 1300 1006 1345 Beneventanus,
1028 1301 1218 1348 Stephanus
1247 1301 1439 1349 Opidensis,
1461 1302 1651 1349 Cyprianus
1681 1302 1860 1345 Bonensis,
1884 1302 1993 1337 Sabas

133 1361 333 1405 Milicensis,
370 1360 573 1395 Franciscus
608 1361 879 1405 Terracinensis,
916 1361 1326 1406 PetroniusLarinensis,
1361 1363 1529 1398 Rohertus
1565 1363 1763 1407 Calinensis,
1793 1363 1995 1398 Franciscus

134 1422 314 1465 Fanensis,
352 1421 509 1456 Andreas
542 1422 696 1456 Linensis
735 1426 765 1455 et
799 1422 969 1456 Romanus
1006 1422 1178 1458 Crotunsis
1208 1423 1325 1458 eadem
1353 1427 1467 1469 gracia
1496 1424 1656 1471 Episcopi
1686 1425 1833 1459 Salutem
1863 1427 1995 1471 sempi-

135 1486 263 1517 ternam
283 1487 315 1517 et
334 1482 539 1517 fructuosam
569 1485 600 1516 in
621 1482 762 1516 Domino
791 1482 983 1517 liaritatem.
1013 1483 1111 1518 Vitae
1138 1484 1318 1530 perhennis
1346 1485 1465 1530 gloria,
1486 1496 1550 1530 qua
1579 1488 1661 1520 mira
1689 1485 1877 1531 benignitas
1907 1496 1995 1519 con-

136 1543 251 1578 ditoris
279 1546 424 1578 omnium
452 1543 585 1577 beatam
615 1548 754 1577 coronat
783 1546 888 1577 aciem
918 1547 1040 1578 civium
1070 1556 1301 1591 supernorum,
1331 1557 1348 1579 a
1376 1546 1558 1593 redemptis
1593 1549 1699 1593 pretio
1727 1549 1899 1592 sanguinis
1929 1545 1995 1580 fusi

136 1604 178 1638 de
211 1607 358 1651 pretioso
387 1614 531 1651 corpore
560 1603 794 1650 Redemptoris
812 1631 818 1638 .
837 1632 844 1638 .
863 1604 984 1639 ,debet
1019 1616 1058 1639 ac
1092 1609 1146 1650 qui
1181 1606 1366 1652 (acquiri?)
1400 1609 1542 1651 virtute,
1578 1610 1664 1641 inter
1692 1618 1777 1653 quae
1806 1607 1881 1641 illud
1917 1618 1998 1641 esse

135 1664 349 1711 praegrande
378 1664 571 1708 dinoscitur,
601 1665 686 1711 quod
716 1664 837 1710 ubique
867 1668 1022 1700 maiestas
1051 1666 1212 1709 altissimi,
1243 1666 1303 1700 sed
1331 1670 1512 1714 praecipue
1540 1671 1573 1702 in
1603 1668 1800 1702 Sanctorum
1831 1667 1997 1702 Ecclesiis

137 1725 358 1769 collaudetur,
387 1728 687 1772 cupientes...ut
716 1725 870 1760 Ecclesia
901 1726 1015 1760 Sancti
1049 1725 1167 1760 Jacohi
1196 1729 1228 1760 in
1256 1726 1395 1772 Iglauia,
1426 1727 1660 1763 Oloniucensis
1689 1728 1878 1771 Dioecesis,
1909 1739 1997 1762 con-

135 1788 230 1832 gruis
259 1785 441 1821 honoribus
469 1791 502 1821 et
526 1788 599 1831 jugi
625 1785 746 1821 Christi
775 1786 917 1821 fidelium
946 1786 1213 1832 frequentatione
1240 1792 1433 1832 veneretur,
1455 1789 1609 1823 omnihus
1636 1800 1720 1823 vere
1748 1788 1997 1835 poenitentibus

137 1851 171 1881 et
203 1845 391 1891 confessis,
427 1850 480 1893 qui
510 1847 550 1881 ad
586 1846 708 1881 dictam
742 1847 929 1882 Ecclesiam
965 1850 997 1881 in
1031 1847 1126 1882 festis
1154 1847 1350 1895 subscriptis
1383 1849 1542 1884 videlicet
1569 1849 1772 1887 Nativitatis,
1802 1849 1999 1884 Resurrec-

138 1908 238 1942 tionis
265 1912 300 1942 et
326 1908 552 1943 Ascensionis
582 1908 714 1943 Domini
742 1912 844 1943 nostri
873 1908 956 1942 Jesu
985 1905 1117 1951 Christi,
1148 1913 1246 1955 atque
1274 1909 1506 1953 Pentecostes,
1535 1913 1568 1944 in
1597 1915 1737 1955 quatuor
1760 1909 1999 1944 festivitatibus

138 1966 308 2018 gloriosae
350 1968 500 2014 Virginis
546 1968 694 2012 Mariae,
734 1969 906 2003 beatorum
948 1968 1037 2002 Petri
1079 1972 1111 2002 et
1148 1968 1257 2013 Pauli,
1291 1969 1427 2014 Jacobi,
1464 1971 1669 2016 aliorumque
1709 1973 1853 2005 omnium
1895 1970 2001 2017 Apo-

141 2027 330 2071 stollorum‚
368 2028 540 2064 beatorum
584 2029 718 2064 Martini
755 2034 788 2064 et
829 2029 957 2064 Nicolai
998 2028 1212 2073 Pontificum,
1250 2033 1402 2076 proxima
1442 2031 1617 2066 Dominica
1657 2036 1730 2078 post
1768 2031 1886 2066 festum
1922 2030 1999 2065 Na-

140 2090 278 2122 tivitatis
312 2088 453 2124 Domine
496 2095 632 2128 nostre,
674 2094 708 2124 et
744 2093 776 2124 in
817 2092 1055 2124 anniversariis
1096 2089 1314 2125 dedicationis
1349 2094 1454 2138 ipsius
1500 2092 1695 2135 Ecclesiae,
1739 2104 1777 2125 ac
1823 2103 1883 2137 per
1921 2096 2000 2126 octo

140 2148 212 2182 dies
257 2148 342 2183 festa
371 2151 540 2196 praedicta
583 2151 770 2186 immediate
804 2155 1004 2197 sequentes,
1047 2161 1149 2186 causa
1183 2151 1371 2186 devotionis
1406 2156 1631 2195 accesserint,
1677 2157 1732 2186 aut
1771 2156 1824 2198 qui
1871 2153 2000 2198 praeli-

141 2209 237 2243 batae
272 2208 446 2245 Ecclesiae
474 2223 534 2258 pro
567 2224 627 2247 sua
657 2212 783 2246 sahi-ica
814 2213 869 2245 vel
900 2216 1085 2255 structura,
1116 2212 1351 2255 luminaribus,
1394 2217 1615 2251 ornamentis,
1652 2213 1706 2247 vet
1735 2225 1795 2259 pro
1824 2214 1896 2248 aliis
1926 2216 1996 2248 suis

140 2272 348 2304 necessariis
369 2281 484 2306 manus
513 2276 729 2318 porrexerint
748 2273 939 2315 adiutrices,
961 2276 1017 2305 aut
1044 2275 1075 2305 in
1097 2275 1257 2306 extremis
1285 2273 1477 2308 laborantes
1497 2277 1670 2319 quicquam
1700 2285 1834 2307 suarum
1855 2274 2000 2319 legarint

141 2329 352 2372 facultatum,
384 2329 453 2365 Nos
481 2331 521 2366 de
557 2332 803 2380 Omnipotentis
837 2332 899 2366 Dei
926 2332 1158 2375 misericordia
1194 2338 1228 2366 et
1255 2332 1427 2367 beatorum
1457 2334 1545 2368 Petri
1579 2338 1609 2367 et
1639 2333 1728 2367 Pauli
1758 2334 1997 2379 Apostolorum

140 2391 215 2436 ejus
242 2393 439 2424 auctoritate
468 2392 604 2436 confisi,
633 2394 755 2439 singuli
791 2393 940 2437 singulas
977 2391 1103 2426 dierum
1136 2392 1370 2438 quadragenas
1405 2393 1446 2428 de
1484 2396 1636 2428 iniunctis
1673 2393 1734 2428 sibi
1769 2397 1998 2440 poenitentiis,

143 2449 318 2485 dummodo
348 2462 537 2485 consensus
565 2451 765 2487 Dioecesaui
795 2453 833 2486 ad
864 2452 893 2485 id
923 2456 1116 2496 accesserit,
1147 2456 1178 2487 in
1198 2453 1340 2487 Domino
1361 2454 1400 2488 ad
1429 2454 1583 2488 devotam
1611 2458 1644 2487 ct
1672 2453 1845 2488 sollicitam
1867 2457 2001 2488 instan-

142 2513 220 2545 tiam
249 2510 467 2545 discretorum
497 2513 643 2546 virorum
672 2513 807 2548 Heni-ici
837 2513 1011 2557 Reymeri,
1041 2512 1176 2547 llenrici
1206 2514 1347 2549 Slaueri.
1378 2514 1575 2559 Roderigeri
1611 2514 1686 2547 dicti
1716 2512 1866 2557 Gilhach,
1898 2514 2000 2549 Oirici

144 2571 221 2604 dicti
251 2571 394 2605 Ferrarii
425 2576 456 2604 et
487 2570 673 2617 Marquardi
703 2573 882 2607 Maccilurii
914 2574 1083 2619 laycorum
1105 2574 1232 2608 Romae
1262 2577 1291 2607 in
1323 2578 1592 2620 peregrinatione
1621 2578 1833 2608 existentium
1864 2578 2001 2609 miseri-

142 2631 290 2665 corditer
318 2632 522 2666 relaxamus.
554 2631 588 2665 ln
619 2634 712 2677 cujus
741 2637 787 2668 rei
818 2637 1039 2668 testiinonium
1069 2645 1231 2680 praesens
1262 2637 1417 2680 scriptum
1448 2635 1637 2677 Sigillorum
1669 2640 1854 2669 nostrornm
1886 2638 2001 2669 muni-
