2184 2828
1050 118 1122 153 186

164 242 239 271 viua
274 248 359 271 voce
395 238 439 271 fui
474 237 657 270 luculenter
691 235 897 270 informatus.
955 235 1052 277 Quod
1089 235 1208 268 dictum
1250 238 1485 269 monasterium
1524 238 1629 270 sancti
1669 235 1787 269 Jacobi
1831 235 1871 269 ad
1907 235 2010 269 nullas

162 301 366 332 exacciones
394 297 662 332 contribuciones
690 296 742 330 uel
772 296 975 330 talliaciones
1004 295 1171 342 speciales
1205 299 1368 338 teneatur,
1414 295 1472 329 sed
1507 295 1547 329 ab
1575 298 1741 329 vniuersis
1770 295 2011 329 exaccionibus

166 364 197 392 et
225 358 528 392 contribueionibus
562 356 761 402 specialibus
796 360 838 391 sit
874 356 1011 390 liberum
1046 358 1178 402 penitus
1220 361 1252 390 et
1292 360 1494 402 exemptum,
1536 367 1599 390 nec
1633 366 1792 400 vmquam
1828 366 1902 389 cuin
1938 356 2012 400 alijs

164 422 372 453 monasteriis
401 418 526 452 dederit
557 417 608 451 uel
636 418 773 451 soluerit
802 417 926 462 aliquas
959 419 1163 450 exacciones
1201 416 1469 450 contribuciones
1502 421 1535 450 et
1570 416 1772 450 talliaeiones
1810 416 2011 460 singulares.

164 484 224 514 nisi
259 491 332 514 cuin
367 481 570 525 episcopatui
600 478 813 512 Olomucensi
843 478 895 511 vel
924 477 1020 511 bonis
1049 478 1195 510 ecclesie
1223 476 1453 511 Olomucensis
1480 477 1596 511 fuisset
1632 479 1771 522 inposita
1808 476 2013 510 contribucio

163 553 220 574 sen
251 543 384 574 taxacio
413 539 520 584 aliqua
549 539 716 583 generalis
745 543 776 572 et
807 538 868 571 lioc
896 548 939 571 ex
969 548 1010 571 eo
1039 540 1113 583 quia
1136 536 1296 583 prefatum
1318 541 1555 571 monasterium
1577 540 1681 571 saneti
1702 536 1820 570 Jacobi
1849 536 1890 570 de
1918 536 2014 570 bonis

163 602 307 634 ecclesie
335 605 366 634 et
396 611 510 633 mensa
545 599 666 633 domini
700 602 848 645 episcopi
878 598 1109 631 Olomucensis
1139 601 1188 631 est
1215 602 1360 632 creatum
1391 599 1582 644 specialiter
1610 603 1640 631 et
1670 597 1853 631 fundatum.
1892 596 2013 631 Datum

165 663 324 705 (tloinncij
355 672 442 694 anno
472 660 594 694 domini
623 660 794 693 millesimo
824 661 1059 694 trecentesimo
1088 660 1254 693 tricesimo
1282 669 1370 692 nono
1404 658 1493 692 VllI.
1524 658 1600 692 Idus
1629 658 1793 692 Octobris,

471 740 555 769 (Nacti
581 739 640 764 ‹lein
665 738 739 771 Orig.
765 738 814 763 ‹les
838 737 973 763 Olinntzer
996 737 1326 771 Domcapitel-Archives
1352 737 1565 766 alvffesrlirieben
1592 737 1652 763 Ant.
1679 736 1809 767 But-zeli.)

1038 830 1144 866 256.

167 913 315 956 Biselaof
336 912 472 945 doliana
503 923 563 943 rou
587 910 718 944 vlnmlz
747 909 912 944 erfrlc'iret.
942 910 1022 943 dass
1050 910 1104 942 [He
1126 909 1233 942 Giller
1260 910 1293 942 in
1315 909 1458 943 Zdem'lz
1487 909 1543 942 bei
1562 908 1764 942 Prae-hatitz
1790 908 1861 942 dem
1888 908 2016 953 nyse—

242 974 369 1007 hrmlei·
398 972 541 1016 Ix'ape'lel
566 971 728 1015 yelio'ren.
759 970 819 1004 Dt.
849 970 998 1004 Modrils
1030 970 1047 1002 Ι
1056 969 1089 1004 11
1121 969 1201 1003 Idus
1230 969 1430 1003 Novembris·
1461 969 1542 1011 (10.
1574 968 1786 1011 November)
1818 968 1929 1002 1339.

310 1049 399 1102 ‚xos-
428 1067 600 1100 Joliannes
636 1066 687 1100 dci
717 1070 747 1099 et
782 1066 970 1112 apostolica?
1000 1065 1089 1099 sedis
1124 1067 1230 1110 gratia
1265 1067 1442 1111 episcopus
1479 1065 1710 1098 Olomucensis
1743 1067 2018 1109 recognoscimus

165 1135 193 1163 et
225 1130 264 1162 ad
294 1132 538 1170 universorum„
569 1132 633 1160 tam
663 1130 872 1173 pra-sentium
901 1137 996 1172 quam
1028 1126 1211 1159 futurorum
1240 1125 1391 1159 volumus
1421 1128 1569 1159 notitiam
1607 1128 1798 1171 pervenire,
1828 1124 1914 1171 quod
1943 1127 2017 1171 quia

165 1202 224 1236 pei·
254 1188 447 1223 venerabile
476 1188 653 1234 capitulum
684 1199 745 1221 nec
774 1198 839 1221 non
874 1187 1049 1233 privilegia
1079 1185 1374 1231 NVissegradensis
1410 1186 1574 1228 ecclesiae‚
1605 1187 1700 1230 cujus
1729 1185 1855 1232 pridem
1884 1196 2018 1232 praepo—

166 1255 274 1285 situi-:e
304 1253 452 1283 reximus
482 1248 639 1290 officium„
670 1253 760 1282 certo
789 1251 911 1282 certius
940 1247 1117 1285 infui-inam
1147 1246 1234 1293 quod
1262 1246 1347 1281 bona
1378 1249 1408 1280 in
1437 1246 1582 1280 Sdenicz
1611 1258 1686 1280 cuni
1716 1249 1783 1281 suis
1812 1248 2018 1293 pertinentiis

166 1310 491 1358 prope,I'racliaticz
520 1312 592 1348 sita„
623 1320 693 1355 qua·
718 1310 787 1353 jain
825 1308 1023 1354 aliquamdiu
1061 1310 1234 1341 retroactis
1263 1307 1464 1353 temporibus
1494 1312 1658 1353 tamquam
1688 1309 1900 1353 proprietatis
1928 1306 2018 1340 titulo

167 1377 228 1405 tuin
266 1383 324 1417 per
360 1382 420 1405 nos
457 1382 554 1416 quani
591 1381 648 1416 pei·
682 1369 810 1404 fidelem
847 1373 995 1403 nostruin
1032 1369 1187 1402 dilectum
1225 1367 1397 1402 Nicolaum
1441 1367 1606 1402 Brunonis
1646 1368 1808 1402 exsolutis
1849 1372 1882 1401 et
1921 1369 2018 1401 emtis

167 1432 361 1478 quibusdam
397 1431 524 1475 juribus
560 1436 592 1464 et
627 1429 911 1476 possessionibus.
950 1441 1031 1474 quas
1067 1434 1100 1463 et
1133 1440 1203 1474 quae
1242 1428 1357 1463 Petrus
1391 1428 1496 1462 dictus
1534 1428 1648 1463 Murro
1684 1428 1828 1463 habebat
1863 1427 2019 1462 inbonis

166 1493 302 1527 eisdem.
333 1495 507 1529 tenuimus„
539 1496 567 1525 et
598 1503 669 1536 quw
699 1491 850 1525 dominus
872 1490 1114 1536 Przedyboyus
1140 1490 1180 1524 de
1200 1489 1302 1523 Lliota
1332 1489 1423 1523 miles
1452 1500 1494 1523 ex
1525 1492 1762 1523 commissione
1790 1493 1904 1523 nostra
1933 1499 2019 1523 nunc

167 1559 265 1587 tenet.
297 1564 369 1586 cuin
399 1552 460 1586 sibi
491 1553 610 1586 nullum
637 1554 690 1596 jus
722 1563 863 1598 unquam
893 1554 925 1585 in
955 1554 1033 1597 ipsis
1063 1550 1157 1585 bonis
1187 1555 1239 1584 ant
1260 1553 1403 1596 ipsorum
1426 1549 1585 1584 bonorum
1607 1553 1779 1584 structuris
1808 1555 1839 1584 et
1868 1549 2018 1584 a¹dificiis

167 1618 363 1660 eonpelierit
402 1618 453 1647 ant
490 1617 657 1660 coiipetah
695 1618 769 1646 sunt
803 1612 950 1656 ejusdem
988 1612 1143 1645 ecclesiae
1179 1610 1482 1655 wissegradensis.
1525 1610 1564 1644 ad
1608 1613 1779 1657 ipsamque
1814 1621 1948 1656 semper
1980 1609 2020 1644 ab

167 1679 300 1721 antiqno
340 1677 567 1721 pertinuerint.
604 1677 789 1720 pertineant
823 1678 855 1706 et
890 1676 920 1706 in
959 1677 1056 1706 antea
1099 1672 1242 1706 debeant
1284 1674 1462 1718 pertinere.
1505 1682 1566 1705 nos
1608 1672 1750 1717 capitulo
1793 1676 1824 1705 et
1865 1671 2021 1705 ecclesia·

167 1737 374 1782 supradietis.
405 1746 543 1781 quornm
573 1746 616 1768 ex
646 1737 762 1768 merito
791 1733 994 1780 profectibus
1024 1733 1179 1767 insudare
1209 1744 1269 1767 nos
1298 1732 1406 1774 decet,
1437 1732 1522 1765 bona
1552 1732 1638 1765 dicta
1668 1743 1742 1765 cuin
1771 1731 1925 1766 omnibns
1954 1735 2022 1766 suis

169 1799 374 1842 pertinentiis
404 1807 441 1830 ac
467 1795 595 1839 juribus
625 1795 801 1837 reddimus,
832 1797 1035 1828 restituimus
1064 1798 1095 1828 et
1125 1799 1239 1828 tenore
1267 1795 1468 1840 presentium
1499 1792 1601 1826 libere
1637 1792 1785 1827 cedimus
1814 1792 1855 1826 de
1883 1792 2021 1834 eisdem,

168 1858 316 1891 :estitit-ia.
347 1861 531 1890 structuras
560 1867 599 1889 ac
628 1855 878 1890 informationes
909 1856 989 1889 alias
1019 1860 1051 1889 et
1081 1857 1240 1901 inpensas
1270 1856 1402 1888 nomine
1431 1858 1545 1887 nostro
1574 1853 1678 1887 factas
1716 1852 1834 1887 ibidem
1870 1855 1952 1899 ipsis
1980 1852 2022 1886 ob

169 1923 288 1952 nostrie
318 1929 356 1951 ac
387 1917 672 1964 pi·a=(leeessoi·uin
710 1920 895 1950 nostrin-uin
934 1918 1116 1949 animarum
1152 1915 1288 1949 salutem
1326 1914 1366 1948 (le
1404 1918 1495 1947 certa
1525 1917 1670 1947 sciencia
1707 1914 1934 1956 conserentes,
1964 1925 2024 1960 per

165 1981 232 2022 jain
263 1978 381 2012 dictum
410 1978 585 2023 capitulum
615 1981 645 2011 et
675 1976 854 2010 ecclesiam
876 1976 1194 2021 wissegradenseni
1216 1975 1378 2013 habenda,
1401 1975 1555 2008 tenenda.
1588 1974 1773 2009 utifruenda
1802 1978 1835 2008 et
1863 1979 2023 2020 perpetuo

170 2038 382 2085 possidendae
419 2041 655 2071 renunciantes
690 2037 900 2070 nibilominus
937 2039 1026 2071 omni
1056 2038 1135 2082 juri..
1177 2036 1262 2082 quod
1299 2039 1329 2070 in
1365 2035 1457 2069 bonis
1501 2035 1658 2081 predictis
1695 2034 1790 2069 nobis
1824 2045 2023 2081 quocunque

170 2101 259 2133 nuno
290 2101 459 2144 conpetiit.
489 2100 632 2144 conpetit
663 2102 717 2131 aut
745 2102 926 2143 conpetere
955 2102 1069 2144 posset
1097 2095 1342 2142 quommlolibet
1370 2099 1400 2130 in
1437 2095 1592 2129 futurum.
1650 2095 1685 2129 ln
1721 2097 1816 2140 cujus
1845 2098 1894 2130 rei
1922 2098 2022 2130 testi-

171 2164 312 2193 inonium
343 2163 524 2205 μνη-5011105
554 2159 665 2192 literas
695 2158 764 2192 fieri
794 2163 824 2191 et
853 2158 1033 2203 sigillorum
1064 2163 1249 2192 nostrorum
1280 2157 1417 2191 fecimus
1443 2159 1650 2202 appensione
1680 2158 1809 2190 inuniri.
1841 2155 1961 2190 Actum
1991 2160 2023 2190 et

171 2221 276 2254 dutum
307 2219 456 2253 Moilritz.
490 2218 561 2253 llll.
593 2218 668 2252 ldns
697 2218 896 2253 Novembris
926 2230 1012 2253 anno
1042 2218 1163 2253 domini
1193 2218 1364 2252 millesimo
1394 2219 1629 2250 trecentesimo
1659 2219 1827 2251 tricesimo
1856 2227 1956 2251 nono.

480 2296 570 2325 :Nacti
596 2306 670 2323 einer
694 2298 751 2323 ilem
767 2298 841 2331 (ti-ig.
867 2298 914 2324 iles
930 2298 1115 2330 Wysselirailer
1135 2297 1362 2332 Rapitelurrlnves
1387 2299 1602 2325 entnominenen,
1627 2296 1678 2320 nint
1703 2296 1735 2321 im
1761 2295 1786 2321 k.
1801 2295 2020 2322 boh1n.Museu¹n

583 2350 785 2376 aufbeualnten
812 2350 974 2381 Abs-chrisi)

329 2519 516 2572 Rundniss
547 2540 605 2572 (ter
627 2539 753 2573 ssru‘dei·
774 2539 933 2572 Athreclit
961 2539 1025 2572 und
1054 2538 1238 2573 Meinliard.
1261 2536 1384 2571 Grafen
1415 2548 1479 2570 von
1503 2536 1601 2571 Gm-z.
1633 2540 1686 2571 mit
1709 2536 1843 2581 Herzog
1863 2534 2019 2570 Albrecht

174 2610 238 2632 von
269 2599 493 2632 (testei-reich.
531 2600 608 2632 ‹lass-
644 2604 691 2633 sie
729 2600 790 2633 itini
831 2601 893 2633 und
931 2603 1046 2633 seinen
1086 2599 1234 2632 Vettern.
1270 2597 1332 2631 den
1365 2597 1540 2641 llerzogen
1571 2597 1740 2631 Friedrich
1770 2596 1831 2631 und
1862 2595 2020 2642 Leupold‚
