2184 2828
977 224 1050 259 22.

95 303 206 345 Ix'o'm'q
240 299 377 333 Jolmnn
410 308 475 332 con
508 296 661 331 Bo'lmeen
696 295 842 340 befieklt‚
879 296 958 328 dass
991 294 1052 328 das
1089 293 1237 327 Osselcer
1264 293 1406 327 Kloster
1433 305 1498 327 von
1525 294 1586 328 den
1621 294 1691 327 dem
1726 295 1837 328 Boreo
1866 306 1928 328 ron

94 359 307 404 Riesenbury
333 358 577 403 verpfc'z'ndeten
607 356 681 390 200
716 356 852 390 Scleoclt
886 356 989 400 Praq.
1028 354 1086 388 Gr.
1121 366 1185 388 nur
1218 353 1292 388 100
1328 355 1394 388 und
1425 355 1477 388 die
1512 355 1659 388 anderen
1694 355 1767 389 100
1794 355 1931 389 Schock

94 420 382 466 MarquafKarl
396 419 462 453 und
476 419 536 452 der
550 417 581 452 lt.
600 416 790 451 balamisclze
806 415 1227 450 Lamlesmzterlu'ztmmerer
1241 426 1283 448 zu
1301 415 1422 449 zakleu
1437 415 1557 450 haben.
1587 415 1645 450 Dt.
1663 417 1696 450 in
1710 415 1931 461 Lucemhury,

792 478 846 511 die
874 477 975 511 XIII.
1003 476 1090 510 Julii
1117 475 1227 510 1334.

248 548 440 602 «lohannes
469 566 521 600 dei
549 569 656 610 gratia
686 565 842 599 Boemiae
870 570 901 598 et
928 564 1082 598 Poloniae
1109 563 1196 607 Rex,
1227 574 1266 597 ac
1293 562 1592 608 Lucemburgensis
1619 562 1738 598 Comes
1766 567 1933 598 vniuersis

94 634 268 676 presentes
297 629 408 663 literas
437 629 634 674 inspecturis
663 629 702 660 sit
730 625 948 660 manifestum.
985 623 1079 666 Quod
1107 635 1181 658 cum
1209 635 1228 657 a
1256 635 1398 669 superna
1431 626 1552 670 pietate
1586 624 1679 659 nobis
1716 625 1832 659 collata
1861 626 1933 659 loca

95 690 328 725 Ecclesiastica
358 692 388 723 in
419 688 534 735 quibus
572 691 690 732 iugiter
723 687 828 720 cultus
866 687 992 720 diuinus
1020 689 1138 730 vigere
1167 684 1346 718 dinoscitur
1380 688 1543 718 continuis
1572 688 1741 730 cupiamus
1770 686 1934 732 proficere

95 753 319 791 incrementis,
349 750 523 783 Presertim
543 748 779 782 Monasterium
809 751 839 780 in
861 746 967 781 Ossek
995 751 1026 780 et
1053 745 1173 780 fratres
1202 745 1320 779 ibidem
1350 745 1522 791 degentes.
1544 745 1785 791 Cysterciensis
1810 747 1934 781 ordinis

96 815 160 845 iam
195 811 340 857 pluribus
381 820 575 856 oppressum
616 811 836 842 vexacionnm
872 807 1037 850 onerihuS,
1073 818 1090 840 a
1125 810 1192 840 suis
1233 806 1481 851 grauaminibus
1522 807 1674 840 releuare
1709 807 1934 854 disponentes,

97 872 331 916 obligationem
360 871 400 905 de
428 874 499 917 ipso
518 869 721 904 Monasterio
742 872 772 902 in
794 869 949 902 Ducentis
969 868 1158 913 Sexagenis
1181 866 1379 901 Grossorum
1400 867 1626 912 pragensium,
1655 867 1775 901 factam
1794 868 1936 903 Borsoni

99 933 139 967 de
158 931 361 979 Rysenburg
380 933 587 965 Auctoritate
615 932 815 976 presentium
846 940 1051 971 reuocamus,
1081 933 1111 962 et
1140 928 1180 962 ab
1200 931 1302 974 ipsius
1322 927 1523 962 absoluimus
1544 933 1575 962 et
1595 931 1768 963 eximimus
1788 930 1936 975 plenarie

99 997 272 1040 potestate,
302 992 347 1026 Ita
385 997 495 1026 tamen
529 991 695 1033 videlicet,
725 990 809 1036 quod
838 990 878 1024 de
907 990 999 1024 dictis
1026 989 1185 1023 Ducentis
1212 988 1413 1034 sexagenis,
1444 992 1546 1035 ipsum
1567 988 1803 1024 Monasterium
1832 990 1938 1024 soluet

99 1059 131 1088 et
158 1054 288 1088 soluere
317 1053 447 1095 debeat.
477 1053 563 1086 dicto
592 1052 730 1085 Borsoni
759 1056 888 1084 centum
918 1061 1106 1096 sexagenas
1140 1061 1332 1095 grossorum
1369 1049 1411 1083 Et
1438 1049 1575 1084 Illustris
1609 1050 1750 1085 Karolus
1785 1050 1936 1085 Marchio

99 1114 249 1149 Morauie
278 1114 520 1159 Primogenilus
548 1117 661 1147 noster
688 1123 750 1146 nec
779 1123 842 1146 non
864 1111 1135 1146 Subcamerarius
1156 1111 1266 1156 Regni
1287 1111 1455 1153 BoemiaQ
1486 1114 1539 1156 qui
1566 1123 1653 1145 nunc
1682 1117 1731 1146 est
1758 1112 1812 1146 vel
1840 1111 1938 1146 fuerit

98 1186 159 1222 pro
187 1179 334 1221 tempore
361 1174 513 1208 residuas
542 1173 679 1207 Centum
709 1172 907 1217 Sexagcnas
937 1172 1065 1206 soluere
1094 1176 1126 1206 et
1154 1172 1312 1218 expedire
1341 1171 1448 1206 eidem
1477 1172 1626 1206 similiter
1653 1177 1824 1207 teneantur
1850 1173 1937 1207 Pro-

100 1239 266 1271 mittentes
295 1238 399 1282 ipsum
428 1234 662 1269 Monasterium
693 1234 733 1267 de
761 1238 872 1267 cetero
900 1233 994 1266 nullis
1022 1232 1166 1267 collectis
1195 1232 1432 1267 exaccionibus
1469 1244 1527 1267 seu
1557 1233 1627 1267 aliis
1655 1236 1867 1276 inconsuetis,
1897 1233 1937 1267 de

101 1297 217 1344 quibus
245 1299 401 1342 generari
431 1295 616 1330 notabiliter
644 1299 779 1341 possent
807 1306 865 1340 per
892 1305 951 1328 nos
981 1293 1087 1336 alium,
1117 1294 1170 1328 uel
1198 1293 1279 1327 alios
1307 1293 1439 1327 turbare
1467 1294 1521 1327 uel
1548 1296 1580 1327 in
1615 1294 1722 1340 aliquo
1750 1294 1937 1338 molestare‚

101 1363 134 1392 et
161 1361 188 1392 si
217 1369 279 1404 qua
308 1360 369 1403 ipsi
396 1356 599 1391 Monasterio
627 1355 778 1390 fortassis
807 1357 961 1401 temporis
990 1354 1150 1388 curriculo
1173 1354 1317 1388 Collecta
1338 1357 1459 1400 imponi
1479 1355 1518 1388 ad
1539 1355 1732 1389 soluendum
1752 1358 1938 1400 contigerit,

101 1419 132 1453 id
161 1418 246 1464 quod
274 1421 304 1452 ei
332 1420 519 1464 impositum
548 1421 579 1451 et
606 1428 666 1463 per
693 1419 798 1462 ipsum
832 1416 969 1450 solutum
1004 1414 1110 1458 fuerit,
1147 1419 1435 1461 quocienscunque
1470 1415 1547 1449 illud
1581 1415 1757 1459 accideret,
1787 1416 1939 1450 volumus

102 1483 135 1513 ut
162 1482 194 1513 in
214 1490 373 1513 summam
393 1478 531 1512 Centum
559 1489 804 1523 sexagenarum
834 1488 891 1523 per
918 1476 1036 1511 fratres
1061 1476 1135 1510 dicti
1159 1475 1351 1510 Monasterii
1370 1481 1403 1510 ut
1422 1479 1615 1522 premittitur
1633 1476 1779 1522 predicto
1799 1476 1940 1511 Borsoni

103 1540 144 1574 de
172 1539 385 1586 Ryoenburg,
414 1550 547 1585 semper
573 1531 632 1585 pro
661 1543 730 1572 rata
766 1549 868 1584 usque
903 1537 943 1570 ad
977 1541 1227 1572 concurrentem
1265 1541 1474 1583 quantitatem
1513 1542 1544 1571 et
1571 1537 1835 1572 satisfaccionem
1865 1537 1940 1571 dic-

103 1605 208 1634 tarum
243 1599 380 1634 Centum
414 1610 659 1645 sexagenaruin
694 1601 901 1645 compensari
939 1597 1056 1632 debeat
1089 1603 1120 1632 et
1154 1598 1339 1632 omnimode
1375 1598 1533 1632 defalcari
1569 1601 1673 1644 ipsum
1706 1601 1939 1633 monasterium

103 1672 178 1696 cum
207 1663 371 1695 universis
399 1664 466 1695 suis
495 1660 590 1694 bonis
619 1664 650 1694 et
678 1659 862 1693 hominibus
891 1661 1107 1704 proteccionis
1127 1663 1240 1693 nostre
1259 1659 1402 1705 presidio
1422 1659 1461 1693 de
1482 1671 1569 1692 nunc
1589 1662 1621 1693 in
1641 1663 1737 1694 antea
1756 1662 1940 1704 graciosius

103 1726 330 1764 reseruantes,
367 1724 414 1755 sic
455 1721 541 1767 quod
576 1720 728 1754 ammodo
763 1723 869 1766 ipsum
903 1730 962 1765 per
996 1718 1237 1764 ohligaeionem
1273 1720 1327 1754 vel
1365 1720 1461 1753 alium
1497 1720 1627 1754 modum
1659 1731 1886 1766 quemcunque
1922 1731 1938 1753 a

105 1787 218 1816 nostra
247 1785 389 1816 tuicione
418 1786 450 1816 et
476 1786 639 1828 potestate
668 1792 843 1827 numquam
876 1780 1025 1814 volumus
1063 1784 1095 1813 et
1127 1781 1308 1826 policemur
1341 1781 1499 1824 alienare,
1532 1780 1727 1815 Mandantes
1756 1786 1788 1815 et
1815 1783 1940 1815 seriose

106 1845 329 1889 precipientes
362 1843 520 1889 predictis
553 1845 773 1888 primogenito
808 1846 840 1875 et
874 1840 1070 1874 Camerariis
1106 1844 1225 1876 nostris
1266 1846 1300 1875 ut
1334 1841 1519 1887 praedictas
1562 1841 1699 1876 Centum
1742 1841 1940 1886 sexagenas

105 1914 298 1948 grossorum
327 1903 451 1949 absque
480 1906 595 1949 quauis
615 1905 831 1937 recusacione
856 1907 886 1935 et
906 1901 1136 1947 impedimento
1155 1902 1301 1948 predicto
1321 1902 1459 1936 Borsoni
1480 1903 1519 1936 de
1540 1902 1760 1949 Rysenburch
1788 1902 1942 1948 expleant

106 1964 314 2009 integraliter
341 1968 372 1997 et
399 1964 599 2010 persoluant,
629 1963 664 1997 In
694 1966 786 1996 cuius
815 1965 861 1996 rei
891 1962 1126 1996 Testimonium
1154 1968 1327 2008 presentes
1356 1963 1426 1997 fieri
1455 1967 1485 1996 et
1505 1963 1620 2007 Sigillo
1648 1968 1759 1997 nostro
1789 1965 1941 1996 iussimus

107 2028 312 2069 communiri,
324 2024 480 2059 Datumin
487 2024 725 2067 Lueembureh,
735 2025 834 2058 Anno
845 2022 1022 2057 dominiMO
1031 2022 1317 2057 CCC‘JTrieesimo
1327 2024 1450 2065 Quarto
1459 2024 1510 2057 die
1520 2024 1715 2058 Tredecima
1724 2023 1846 2057 Mensis
1853 2023 1940 2057 Julii.

414 2095 498 2127 (Nm-h
523 2096 597 2121 einer
620 2096 652 2120 im
675 2095 701 2120 k.
727 2095 816 2120 bolim.
841 2094 955 2120 Museum
980 2101 1010 2118 zu
1034 2093 1101 2127 Prag
1124 2093 1311 2127 belindlichen,
1336 2103 1383 2120 aus
1407 2095 1464 2120 dem
1483 2094 1602 2120 Osseker
1619 2094 1781 2128 Diplomatar
1804 2094 1852 2119 des
1872 2093 1940 2119 MV.

520 2147 733 2173 Jahrhundertes
758 2147 774 2172 s.
802 2146 838 2173 23
865 2149 1065 2172 entnommenen
1096 2145 1252 2177 xisschrift.)

992 2257 1066 2293 23.

110 2329 226 2363 Peter.
264 2327 420 2362 Dec-lum!
462 2340 513 2361 am
562 2328 770 2372 H'ys‘elersule
813 2328 877 2360 med
919 2327 1220 2361 General-t'ilmr
1260 2328 1318 2361 des
1362 2328 1531 2361 Olnmlz-er
1573 2327 1751 2371 Be'selzofes
1791 2328 1940 2370 Johann„

112 2392 295 2435 bestoliyet
323 2391 382 2424 den
414 2391 588 2424 Zderaser
604 2390 990 2434 Kreuz-leerreupriesler
1011 2388 1173 2421 Heinrich
1203 2388 1254 2420 als
1278 2388 1420 2431 Pfurrer
1440 2400 1481 2421 (tu
1502 2388 1562 2420 der
1583 2388 1709 2422 lsireke
1729 2390 1761 2421 in
1777 2389 1938 2422 iliez-erte.

380 2451 439 2484 Dt.
470 2453 501 2484 iu
530 2451 692 2484 Modricz.
723 2451 819 2484 Xll'.
852 2450 995 2483 Kalend.
1025 2448 1234 2493 Septembris
1265 2449 1344 2489 (19.
1375 2449 1531 2493 August)
1564 2448 1672 2482 1334.

268 2519 356 2573 Ros
385 2537 498 2572 Petrus
528 2538 579 2571 dei
616 2542 647 2571 et
682 2538 861 2583 apostolice
895 2536 982 2569 sedis
1017 2536 1227 2581 prouidencia
1266 2536 1411 2569 decanus
1446 2536 1586 2569 ecclesie
1620 2535 1939 2582 Wyssegradensis,

112 2598 312 2633 venerabilis
342 2601 372 2631 in
402 2597 530 2632 Christo
560 2599 674 2641 Patris„
705 2610 743 2632 ac
772 2599 890 2631 domini
920 2597 1039 2630 domini
1074 2596 1236 2630 ,lobannis
1265 2596 1315 2630 dei
1345 2601 1375 2629 et
1404 2596 1549 2630 eiusdem
1579 2597 1666 2630 sedis
1695 2600 1806 2641 gracia
1845 2597 1942 2630 electi

1821 2655 1839 2685 3
