2184 2828
977 109 1049 144 637

967 253 1071 290 889.

88 336 162 371 Der
196 335 367 369 Olmutzer
400 333 551 377 Bisa-leof
576 333 714 367 ιΙοΙιαηη
746 332 887 367 scketzlft
917 333 989 366 dem
1017 331 1296 366 Nonnenltloster
1330 343 1371 365 zu
1401 332 1582 365 Pas-lomet*
1617 332 1681 365 den
1714 332 1844 374 Grund,
1881 333 1948 375 aus

89 397 246 432 icelekem
275 395 434 429 dasselbe
462 394 585 428 erlnmt
615 397 669 428 ist.
725 394 785 428 Di.
818 394 993 437 Olenium,
1023 394 1076 433 die
1105 393 1174 427 SS.
1204 392 1439 426 Iieteoceulimu
1471 392 1552 433 (28.
1583 392 1794 434 December)
1827 392 1938 426 1348.

242 471 289 525 ln
318 493 451 525 nomine
479 495 596 524 sancte
626 493 778 524 trinitatis
800 494 830 523 et
851 489 1018 523 indiuidue
1045 491 1180 522 vnitatis
1210 491 1312 534 patris
1342 492 1373 521 et
1404 488 1457 521 lilii
1479 493 1509 521 et
1531 491 1664 534 spiritus
1695 491 1801 522 sancti
1831 499 1938 521 amen.

86 551 154 586 Nos
183 551 354 585 Johannes
383 551 434 585 dei
464 556 496 584 et
526 552 708 596 apostolice
739 550 828 584 sedis
857 553 970 594 gracia
1001 552 1180 596 episcopus
1202 548 1448 584 Olomuceusis.
1481 548 1641 582 Omnibus
1671 552 1702 582 in
1733 553 1939 594 perpetuum.

85 611 294 646 Meminimus
316 623 378 645 nos
399 612 518 645 dudum
541 615 750 645 comunicato
771 612 912 644 consilio
933 611 1068 644 fratrum
1089 613 1275 643 nostrorum
1302 609 1555 643 karissimorum
1585 610 1791 643 dominorum
1812 608 1941 642 Nicolai

86 672 219 714 decani.v
248 672 473 706 Bartholomei
495 675 665 718 prepositi„
694 671 885 705 U'ithconis
907 671 1144 717 archidyaconi
1173 675 1205 704 et
1233 670 1367 715 capituli
1397 670 1542 703 ecclesie
1572 675 1686 703 nostre
1707 669 1941 703 Olomucensis

86 745 125 767 ac
155 733 403 767 deliberacione
423 738 455 766 et
475 738 615 767 tractatu
645 734 819 778 sollempni
849 732 1030 778 prehabitis
1059 735 1184 777 pariter
1212 734 1357 776 ipsorum
1388 730 1573 763 accedente
1594 733 1741 763 vnanimi
1770 741 1940 764 consensu

87 794 220 828 domino
248 797 444 839 inspirante.
474 794 654 827 ecclesiam
684 794 926 839 parrochialem
957 796 988 826 iu
1011 792 1164 837 Pustmyr
1192 797 1305 825 nostre
1334 792 1492 836 dyocesis
1522 791 1559 824 ad
1591 791 1720 824 laudem
1750 795 1781 824 et
1801 791 1941 835 gloriam

87 854 139 888 dei
167 858 199 888 in
229 857 464 888 monasterium
493 855 793 888 sanctimonialium
824 854 949 888 ordinis
970 856 1077 887 sancti
1098 852 1269 886 Benedicti
1300 857 1455 886 erexisse
1484 856 1516 885 et
1545 851 1744 886 sublimasse
1773 856 1806 885 et
1834 851 1942 885 eidem

87 918 196 949 omnia
225 918 294 948 iura
325 919 357 949 et
386 918 612 961 pertinencias
647 926 721 948 cuin
752 918 918 948 vutuersis
948 914 1125 956 fructibus,
1163 913 1430 947 obuenciouibus
1464 917 1496 946 et
1529 912 1762 946 emolumentis
1791 912 1941 946 eiusdem

88 976 235 1010 ecclesie
263 987 302 1009 ac
330 978 381 1009 ius
411 975 624 1021 presentandi
655 976 693 1009 ad
725 976 865 1009 eandem
897 976 1042 1009 donasse
1071 979 1166 1021 prout
1195 974 1256 1008 hec
1281 979 1313 1007 et
1335 975 1396 1007 alia
1427 977 1457 1007 in
1487 974 1590 1007 literis
1621 976 1795 1007 autenticis
1825 973 1942 1017 sigillis

87 1040 211 1071 nostris
240 1041 272 1070 et
300 1037 433 1082 capituli
462 1040 567 1070 nostri
598 1036 763 1070 roboratis
792 1037 867 1070 inde
897 1036 1060 1070 consectis
1089 1036 1217 1081 plenius
1246 1039 1445 1069 continetur.
1485 1034 1610 1068 Verum
1641 1037 1716 1080 quia
1746 1036 1778 1067 in
1809 1033 1942 1067 dubium

88 1101 173 1132 verti
202 1102 315 1144 posset
343 1101 559 1143 imposterum
590 1098 631 1131 de
660 1097 761 1131 fundo
790 1100 982 1131 monasterii
1012 1100 1043 1130 in
1073 1108 1136 1141 quo
1165 1100 1271 1142 ipsum
1302 1098 1538 1129 monasterium
1575 1100 1625 1128 est
1654 1099 1880 1128 constructum
1911 1099 1944 1128 et

87 1161 158 1192 eius
187 1163 293 1204 sepia,
322 1163 431 1192 vtruin
462 1158 582 1192 fundus
612 1161 682 1203 ipse
711 1161 741 1191 in
772 1157 867 1191 bonis
897 1157 1140 1203 episcopalibus
1168 1158 1223 1191 vel
1253 1160 1283 1190 in
1313 1157 1409 1190 bonis
1439 1156 1524 1189 dotis
1554 1156 1639 1189 dicte
1669 1156 1815 1189 ecclesie
1844 1155 1944 1188 fuerit

86 1222 295 1261 constitutus,
326 1219 365 1253 ad
394 1219 572 1253 tollendum
603 1230 701 1252 omne
731 1219 874 1255 dubium,
905 1219 1024 1252 dictum
1054 1218 1188 1252 fundum
1218 1222 1250 1251 in
1279 1229 1343 1263 quo
1372 1221 1478 1263 ipsum
1508 1219 1743 1250 monasterium
1774 1221 1826 1249 est
1855 1227 1943 1249 con-

86 1284 260 1323 structum,
296 1284 328 1314 et
360 1283 462 1326 ipsius
495 1285 588 1326 septa
625 1280 804 1315 donamus„
844 1279 1001 1313 tradimus
1040 1284 1071 1312 et
1106 1279 1212 1312 eidem
1256 1281 1460 1312 monasterio
1497 1278 1678 1311 liberaliter
1717 1280 1941 1321 assignamus.

86 1340 289 1386 precedente
323 1340 571 1375 deliberacione
604 1346 636 1374 et
671 1345 810 1374 tractatu
846 1341 1008 1386 solempni
1045 1340 1205 1373 dictorum
1241 1339 1378 1373 fratrum
1419 1343 1607 1372 nostrorum
1644 1338 1776 1372 domino
1812 1338 1942 1371 decano

88 1401 278 1447 supradicto
307 1413 393 1435 nunc
422 1405 454 1435 in
483 1404 619 1435 remotis
641 1406 763 1445 agente
784 1401 953 1434 dumtaxat
973 1405 1117 1446 excepto
1139 1411 1308 1434 consensu
1331 1403 1477 1434 vnanimi
1499 1399 1684 1433 accedente
1713 1410 1751 1432 ac
1772 1398 1941 1433 donatum.

86 1462 241 1496 traditum
270 1466 302 1496 et
331 1466 538 1507 assignatum
569 1462 846 1496 demonstramus.
878 1461 1091 1494 l’resenciuin
1120 1466 1309 1494 nostrarum
1339 1464 1528 1494 testimonio
1558 1460 1737 1493 literarum.
1770 1459 1812 1492 Vt
1832 1464 1942 1492 autem

86 1522 147 1556 hec
167 1525 277 1556 omnia
297 1522 397 1557 robur
424 1523 595 1557 obtineant
625 1528 784 1569 perpetue
813 1522 987 1555 firmitatis.
1018 1526 1205 1567 presentem
1235 1524 1391 1568 paginam
1421 1521 1497 1555 inde
1526 1521 1610 1556 fieri.
1641 1525 1671 1554 et
1693 1525 1880 1554 nostrorum
1903 1531 1941 1553 ac

89 1583 230 1629 predicti
259 1584 390 1630 capituli
419 1589 535 1617 nostre
565 1584 799 1617 Olomucensis
828 1583 972 1616 ecclesie
1001 1583 1183 1627 sigillorum
1213 1585 1465 1628 procurauimus
1499 1584 1679 1615 munimine
1709 1581 1871 1614 roborari.
1902 1580 1943 1614 Et

87 1654 150 1678 nos
170 1643 424 1678 Bartholomeus
444 1647 643 1691 prepositus.
666 1644 801 1677 Withco
824 1644 1089 1689 archidyaconus
1109 1647 1140 1676 et
1161 1643 1338 1688 capitulum
1360 1643 1506 1676 ecclesie
1527 1642 1771 1676 Oloinueensis.
1793 1642 1941 1675 ecclesie

87 1704 304 1750 parrochialis
339 1709 370 1739 in
401 1705 555 1752 Pustmyr
588 1705 780 1751 supradicte
816 1707 847 1737 in
882 1706 1116 1738 monasterium
1151 1704 1383 1746 translacioni,
1421 1706 1608 1743 ereccioni,
1643 1705 1880 1736 constitucioni
1911 1706 1942 1735 et

87 1764 318 1799 sublimacioni
347 1768 427 1800 iuris
456 1771 649 1812 patronatus
678 1766 890 1799 translacioni
912 1777 950 1798 ac
971 1765 1159 1806 dwactont,
1189 1764 1364 1798 tradicioni
1385 1769 1417 1798 et
1438 1763 1667 1809 assignacioni
1697 1763 1787 1796 fundi
1817 1774 1941 1808 supra-

88 1825 164 1860 dicti
192 1826 412 1872 omnibusqne
441 1831 472 1860 et
501 1827 642 1871 singulis
672 1827 742 1860 aliis
778 1829 947 1872 premissis
985 1836 1043 1870 per
1072 1825 1291 1858 reuerendum
1322 1829 1353 1859 in
1383 1825 1516 1859 Christo
1546 1829 1671 1871 patrem
1702 1835 1742 1857 ac
1771 1824 1937 1856 domiuum

88 1891 236 1920 nostrum
265 1887 443 1929 dominum,
472 1887 659 1921 Johannem
690 1890 881 1932 episcopum
911 1885 1182 1929 olomucensem,
1212 1886 1383 1929 ordinatis,
1414 1889 1556 1928 statutis⁷
1588 1891 1619 1919 et
1648 1886 1760 1923 saetis„
1791 1887 1866 1929 quia
1897 1894 1937 1916 ea

89 1950 196 1980 omnia
225 1952 350 1981 matura
380 1947 628 1981 deliberacione
657 1952 793 1993 pensata
823 1947 862 1980 ad
892 1951 1105 1990 augmentum
1134 1947 1240 1980 cultus
1270 1947 1370 1980 diuini
1400 1951 1432 1980 et
1451 1947 1491 1980 ad
1522 1946 1679 1980 honorem
1711 1957 1750 1978 ac
1779 1945 1937 1978 decorem

90 2010 203 2040 nostre
241 2007 476 2042 Olomucensis
515 2009 657 2042 ecclesie
696 2008 818 2041 cedere
854 2008 995 2041 vidimus
1030 2012 1063 2041 et
1100 2007 1270 2049 videmus,
1306 2012 1424 2053 sponte
1460 2010 1692 2041 consensimus
1727 2010 1757 2039 et
1790 2008 1938 2038 vnanimi

91 2066 261 2101 voluntate
292 2068 396 2103 libere
433 2072 690 2103 consencientes
724 2074 870 2102 nostrum
904 2071 952 2101 eis
982 2072 1014 2101 et
1043 2079 1157 2101 eorum
1187 2068 1321 2101 cuilibet
1349 2068 1538 2101 beniuolum
1573 2073 1604 2101 et
1640 2077 1857 2112 expressum„
1897 2066 1938 2099 de

90 2131 180 2160 certa
209 2133 319 2162 nostra
349 2133 508 2172 sciencia,
540 2129 748 2176 presentibus
777 2129 970 2163 adhibemus
991 2140 1206 2162 consensum.
1237 2128 1276 2162 Et
1305 2132 1335 2162 in
1367 2131 1589 2162 testimonium
1619 2126 1804 2160 huiusmodi
1834 2129 1936 2159 nostri

90 2198 276 2221 consensus
304 2193 336 2222 et
362 2190 473 2233 robur,
503 2202 543 2224 ac
571 2191 778 2224 euidenciam
807 2192 1044 2235 premissorum
1074 2192 1218 2222 omnium
1248 2189 1428 2234 pleniorem
1459 2190 1601 2231 sigillum
1630 2188 1762 2232 capituli
1792 2187 1938 2220 ecclesie

91 2252 204 2281 nostre
232 2249 399 2294 sepedicte
428 2251 661 2285 Olomuceusis
689 2263 755 2285 vna
784 2261 857 2284 cuin
889 2250 996 2293 sigillo
1018 2253 1119 2296 ipsius
1140 2250 1261 2283 domiui
1283 2253 1385 2284 nostri
1405 2250 1526 2284 domini
1549 2251 1696 2294 episcopi
1727 2247 1938 2293 presentibus

93 2308 246 2341 duximus
276 2310 538 2354 appendendum.
570 2313 689 2346 Actum
720 2316 751 2345 et
780 2311 888 2344 datum
919 2310 1079 2345 Olomucz
1100 2312 1200 2343 Anno
1229 2310 1351 2344 domini
1381 2311 1555 2344 millesimo
1585 2311 1820 2342 trecentesimo
1849 2319 1937 2354 qua-

91 2359 419 2413 dragesimooctauO,
448 2374 479 2405 in
508 2372 561 2406 die
589 2378 778 2406 sanctorum
810 2374 1055 2404 innocencium.

398 2449 481 2479 (Nach
506 2450 564 2476 dem
590 2452 663 2485 Orig.
688 2453 720 2477 im
747 2449 1056 2476 surstcrzhischollichcn
1083 2450 1198 2475 Archive
1224 2458 1252 2474 zu
1278 2449 1420 2476 Kremsier.
1447 2449 1658 2479 abgcschricbeu
1686 2449 1715 2474 Α.
1748 2449 1878 2481 Boczelx'.)
