2184 2828
1034 104 1107 138 8022.

147 228 181 257 et
208 233 329 267 gerere
359 222 446 255 velle
476 224 695 266 cognouinius
725 233 783 267 per
812 221 976 259 effectum,
1011 231 1142 255 ornnem
1180 220 1430 266 displicenciani
1467 227 1498 256 et
1533 223 1649 256 malam
1684 224 1902 266 voluntatem,
1932 235 2000 270 que

148 282 244 317 nobis
272 282 312 316 de
342 284 391 315 eis
420 286 451 315 et
489 281 528 315 ad
567 292 626 316 eos
666 287 800 328 propter
835 282 998 328 quandam
1036 285 1244 327 questionem
1273 281 1427 316 Ecclesie
1460 286 1567 317 sancti
1595 283 1758 318 Johannis
1785 284 1934 331 Baptiste
1962 288 1994 319 in

147 345 294 389 Antiqua
318 340 456 387 Iglawia
486 341 593 376 suerat
622 348 794 387 generata,
825 343 1026 385 dimittinius
1057 347 1090 376 et
1117 353 1175 376 eos
1200 344 1233 376 in
1258 343 1413 388 specialis
1438 343 1562 378 fauoris
1588 349 1622 378 et
1640 348 1864 391 proteccionis
1883 351 1999 381 nostre

148 406 349 449 recipientes
379 405 498 443 sinum,
527 406 759 449 promittimus.
790 403 875 449 qnod
905 406 995 449 ipsos
1026 414 1127 449 super
1154 403 1271 437 eaden]
1301 414 1366 437 non
1397 405 1614 450 impediemus
1642 405 1809 449 Ecclesia,
1840 407 1898 440 sed
1927 417 1996 440 vo-

147 465 265 507 lumust
289 468 324 497 vt
352 467 458 510 ipsam
488 475 529 497 eo
558 464 655 498 niodo
684 469 830 501 teneant„
860 469 892 497 et
920 464 1123 510 possideant,
1153 467 1237 498 sicut
1266 467 1444 510 antiquitus
1474 469 1661 508 tenuerunt,
1687 465 1729 500 Et
1751 469 1779 500 si
1803 467 1879 513 quid
1903 466 1997 501 Her-

147 535 270 559 manno
299 524 491 558 Presbitero
529 524 594 559 filio
623 524 767 559 Conradi
803 524 922 558 ibidem
963 525 1003 558 (le
1038 524 1176 569 lglawia
1213 536 1312 570 super
1346 524 1499 559 Ecclesia
1535 529 1605 572 ipsa
1639 529 1797 573 competit
1833 530 1995 568 accionis..

148 585 212 619 hoc
240 596 313 619 cuni
343 584 475 619 Ahbate
504 590 536 619 et
565 585 721 620 fratribus
750 588 831 632 ipsis
866 597 978 619 corani
1009 585 1182 619 judicibus
1212 596 1271 631 per
1300 596 1337 619 se
1376 589 1481 631 ipsun]
1517 598 1534 619 a
1564 587 1644 621 sede
1673 588 1856 634 apostolica
1884 591 1997 634 impe-

147 648 242 680 tratis
272 645 436 679 mediante
465 649 594 679 iusticia
624 651 855 692 prosequatur,
887 646 997 693 Super
1024 646 1177 680 Ecclesia
1206 657 1338 692 quoque
1367 649 1398 680 in
1428 646 1564 681 Brziscz
1593 659 1689 693 quani
1717 648 1855 695 predicti
1877 648 1995 683 Abbas

147 711 179 740 et
214 706 335 740 fratres
373 709 402 740 in
440 709 490 740 sui
527 709 605 740 iuris
639 707 856 753 prciudiciuni
891 718 952 753 per
988 718 1048 741 nos
1086 708 1241 741 collatum
1278 718 1355 741 esse
1390 707 1512 747 dieunt,
1550 707 1684 742 arbitrio
1722 714 1752 743 et
1788 709 1997 744 ordinacioni

148 766 395 801 honorabilibus
426 770 488 801 viri
517 767 666 811 Magistri
696 768 799 801 Vlrici
829 768 1004 802 Scolastici
1034 768 1226 813 l'ragensis‚
1257 767 1498 813 Prothonotarij
1529 773 1561 802 et
1588 768 1748 804 Oslicialis
1773 773 1877 804 nostri
1909 775 1999 805 stare

147 828 299 862 volumus
335 832 366 861 et
398 827 513 861 facere
542 831 773 874 promittimus,
804 829 950 874 quitquid
984 832 1056 875 ipse
1090 829 1211 862 dixerit
1246 833 1278 862 et
1310 829 1513 863 ordinauerit
1543 840 1643 876 super
1671 841 1724 873 eo,
1760 830 1796 865 In
1826 834 1919 865 cuius
1949 834 1998 865 rei

146 891 370 923 testiinonium
399 893 575 934 presentes
604 889 728 923 litteras
757 889 839 924 fieri.
871 894 903 923 et
931 890 1038 934 sigillo
1068 894 1181 924 nostro
1209 889 1349 924 fecimus
1382 893 1589 925 communiri.
1621 890 1738 925 Datum
1768 891 1876 937 Prage
1908 903 1996 926 anno

146 949 270 983 domini
298 949 475 983 Millesimo
505 949 761 983 Trecentesimo
791 950 882 984 XIII.
913 950 1005 984 ΧΨ).
1036 950 1205 984 Kalendas
1236 950 1454 997 Septembris.

457 1028 524 1060 (Das
550 1028 623 1059 Origz
650 1029 695 1054 aut·
718 1029 837 1060 Pri-gani.
869 1030 911 1054 init
943 1031 1028 1055 eim-m
1058 1030 1288 1056 wohlcrhaltenen
1313 1030 1407 1064 Sigille
1438 1031 1462 1056 in
1492 1031 1550 1056 deni
1576 1031 1692 1057 Archivc
1718 1031 1766 1057 der
1790 1031 1998 1058 Praeuionstrat.

565 1081 642 1106 Abu-i
668 1090 707 1106 ani
734 1082 874 1107 sii-atione
900 1090 929 1106 zu
955 1082 1031 1115 Prag.
1058 1084 1090 1108 Α.
1116 1083 1142 1108 8.
1168 1082 1276 1111 xxm.)

1028 1228 1044 1263 1
1055 1227 1129 1263 90.

303 1284 484 1338 Heinrich
515 1316 580 1338 von
609 1305 688 1351 Lipa
718 1305 860 1339 schenkt
888 1305 961 1339 deul
992 1305 1125 1339 Kloster
1151 1305 1349 1341 Marienthal
1378 1311 1464 1341 zwei
1494 1307 1589 1342 Mark
1618 1308 1737 1342 Zinses
1766 1311 1797 1342 in
1823 1308 1998 1343 Ekhards-

146 1364 232 1404 dors,
263 1364 393 1399 welche
421 1368 505 1399 einst
535 1365 709 1411 llayniann
745 1366 867 1400 Schulz
897 1366 1091 1411 (scultetus)
1128 1372 1277 1411 genannt
1311 1368 1352 1401 de
1387 1368 1596 1411 Steinruber‚
1633 1369 1764 1414 Burger
1800 1381 1839 1403 zu
1875 1369 1996 1408 Zittau,

147 1437 214 1459 von
244 1425 308 1459 ihm
339 1438 378 1460 zu
407 1426 520 1460 Lehen
550 1426 687 1471 gehaht.
718 1427 794 1460 Dto.
825 1430 856 1460 in
886 1427 1040 1468 Zittavia‚
1072 1430 1102 1460 in
1132 1432 1252 1462 octava
1281 1428 1511 1464 Innocentium
1541 1430 1592 1475 (4.
1623 1429 1769 1475 Ja'nner)
1800 1429 1909 1467 1315.

457 1506 649 1539 (Abgcdruclxt
674 1507 698 1531 in
724 1506 848 1532 Kohler‘s
873 1506 940 1532 Cod.
966 1506 1030 1540 dipl.
1056 1507 1144 1533 Lusat.
1177 1515 1268 1541 super.
1303 1509 1329 1534 S.
1366 1507 1434 1534 150.
1467 1517 1491 1534 n.
1524 1509 1552 1535 C.
1583 1509 1650 1535 nach
1681 1510 1755 1535 einer
1781 1509 1920 1536 Abschrist
1950 1510 2000 1536 des

561 1558 697 1587 Originats
722 1559 754 1583 ini
780 1558 888 1583 Kloster
911 1558 1076 1591 Mai-ienthal,
1101 1559 1145 1585 mit
1169 1560 1254 1586 einum
1281 1561 1398 1594 Siegel.)

1025 1704 1128 1740 191.

305 1762 410 1815 Smit
448 1792 515 1816 von
554 1781 689 1815 Ilradelz
728 1781 786 1825 (de
825 1782 987 1825 Castello)
1022 1782 1177 1828 bestatigt
1215 1784 1274 1819 das
1304 1784 1575 1820 Patronatsrecht
1609 1786 1691 1819 iiber
1724 1785 1776 1819 die
1805 1785 1929 1820 Kirche
1962 1788 1994 1820 in

148 1839 451 1876 Gross-Ranzern
483 1843 557 1876 deni
587 1842 736 1876 Geraser
763 1842 907 1877 Kloster.
938 1842 1013 1877 Dto.
1048 1843 1155 1878 1315.

458 1921 543 1954 (Nach
569 1922 627 1947 dein
654 1921 728 1955 Orig.
754 1922 800 1947 aus
821 1921 979 1955 Pergament
1003 1923 1047 1948 mit
1071 1923 1156 1948 einen:
1182 1923 1275 1957 Sigillc
1300 1924 1333 1949 ini
1358 1924 1474 1951 Gerascr
1499 1926 1711 1954 Anteiam-tuive.)

1033 2068 1134 2103 192.

486 2148 530 2182 K.
560 2148 698 2182 Jolemm
726 2148 927 2192 rerpsamlet
955 2147 1008 2180 die
1037 2146 1245 2190 Herrsclmft
1279 2147 1415 2182 Τείως-[ι
1443 2151 1475 2183 iu
1505 2151 1661 2184 Mtileren.

310 2204 399 2258 Ros
428 2225 611 2273 Johanncs7
641 2226 692 2259 dei
722 2229 826 2270 gratia
858 2225 1015 2259 Boeniiae
1044 2229 1107 2258 etc.
1139 2229 1249 2259 notum
1273 2224 1412 2261 facimus
1435 2232 1552 2262 tenore
1574 2231 1797 2274 praesentium
1819 2232 2002 2266 universis.

152 2284 240 2330 quod
269 2283 355 2318 fideli
385 2290 498 2320 nostro
526 2286 566 2321 N.
597 2287 751 2334 oppidum
782 2291 929 2321 nostrum
959 2285 1060 2319 Telcz
1084 2296 1157 2319 cum
1182 2286 1335 2321 omnihus
1361 2288 1461 2332 villis,
1489 2301 1570 2335 quas
1593 2288 1698 2322 fidelis
1723 2294 1840 2323 noster
1862 2290 2002 2325 dilectus

152 2344 183 2378 J.
213 2344 254 2378 de
283 2345 512 2391 Wartenberg
540 2359 614 2382 cuin
644 2351 717 2394 ipso
747 2347 867 2394 oppido
896 2349 1008 2389 tenuit,
1040 2348 1071 2380 in
1101 2346 1146 2380 M.
1176 2351 1209 2380 ct
1239 2346 1274 2382 G.
1305 2351 1427 2383 marcis
1457 2360 1651 2394 grossorum
1676 2349 1888 2385 denariorum
1915 2351 2004 2385 Pra-

153 2409 306 2451 gensiuni
336 2410 528 2451 paganienti
556 2407 731 2451 Moravici,
761 2408 892 2442 LXIIII.
924 2418 1035 2449 gross.
1066 2408 1288 2453 computando
1317 2420 1377 2455 pro
1406 2421 1517 2444 marca
1548 2409 1703 2455 qualibet3
1734 2410 1888 2445 duximus
1913 2411 2003 2445 ohli-

153 2466 310 2510 ganduni,
338 2466 583 2514 tenendumque
606 2481 667 2515 per
691 2473 796 2516 ipsunt
824 2469 876 2503 vel
897 2480 957 2514 por
981 2478 1119 2501 uxorein
1145 2479 1237 2502 suain
1258 2473 1311 2503 aut
1339 2469 1377 2503 N.
1405 2470 1537 2504 fratrem
1565 2482 1659 2504 suuni
1684 2481 1743 2504 seu
1768 2483 1828 2518 per
1856 2475 2003 2519 ipsorum

155 2526 296 2561 heredes
327 2527 461 2563 tamdiu.
491 2540 662 2575 quousque
690 2530 861 2576 praedicto
890 2528 930 2563 N.
961 2529 1014 2562 vel
1045 2528 1139 2562 alteri
1165 2531 1362 2574 cuicumque
1388 2542 1431 2565 ex
1458 2530 1648 2577 praedictis,
1670 2531 1759 2566 Mille
1779 2537 1809 2566 et
1831 2532 1865 2566 C.
1892 2544 2003 2567 sexa-

154 2590 251 2632 genis
281 2588 334 2621 vcl
365 2591 487 2622 marcis
520 2600 715 2633 grossorum
752 2595 867 2637 parata
901 2592 1041 2636 pecunia
1076 2600 1136 2635 per
1168 2601 1230 2625 nos
1264 2592 1318 2625 vel
1352 2591 1494 2626 heredes
1523 2596 1577 2626 aut
1605 2603 1826 2628 successores
1856 2598 2001 2637 nostros,
