2184 2828
1004 96 1071 132 161

115 220 262 262 ipsorum
293 220 384 262 parte
414 226 457 248 ex
485 226 561 249 una.
591 226 720 260 nosque
750 227 787 248 ac
818 219 1048 260 progenitores
1076 219 1207 248 nostros
1236 220 1328 260 parte
1357 226 1400 249 ex
1430 216 1530 250 altera
1560 217 1716 250 nonnulle
1741 217 1967 260 seductiones⁷

116 278 311 311 afflictiones
341 280 371 308 et
401 275 597 320 multiplices
626 275 829 309 calamitates
859 277 1025 322 cedesque
1059 286 1276 321 personarum
1306 287 1346 309 ac
1381 287 1491 310 rerum
1520 276 1595 310 hinc
1624 277 1700 311 inde
1728 289 1787 323 per
1816 283 1964 324 tempora

115 341 236 382 agitate
265 340 446 370 noscuntur
474 347 512 369 ac
546 335 665 369 damna
701 341 889 381 perpetrata
924 341 1058 381 propter
1093 347 1156 381 que
1192 340 1224 369 et
1261 347 1438 381 regnorum
1478 342 1509 371 et
1543 342 1704 371 terrarum
1739 338 1964 382 gubernacula

114 397 288 442 utrobique
316 399 434 441 gravia
462 397 629 442 pertulere
667 396 840 441 dispendia
877 402 908 430 et
943 400 1086 430 iacturas
1122 400 1314 431 innumeras
1349 397 1492 443 quotidie
1525 397 1724 432 habuerunt:
1760 410 1887 443 nosque
1916 399 1965 433 his

115 463 160 492 tot
187 462 220 492 et
248 460 345 491 tantis
373 460 546 503 cupientes
574 456 746 490 salutifere
766 457 904 491 obviare
925 458 1078 503 periculis
1106 462 1137 491 et
1167 460 1214 491 eis
1242 456 1338 491 finem
1366 460 1537 503 imponere
1558 460 1737 493 salutarem
1759 459 1964 502 affectantes,

114 517 291 552 attentibus
321 517 494 552 affectibus
524 528 597 550 cum
627 520 690 550 iam
722 518 816 551 dictis
846 518 984 551 dominis
1012 529 1094 562 rege
1123 522 1153 551 et
1182 518 1373 552 marchione
1403 519 1527 552 1111113111
1549 532 1587 553 36
1608 525 1801 566 perpetuam
1822 524 1965 554 amicitie

113 581 254 624 gratiam
284 589 322 612 ac
351 577 498 612 fraterne
527 577 710 611 dilectionis
739 579 905 611 vinculum
937 578 1207 623 irrefragabiliter
1233 579 1392 624 colligare
1412 583 1443 613 in
1466 579 1527 613 hoc
1548 584 1635 614 votis
1655 592 1769 614 eorum
1790 585 1822 615 et
1841 584 1965 615 nostris

113 638 360 674 satisfacientes
390 638 501 672 libenti
531 641 640 672 animo
670 642 954 683 recognoscimus.
977 640 1112 673 dicimus
1141 643 1171 672 et
1200 639 1331 685 publice
1359 645 1596 685 protestamur:
1627 652 1686 675 nos
1716 644 1748 675 in
1777 642 1964 687 magnificis

114 699 327 745 principibus.
358 699 500 732 dominis
530 698 667 732 ducibus
689 698 842 732 Boleslao
868 699 1058 744 Lignicensi
1087 704 1118 734 et
1139 700 1314 745 Bregensi.
1335 700 1480 734 Henrico
1502 701 1689 745 Sagunensi
1719 707 1750 736 et
1771 690 1963 746 Crosnensi,

115 760 269 794 Conrado
298 759 500 794 Olsnicensi.
531 759 662 793 Joanne
692 759 896 793 Stiuaviensi
927 761 1034 794 Slesie
1062 760 1211 803 ducibus.
1241 772 1304 794 nec
1333 772 1399 795 11011
1429 761 1579 795 1301110116
1608 762 1792 808 Opoliensi.
1814 763 1966 798 Bolkone

114 821 156 855 de
184 820 430 865 Falckenberg,
460 820 599 854 Alberto
629 821 669 854 de
698 820 842 854 Strelitz.
881 821 1064 855 wladislao
1099 821 1321 856 Teschinensi
1357 822 1507 856 ducibus.
1536 822 1724 857 wladislao
1754 823 1905 858 Coslensi
1934 829 1966 858 et

116 882 322 923 Bitumiensi.
362 881 569 915 Weflceslao
605 884 754 927 principe
788 881 950 915 Masovie.
989 882 1120 916 domino
1155 885 1187 916 in
1222 882 1334 916 Plozk.
1374 883 1529 917 Leslzone
1565 883 1732 918 Ratiboris
1770 889 1800 918 et
1834 885 1965 919 Joanne

115 942 305 977 Osviciensi
334 942 470 976 ducibus
499 947 530 976 et
558 942 694 975 vasallis
724 953 837 976 eorum
867 954 939 976 611111
970 946 1111 988 ipsorum
1142 943 1312 977 ducatibus
1347 948 1377 977 et
1413 944 1577 987 dominiis,
1613 948 1719 987 terris,
1753 946 1965 989 districtibus,

110 1002 408 1048 jurisdictionibus.
430 1005 649 1049 pertinentiis.
673 1006 780 1045 inens,
802 1004 985 1048 appendiis.
1006 1004 1158 1037 limitibus
1178 1007 1317 1050 antiquis
1338 1004 1598 1050 quibuscunque.
1617 1017 1759 1040 necnon
1777 1007 1965 1042 civitatibus

115 1063 331 1097 Wratislavia
369 1068 401 1097 et
436 1062 600 1108 Glogovia
630 1075 703 1096 611111
740 1063 949 1097 districtibus.
986 1064 1150 1098 limitibus.
1186 1065 1305 1098 finibus
1339 1070 1370 1098 et
1407 1068 1613 1111 pertinentiis
1641 1078 1753 1101 earum
1783 1071 1963 1111 universis,

114 1124 235 1158 nullum
257 1127 319 1158 ius.
341 1127 575 1170 proprietatem
597 1125 649 1157 vel
671 1125 861 1158 (torminum.
884 1128 1133 1170 possessionem
1155 1130 1209 1160 aut
1229 1126 1351 1159 titulum
1368 1125 1503 1161 habere.
1521 1131 1574 1160 aut
1591 1127 1756 1171 habuisse,
1773 1133 1965 1175 competere

114 1185 169 1219 vel
208 1188 421 1231 competiisse
461 1186 568 1230 aliqua
612 1189 641 1218 in
677 1186 802 1218 eisdem
840 1189 1066 1231 promittentes
1101 1189 1190 1232 ipsos
1228 1186 1379 1220 dominos
1418 1198 1533 1232 regem
1576 1192 1606 1221 et
1648 1188 1872 1223 marchionem
1910 1195 1963 1223 aut

115 1245 269 1280 heredes.
291 1245 476 1279 coheredes
496 1251 527 1279 et
547 1257 764 1280 successores
785 1251 917 1279 nostros
939 1251 992 1280 aut
1013 1247 1093 1280 31103
1113 1258 1328 1292 quoscunque
1348 1248 1436 1281 nullo
1456 1259 1598 1293 unquam
1620 1253 1767 1295 tempore
1792 1250 1962 1296 impedire,

116 1307 297 1340 molestare
325 1307 380 1340 vel
409 1309 578 1352 impetere.
609 1318 671 1340 nec
700 1307 801 1340 duces
830 1318 869 1340 36
898 1307 1034 1340 ducatus
1063 1311 1153 1353 ipsos
1182 1312 1214 1341 et
1240 1310 1388 1354 ipsorum
1417 1312 1634 1354 pertinentias
1655 1310 1749 1344 nobis
1779 1316 1832 1345 aut
1861 1311 1965 1346 here-

115 1367 210 1401 dibus
238 1370 361 1401 nostris
390 1367 641 1400 vendicabimus
670 1372 725 1400 aut
753 1370 850 1401 etiam
888 1379 1094 1401 assumemus
1123 1371 1152 1402 in
1183 1371 1327 1414 ipsorum
1362 1373 1464 1414 regis.
1494 1370 1694 1404 marchionis
1724 1371 1776 1405 vel
1805 1371 1963 1406 heredum

113 1439 228 1462 eorum
257 1427 471 1474 preiudicium
501 1428 554 1461 vel
583 1439 787 1471 grauamen:
817 1431 893 1472 quin
923 1431 986 1461 imo
1016 1428 1121 1474 placet
1150 1428 1256 1472 nobis,
1287 1434 1319 1463 et
1347 1433 1469 1476 optime
1506 1431 1660 1465 favemus
1690 1435 1737 1466 eis
1767 1436 1797 1466 in
1827 1434 1963 1467 eosdem

112 1491 348 1522 renunciantes
378 1491 516 1534 insuper
545 1493 575 1522 et
605 1489 764 1522 cedentes
793 1500 852 1534 pro
882 1489 976 1523 nobis
1001 1494 1033 1522 et
1052 1489 1240 1531 heredibus,
1262 1491 1494 1534 coheredibus,
1516 1496 1547 1525 et
1567 1493 1823 1528 successoribus
1843 1498 1964 1528 nostris

112 1552 200 1582 omni
230 1552 301 1583 iuri.
333 1552 465 1585 actioni.
497 1552 670 1595 questioni.
712 1552 900 1595 proprietati
937 1554 966 1583 et
1002 1550 1092 1583 titulo
1128 1553 1158 1584 in
1194 1556 1387 1597 perpetuum
1423 1556 1448 1586 si
1487 1564 1550 1598 que
1579 1553 1673 1587 nobis
1702 1559 1758 1588 331
1786 1554 1964 1589 heredibus

113 1610 165 1643 vel
195 1610 448 1643 successoribus
479 1613 600 1643 nostris
630 1610 872 1655 competebant.
912 1616 1139 1656 competerent
1175 1612 1228 1645 vel
1262 1618 1453 1658 competere
1487 1619 1624 1659 possent
1659 1615 1901 1660 quomodolibet
1931 1619 1962 1650 in

113 1670 267 1710 l'uturuin.
299 1673 525 1716 promittentes
555 1674 651 1705 etiam
681 1671 740 1705 sub
770 1671 832 1704 tide
862 1674 986 1717 prestiti
1016 1675 1189 1705 iuramenti
1215 1676 1307 1706 tactis
1328 1678 1554 1708 sacrosanctis
1576 1676 1760 1719 evangeliis
1785 1681 1815 1710 et
1840 1677 1965 1710 nihilo-

113 1734 219 1765 minus
254 1731 313 1764 sub
350 1743 433 1777 pena
468 1735 823 1766 excoinnmnicationis
866 1733 991 1777 prolate
1028 1736 1190 1766 sententie
1226 1739 1339 1768 6011113
1378 1735 1462 1768 113116
1492 1740 1636 1769 nostram
1666 1740 1961 1780 renunciationem,

112 1795 297 1826 cessionem
333 1797 365 1825 et
399 1796 651 1838 promissionem
690 1794 798 1839 aliqua
833 1797 974 1835 actione,
1013 1796 1225 1838 impetitione.
1260 1799 1490 1839 suggestione.
1534 1797 1653 1830 studio.
1698 1801 1842 1842 ingenio.
1880 1802 1960 1833 11116.

112 1852 200 1886 l'acto
229 1857 327 1898 atque
356 1853 460 1886 verbo
489 1865 694 1900 nequaquam
725 1858 841 1887 venire
878 1866 940 1887 non
975 1853 1181 1887 obstantibus
1216 1855 1376 1901 aliquibus
1411 1860 1527 1902 pactis.
1564 1858 1784 1903 pactionibus.
1822 1863 1960 1902 statutis,

112 1913 411 1949 reformationibus.
442 1914 715 1955 ordinationibus.
746 1914 1051 1948 6011311611111111111113.
1083 1916 1387 1960 proscriptionibus
1418 1918 1707 1956 conventionibus,
1739 1923 1960 1958 munimentis,

112 1974 334 2018 indulgentiis,
366 1975 547 2020 privilegiis
579 1975 630 2008 vel
660 1975 774 2009 litteris
808 1976 1010 2021 apostolicis.
1050 1975 1272 2020 imperialibus
1307 1977 1361 2010 vel
1397 1978 1468 2012 aliis
1503 1978 1753 2024 (piilniscunque
1791 1983 1960 2025 scripturis

113 2037 292 2079 impetratis
321 2046 380 2068 seu
410 2036 623 2081 impetrandis
653 2039 684 2069 in
714 2041 894 2082 posterum.
925 2048 985 2069 nec
1007 2047 1071 2069 non
1093 2036 1216 2070 iuribus
1238 2037 1486 2084 quibuscunque
1508 2044 1571 2072 tam
1594 2043 1671 2073 iuris
1692 2043 1841 2073 canonici
1863 2052 1959 2086 quam

111 2095 218 2128 civilis
247 2099 302 2128 aut
329 2098 427 2129 etiam
458 2097 662 2142 municipalis
692 2096 751 2130 sub
781 2108 976 2142 quacunque
1011 2096 1115 2129 forma
1154 2097 1330 2131 verborum
1361 2103 1391 2132 et
1430 2100 1614 2144 prolatione
1643 2104 1814 2146 conceptis
1844 2101 1897 2135 vel
1927 2104 1958 2135 in

112 2159 279 2201 posterum
308 2156 535 2202 concipiendis
564 2161 595 2190 et
624 2160 750 2191 etiamsi
786 2158 862 2191 talia
899 2157 1005 2191 forent
1040 2159 1070 2190 in
1105 2157 1221 2201 quibus
1263 2158 1302 2192 de
1337 2159 1441 2193 verbo
1477 2161 1516 2193 ad
1554 2160 1690 2194 verbum
1721 2162 1898 2206 specialem
1927 2167 1960 2196 et

111 2226 306 2261 expressam
336 2221 503 2262 oporteret
531 2217 601 2251 lieri
632 2221 843 2252 mentionem.
901 2218 973 2258 Que
1007 2220 1116 2251 onmia
1153 2222 1185 2251 et
1219 2219 1347 2262 singula
1383 2225 1414 2253 et
1447 2220 1614 2266 quodlibet
1643 2232 1757 2254 eorum
1795 2233 1892 2256 cassa
1927 2228 1960 2257 et

111 2279 211 2319 irrita,
242 2287 359 2319 vacua,
389 2280 498 2311 inania
528 2289 603 2312 esse
632 2283 663 2312 et
692 2280 828 2323 intelligi
866 2279 1017 2311 volumus
1053 2278 1239 2323 nulliusque
1273 2279 1344 2313 sore
1379 2281 1531 2315 et'licacie
1561 2284 1690 2326 penitus
1726 2287 1758 2315 et
1787 2287 1958 2318 momenti:

111 2340 191 2383 ipsis
220 2340 318 2371 etiam
347 2348 390 2370 ex
419 2343 509 2372 certa
538 2343 650 2373 1103113
680 2343 843 2374 sententia
873 2350 932 2385 per
959 2342 1067 2372 omnia
1097 2339 1310 2384 derogamus,
1340 2344 1371 2374 in
1401 2353 1540 2387 quorum
1570 2345 1792 2377 testimonium
1813 2347 1957 2378 omnium

109 2403 208 2444 atque
237 2397 336 2432 robur
365 2403 555 2443 perpetuum
585 2405 759 2446 presentes
788 2400 887 2434 scribi
917 2400 1054 2433 fecimus
1084 2404 1116 2433 et
1152 2404 1338 2434 nostrorum
1374 2403 1555 2446 sigillorum
1585 2406 1765 2438 munimine
1794 2405 1954 2439 roborari.

111 2458 229 2493 Datum
259 2459 423 2493 Cracovie
452 2462 482 2492 in
511 2464 630 2494 octava
660 2462 897 2507 purificationis
926 2460 955 2494 b.
985 2459 1091 2494 Marie
1119 2463 1259 2505 virginis
1295 2473 1382 2496 anno
1411 2462 1541 2496 Domini
1571 2462 1850 2499 MCCCXXXIX.

418 2538 610 2572 (Abgedruckt
634 2540 675 2566 bei
701 2541 904 2573 Sommersberi.y
931 2540 948 2565 l.
981 2540 1050 2565 775.
1082 2556 1108 2558 -
1142 2539 1233 2573 Vergl.
1267 2540 1376 2567 Dobnei·
1407 2541 1521 2568 Monum.
1554 2542 1596 2568 lV.
1629 2544 1655 2569 S.
1684 2544 1752 2570 302.
1781 2553 1804 2570 n.
1832 2545 1955 2572 CXLVll.

521 2590 629 2618 Goldust
653 2593 678 2618 in
703 2594 851 2627 appendice
875 2593 1059 2619 (101·11111611101.
1086 2593 1112 2618 s.
1140 2592 1188 2619 51.
1215 2602 1238 2619 11.
1264 2593 1371 2625 DUX.)

1811 2648 1846 2677 21
