2184 2828
197 243 269 274 tatis
302 239 466 274 vocabulo
502 238 653 271 duximus
688 236 928 277 decorandam‚
964 238 1145 269 statuentes
1180 244 1219 267 ac
1254 233 1473 268 decernentes
1506 239 1539 268 ut
1573 234 1808 268 Monasterium
1840 236 1942 280 ipsius
1970 233 2032 267 loci

196 300 478 334 Lutliomuslensis
517 298 834 331 Premonstratcnsis
869 295 992 329 ordinis
1028 293 1232 327 Monasterio
1269 293 1509 328 stralioniensis
1543 295 1666 328 ordinis
1702 298 1734 327 et
1773 294 1918 327 diocesis
1952 304 2034 339 pre-

195 361 355 394 dictorum
385 363 460 393 tunc
488 357 675 391 immediate
702 356 883 391 subiectum
912 359 1034 388 extunc
1062 354 1239 388 haberetur
1267 359 1299 387 et
1327 356 1487 388 existeret
1513 355 1655 388 ecclesia
1685 353 1899 388 Cathedralis.
1930 353 2032 387 Post-

196 420 325 454 modum
347 430 428 453 vero
457 418 498 451 de
526 417 626 451 celeri
648 422 679 450 et
698 416 819 451 salubri
848 417 1040 461 provisione
1060 414 1205 447 ecclesie
1232 413 1500 448 lutliomuslensis
1527 419 1559 448 ut
1588 417 1702 460 sponsi
1732 415 1888 448 letaretur
1915 413 2033 447 solatio

195 483 397 524 cogitantes„
433 478 564 512 tandem
598 482 671 523 post
705 478 928 521 cogitationes
962 474 1172 520 multiplices„
1208 485 1290 519 quas
1326 477 1429 519 primo
1457 474 1537 508 infra
1568 477 1683 508 mentis
1713 478 1824 507 nostre
1861 473 2033 520 precordia

194 545 226 574 et
254 543 428 579 tractatus,
459 549 541 584 quos
570 538 689 571 deinde
717 548 790 571 cum
818 535 974 569 fratribus
1003 537 1124 568 uostris
1163 534 1334 568 habuimus
1370 534 1556 579 diligentes„
1592 535 1630 568 ad
1665 533 1900 580 prelieiendum
1934 534 2031 567 talem

196 600 301 633 eidem
330 599 474 633 ecclesie
503 609 699 644 personam.
729 608 792 643 que
821 599 938 637 sciret,
969 595 1070 629 vellet
1098 599 1129 627 et
1158 599 1270 640 posset
1296 605 1367 627 eam
1394 605 1593 639 preservare
1626 606 1642 628 a
1671 597 1780 627 noxiis
1809 598 1839 627 et
1868 593 2031 633 adversis„

196 671 234 693 ac
263 663 294 693 in
323 662 391 693 suis
419 663 638 692 manutenere
667 657 792 692 viribus
821 661 852 690 et
881 659 976 689 etiam
1006 655 1193 699 adaugere,
1223 655 1262 688 ad
1293 659 1323 688 te
1352 654 1513 688 Abbatem
1542 655 1734 689 Monasterii
1763 654 1924 687 Lucensis
1951 664 2034 699 pre-

195 721 272 754 dicti
309 719 433 754 ordinis
472 718 706 752 Olomueensis
743 717 885 750 diocesis
920 716 1098 749 litterarum
1134 717 1273 749 scientia
1307 714 1483 760 preditum,
1520 718 1585 749 vita
1622 726 1661 748 ac
1700 725 1823 747 morum
1860 713 2033 747 honestate

195 780 369 816 decorumq
406 782 437 813 in
480 778 715 825 temporalibus
759 776 949 822 providum„
988 780 1019 809 et
1054 778 1085 808 in
1127 775 1349 820 spiritualibus
1392 778 1663 821 circumspectum
1706 775 1887 808 direximus
1928 776 2032 807 aciem

195 845 307 874 nostre
342 843 477 879 mentis„
507 839 623 885 quibus
651 838 801 871 omnibus
830 837 937 870 debita
967 836 1179 869 meditatione
1208 838 1370 881 pensatis.
1407 835 1446 868 de
1473 846 1614 881 persona
1644 840 1697 868 tua
1726 834 1820 868 nobis
1848 838 1881 867 et
1908 833 2033 868 eisdem

195 900 347 935 fratribus
376 903 498 934 nostris
519 899 560 932 ob
582 904 709 932 tuorum
738 901 940 942 exigentiam
962 900 1151 930 meritorum
1181 900 1329 941 accepta.
1359 895 1400 929 de
1419 899 1560 941 ipsorum
1590 895 1724 928 fratrum
1754 895 1893 928 consilio
1927 894 2032 928 eidem

195 961 337 995 ecclesie
356 960 581 1006 providemus
612 959 823 1004 prelicienles
852 962 884 991 te
912 957 1041 1003 prefate
1069 957 1212 990 ecclesie
1240 959 1272 989 in
1293 956 1488 1001 Episcopum
1517 961 1549 989 et
1569 956 1750 997 Pastorem,
1780 955 1901 1000 tibique
1921 964 2033 988 curam

195 1026 227 1055 et
254 1021 570 1055 administrationem
597 1022 698 1064 ipsius
726 1022 757 1052 in
792 1017 1014 1063 spiritualibus
1049 1021 1080 1050 et
1114 1016 1346 1062 temporalibus
1375 1016 1621 1057 committendo,
1652 1016 1803 1060 dictoque
1830 1015 2033 1048 Monasterio

194 1081 335 1115 Lucensi
376 1083 423 1114 sic
466 1082 599 1114 vacanti
642 1080 682 1112 de
727 1090 870 1124 persona
906 1078 1015 1111 dilecti
1051 1077 1105 1110 lilii
1140 1077 1276 1110 llenrici
1311 1076 1466 1119 Abbatis‚
1501 1077 1575 1110 olim
1606 1081 1682 1110 ante
1711 1079 1914 1110 erectionem
1952 1086 2033 1120 pre-

195 1142 312 1175 dictam
341 1141 485 1174 ecclesie
514 1139 654 1186 prefatev
685 1144 759 1173 tunc
789 1139 984 1172 Monasterii
1016 1141 1191 1171 existentis
1220 1137 1373 1171 duximus
1392 1137 1641 1182 providendum„
1670 1136 1871 1181 preliciendo
1892 1135 2032 1169 eundem

195 1201 375 1235 Heni-icum
411 1203 443 1234 ln
478 1200 643 1234 Abbatem
679 1200 838 1244 Lucensis
873 1198 1069 1232 Monasterii
1098 1198 1269 1244 prelibatiq
1300 1197 1391 1231 firma
1420 1208 1495 1243 spe„
1530 1196 1714 1242 fiduciaque
1744 1201 1917 1239 tenentes,
1947 1195 2033 1240 quod

195 1262 311 1295 eadem
340 1261 499 1303 eeclesia,
529 1260 640 1294 divina
670 1260 725 1294 tibi
756 1263 935 1293 assistente
964 1259 1150 1301 clementia‚
1180 1270 1239 1304 per
1258 1263 1311 1292 tue
1331 1260 1635 1303 circumspectionis
1664 1262 1695 1290 et
1714 1257 1873 1290 industrie
1893 1256 2033 1291 studium

194 1322 400 1356 fructuosum
428 1320 677 1367 preservabltur
697 1332 714 1354 a
736 1322 843 1353 noxiis
864 1324 895 1353 et
915 1319 1079 1361 adversisff
1109 1324 1141 1352 et
1169 1317 1390 1365 spiritualibus
1418 1329 1457 1351 ac
1485 1316 1718 1363 temporalibus
1739 1316 1890 1362 proficiet
1914 1319 2033 1350 iucre-

194 1385 323 1416 mentis.
354 1381 447 1415 Tolle
476 1384 574 1425 igitur
601 1383 713 1426 iugum
734 1381 865 1414 Domini
894 1384 957 1413 tam
978 1379 1054 1413 leve
1075 1379 1149 1413 colli
1170 1382 1213 1413 tui
1235 1379 1389 1420 humeris7
1418 1389 1580 1424 quamque
1600 1388 1716 1411 suave.
1747 1389 1785 1411 ac
1806 1380 1836 1410 in
1858 1376 2032 1410 dilectione

194 1442 397 1488 pascendum
433 1444 566 1487 suscipe
602 1452 742 1486 gregem
778 1444 870 1474 eius.
911 1451 1011 1485 super
1039 1451 1135 1485 quem
1165 1442 1271 1473 noetis
1300 1438 1430 1483 vigilias
1458 1437 1614 1482 diligens„
1651 1438 1863 1483 solicitusque
1891 1436 2032 1471 custodi.

195 1507 227 1536 ut
260 1501 344 1536 liber
378 1513 444 1535 non
473 1506 585 1547 pateat
620 1501 726 1535 aditus
755 1503 922 1538 invasori,
958 1505 989 1534 et
1024 1500 1166 1533 Domino
1202 1498 1427 1545 insuspicabili
1454 1498 1534 1531 hora
1563 1503 1721 1533 venturo.
1752 1501 1778 1531 si
1809 1502 1840 1531 te
1868 1500 2034 1531 invenerit

194 1565 242 1596 sie
271 1567 404 1607 agente„v
434 1573 533 1596 cursu
562 1566 766 1601 consumatm
797 1564 850 1607 qui
880 1566 933 1594 tuo
963 1560 1066 1594 labori
1095 1563 1290 1606 proponitur
1318 1564 1350 1593 et
1377 1559 1489 1592 horum
1510 1557 1573 1591 fide
1600 1562 1743 1592 servata.
1774 1569 1837 1604 que
1866 1562 1920 1591 tue
1948 1558 2033 1591 soli—

194 1622 330 1656 citudini
363 1625 623 1656 committuntur.
654 1626 684 1655 te
713 1626 879 1667 repertum
909 1620 1038 1654 fidelem
1069 1624 1099 1654 iu
1128 1620 1275 1655 modico.
1305 1631 1402 1665 supra
1432 1618 1527 1651 multa
1556 1621 1747 1660 constitan
1786 1630 1824 1651 ac
1853 1621 1884 1652 in
1914 1618 2032 1651 dilecta

194 1683 389 1728 gaudiorum
418 1694 550 1717 suorum
581 1682 793 1716 tabernacula
822 1681 1018 1715 introducat.
1049 1681 1167 1714 Datum
1199 1682 1367 1714 Avinione
1394 1679 1422 1712 II
1451 1678 1616 1712 Kalendas
1645 1677 1723 1712 Maii
1752 1679 1853 1712 Anno
1882 1681 1988 1712 tertio.

501 1761 585 1791 (Nat-li
611 1761 668 1786 dem
695 1760 768 1789 Oriff.
795 1761 910 1790 Regesie
933 1759 1034 1785 Pabst's
1060 1760 1183 1785 Clemens
1209 1759 1251 1784 Vi.
1284 1757 1310 1783 J.
1337 1757 1379 1783 lll.
1412 1757 1437 1782 Β,
1464 1756 1482 1782 l.
1510 1756 1549 1782 ΒΓ,
1577 1756 1615 1782 355
1647 1757 1672 1782 S
1701 1757 1738 1782 56
1772 1759 1803 1782 im
1830 1756 2031 1781 Yatiraiusrlien

605 1813 719 1838 ,λι-ιἸιιη·
744 1821 773 1838 zu
800 1813 872 1838 ltoin.
920 1812 1015 1837 Yidun.
1043 1812 1178 1837 Absclnult
1203 1812 1235 1836 im
1261 1819 1292 1836 m.
1319 1813 1350 1835 st.
1376 1809 1611 1839 Laudesarclnve.)

1061 1932 1169 1968 602.

194 2011 301 2045 Pabst
323 2012 476 2045 Clemens
501 2011 556 2046 Vl.
586 2015 728 2045 ernennt
756 2012 817 2044 {lea
849 2010 1117 2044 Leutomz'sehler
1138 2009 1250 2043 Ahletz
1272 2007 1433 2042 Heinrich
1456 2019 1527 2041 :vum
1548 2006 1616 2040 Ab!
1645 2007 1703 2040 (les
1724 2006 1884 2040 Kloslers
1903 2006 2031 2040 Bruclf.

196 2072 358 2106 naelulem
386 2073 478 2106 dieses
507 2072 613 2105 Ablei
638 2072 743 2105 ‹lm-eli
771 2073 824 2105 dle
844 2071 1052 2115 Ernememeq
1071 2071 1227 2104 Jolunms
1256 2081 1325 2103 zum
1347 2067 1508 2111 Bz‘sclwfe
1530 2079 1590 2100 cote
1613 2066 1862 2100 Leutomischel
1888 2066 2033 2110 erlediyt

196 2144 279 2175 war,
308 2133 375 2166 und
400 2133 612 2177 vastandi-ql
641 2132 759 2165 hieron
789 2132 851 2165 den
880 2132 1039 2165 Konvent
1066 2131 1124 2164 cles
1153 2130 1308 2164 Brut-her
1327 2129 1484 2162 Klosters
1514 2127 1580 2160 und
1606 2127 1668 2160 (len
1688 2126 1912 2171 illarlz'gyrafen
1930 2127 2031 2160 Karl.

579 2192 638 2226 Dt.
670 2193 848 2262 sla-[infraq
878 2192 924 2226 II.
955 2191 1130 2226 Kalendas
1159 2191 1248 2224 illati
1275 2189 1354 2232 (30.
1384 2187 1504 2232 April)
1538 2187 1647 2220 1345.

351 2269 528 2322 Clemens
561 2287 750 2333 Episcopus
786 2287 914 2321 Servus
949 2286 1132 2320 Servorum
1160 2285 1222 2319 Dei
1249 2284 1376 2318 Dilecto
1411 2282 1476 2315 lilio
1504 2281 1649 2315 Hem-ico
1686 2281 1809 2315 Abbati
1836 2281 2032 2316 Monasterii

197 2347 356 2383 Lucensis
376 2348 693 2383 Premonstratensis
715 2347 848 2381 Ordinis
869 2346 1100 2381 Olomucensis
1121 2346 1263 2380 diocesis
1283 2343 1428 2377 Salutem
1449 2346 1480 2375 et
1500 2342 1728 2387 Apostolicam
1750 2341 2030 2376 Benedictionem.

352 2408 477 2443 Summi
508 2409 725 2454 dispositione
754 2408 908 2442 Rectoris
937 2407 975 2441 ad
1006 2409 1155 2451 regimen
1184 2403 1382 2439 universalis
1410 2403 1554 2435 ecclesie
1590 2402 1736 2448 deputati
1764 2404 1916 2447 angimur
1943 2404 2032 2435 curis

199 2469 340 2502 assiduis
375 2473 409 2503 ut
443 2480 540 2514 opem
569 2472 601 2502 et
628 2479 783 2514 operam,
814 2472 968 2514 quantum
1003 2467 1100 2501 nohis
1129 2477 1174 2500 ex
1202 2466 1267 2499 alto
1301 2462 1507 2504 conceditur,
1543 2463 1790 2508 impendamus,
1828 2462 1913 2508 quod
1941 2460 2032 2495 orbis

199 2529 341 2562 ecclesie
362 2539 400 2561 ac
420 2531 620 2563 monasteria
642 2531 799 2562 universa
825 2533 994 2574 pastorum
1023 2527 1173 2561 destituta
1201 2526 1361 2569 regimine
1380 2533 1439 2568 per
1458 2527 1571 2556 nostre
1591 2523 1798 2568 providentie
1817 2524 2032 2556 ministerium

199 2591 280 2624 viris
317 2591 556 2630 committantur
587 2588 749 2634 ydoneis,
785 2591 838 2633 qui
876 2591 1000 2630 sciant,
1034 2587 1139 2621 velint
1172 2590 1203 2619 et
1235 2585 1367 2619 valeant
1395 2583 1556 2616 ecclesias
1589 2588 1621 2617 et
1658 2585 1856 2616 monasteria
1886 2585 1955 2627 ipsa
1983 2584 2032 2615 eis
