2184 2828
1097 100 1119 134 4

187 232 259 255 cum
295 220 444 255 omnibus
480 223 549 254 suis
582 219 811 265 pertinencijs,
847 217 992 259 Jurtbus,
1030 216 1234 257 militaiibus„
1271 226 1310 249 ac
1345 215 1570 261 mouentibus,
1605 219 1720 262 pratis7
1753 219 1898 262 pascuis,
1935 220 2026 261 agris

186 282 280 315 cultis
299 286 331 315 et
349 292 415 315 non
435 281 539 323 cultis,
560 290 703 313 vnacum
724 278 821 312 Curia
840 282 952 312 nostra
971 277 1103 320 ibidem,
1126 281 1155 310 et
1176 275 1276 309 fundo
1295 276 1465 310 laneorum
1484 278 1587 322 ipsius
1607 280 1697 310 curie
1718 276 1803 321 quod
1828 277 2032 311 Purclireclit

187 342 316 384 dicitur,
346 346 377 375 et
407 344 486 375 satis
512 339 697 386 yemalibus
726 339 887 381 eiusdem,
917 340 1067 384 exceptis
1096 341 1234 382 quatuor
1262 336 1377 379 laneis,
1413 346 1549 382 quorum
1578 336 1660 370 duos
1690 337 1840 371 dominus
1869 337 2027 371 Salomon

187 402 432 448 Viceplebanus
460 404 493 435 in
521 399 742 434 Ywanscbicz
771 399 970 432 hereditario
999 398 1134 433 obtinet.
1165 401 1195 430 et
1224 397 1372 430 residuos
1401 397 1483 430 duos
1511 408 1594 442 quos
1624 403 1713 431 tenet
1735 397 1868 431 ericus
1888 397 2028 432 famulus

187 467 300 497 noster
327 462 433 495 dictus
464 460 626 495 Australis
655 460 863 502 clientaliter‚
893 470 952 505 pro
981 459 1153 492 Trecentis
1186 457 1307 490 Marcis
1342 457 1487 491 eiusdem
1522 458 1678 503 ponderis
1714 462 1745 491 et
1772 457 1917 500 Monete,
1947 469 2028 504 quas

187 526 263 557 vice
293 527 325 556 et
352 525 484 556 nomine
513 526 627 554 nostro
655 520 741 554 dicto
770 520 932 553 Benessio
953 519 1060 552 Judeo
1080 521 1112 552 in
1134 522 1199 551 toto
1219 518 1377 563 persoluit
1395 522 1591 562 nostrasque
1611 518 1721 551 literas
1743 518 1862 551 dictum
1883 517 2026 552 debitum

187 586 398 617 continentes
427 582 522 616 nobis
551 586 582 615 et
610 585 724 615 nostro
752 580 957 614 Monasterio
985 579 1145 614 liberauit.
1182 589 1243 611 nos
1277 582 1309 612 et
1342 577 1553 612 fideiussores
1582 583 1714 612 nostros
1743 578 1783 611 ab
1817 581 2031 624 impeticione

188 643 335 677 eiusdem
365 642 460 676 Judei
489 642 695 686 integraliter
723 646 756 675 et
783 643 816 674 in
845 645 912 674 toto
941 639 1107 685 quitando.
1129 639 1230 672 libere
1250 643 1281 673 et
1300 639 1484 673 voluntarie
1504 639 1712 673 vendidimus
1728 639 1809 672 Jure
1830 639 2029 673 hereditario

186 708 218 739 in
247 708 441 750 perpetuum
474 702 717 748 possidendam.
773 701 1029 735 Transl'erentes
1064 703 1094 733 in
1127 703 1231 745 ipsum
1271 703 1303 733 et
1337 704 1534 733 conuentum
1576 700 1741 745 predictos
1783 699 1876 733 buius
1919 702 2031 746 scripti

186 767 374 799 testimonio
412 774 510 797 omne
544 767 593 797 ius
622 762 708 808 quod
744 762 839 795 nobis
877 764 909 795 in
949 761 1063 794 eadem
1102 759 1317 805 competebat,
1352 765 1406 794 aut
1440 765 1630 805 competere
1658 763 1771 806 potuit.
1802 764 1966 804 tamquam
1995 763 2028 794 in

186 825 363 870 legittimos
392 834 618 870 possessores
655 823 903 857 Renunciantes
931 822 1019 855 omni
1053 823 1249 866 excepcioni
1284 831 1351 854 non
1385 820 1449 854 dati
1485 826 1540 854 aut
1573 831 1638 854 non
1668 823 1814 866 percepti
1851 822 1966 867 precij,
1995 825 2028 854 et

186 889 274 919 omni
303 885 355 928 alij
386 887 583 930 excepcioni
613 895 676 929 que
711 883 805 917 nobis
840 885 872 916 in
911 882 1025 915 eadem
1059 882 1135 915 villa
1164 885 1352 926 competere
1386 884 1504 927 poterit
1534 881 1656 915 auxilio
1685 884 1762 914 iuris
1791 884 1943 915 canonici
1971 881 2026 915 vel

186 946 302 988 ciuilis.v
332 945 492 991 Ipsosque
522 944 658 978 facimus
694 946 886 978 auctoritate
920 945 1130 988 presencium
1161 945 1191 974 in
1229 945 1440 987 possessione
1469 942 1627 984 eiusdem,
1658 946 1689 975 et
1719 944 1749 974 in
1778 941 1930 975 omnibus
1959 944 2028 976 su²s

186 1007 400 1053 pertinencijs
435 1008 599 1052 pociores,
635 1004 866 1038 Promittentes
895 1006 975 1049 ipsis
1005 1002 1065 1037 snb
1097 1001 1259 1048 ypotheca
1286 1013 1394 1036 rerum
1415 1007 1600 1036 nostrarum
1625 1005 1712 1035 omni
1733 1001 1816 1036 infra
1838 1005 2028 1036 continuum

187 1067 379 1101 Triennium
410 1078 427 1099 11
457 1066 529 1100 datu
559 1068 766 1111 presencium
797 1064 978 1099 seeundum
1008 1069 1094 1097 terre
1128 1062 1276 1096 Morauie
1312 1063 1585 1096 consuetudinem
1619 1065 1721 1108 ipsam
1758 1063 1867 1096 villain
1896 1065 1928 1096 in
1958 1067 2026 1097 toto

187 1133 219 1162 et
248 1128 385 1173 singulis
414 1130 481 1160 suis
509 1126 653 1172 partibus
682 1126 862 1170 exbrigare
892 1130 923 1158 et
951 1128 1109 1158 euincere
1137 1123 1176 1157 ab
1206 1123 1365 1159 omnibus.
1395 1127 1421 1157 si
1451 1126 1504 1168 qui
1535 1123 1665 1166 fuerint,
1692 1122 1966 1168 impeticionibus‚
1997 1127 2030 1157 et

187 1199 260 1221 eam
292 1188 432 1221 totaliter
460 1187 594 1220 liberam
624 1186 764 1220 reddere
793 1189 914 1219 nostris
943 1185 1110 1219 laboribus
1138 1189 1169 1218 et
1198 1187 1365 1230 expensis
1401 1184 1489 1218 Infra
1519 1184 1605 1229 quod
1635 1184 1839 1227 Triennium,
1869 1187 1896 1218 si
1925 1187 2030 1230 ipsam

187 1249 297 1282 villam
328 1248 437 1281 diuino
467 1247 565 1281 adiuti
595 1248 752 1291 suffragio
789 1258 939 1280 reemere
968 1246 1139 1279 vellemus.
1171 1245 1209 1278 ad
1239 1245 1506 1279 reuendicionem
1536 1248 1639 1291 ipsius
1669 1256 1727 1290 pro
1757 1244 1874 1278 eadem
1903 1255 2030 1278 summa

188 1309 428 1343 Trecentarum
459 1308 645 1342 Marcarmn
674 1307 748 1341 dicti
778 1307 934 1353 ponderis
970 1312 1001 1340 et
1031 1306 1174 1341 Monete.
1212 1317 1283 1339 cuin
1321 1305 1472 1339 omnibus
1508 1308 1575 1339 suis
1605 1305 1896 1350 disposicionibus,
1927 1307 2034 1351 perti-

186 1371 316 1413 nencijs
346 1374 376 1402 et
406 1368 632 1415 prouentibus,
654 1380 692 1402 ac
714 1371 793 1402 satis
813 1367 998 1413 yemalibus
1020 1367 1207 1412 supradicte
1227 1369 1326 1409 curie,
1349 1371 1443 1412 prout
1464 1369 1614 1411 superins
1636 1366 1798 1399 scribitur.
1822 1365 2032 1400 tenebunt-ur.

186 1430 222 1464 In
252 1434 344 1464 cuius
372 1434 420 1464 rei
449 1432 669 1463 testimonium
693 1434 867 1474 presentes
887 1429 999 1461 literas
1020 1428 1117 1462 scribi
1138 1428 1274 1461 fecimus
1294 1432 1325 1461 et
1347 1427 1535 1464 Sigillorum
1556 1431 1744 1460 nostrorum
1765 1438 1803 1460 nc
1823 1427 2032 1472 prouidorum

187 1494 333 1525 virorum
363 1491 519 1525 Stanislai
549 1490 638 1523 Ciuis
667 1489 877 1523 Znoiinensis
907 1494 937 1522 et
972 1488 1208 1522 llinseliilionis
1243 1487 1429 1531 Purclirauij
1461 1490 1561 1520 nostri
1598 1487 1818 1533 predictorum
1855 1490 2034 1520 munimine

187 1552 348 1586 roborari.
396 1552 481 1585 Acta
511 1556 585 1585 sunt
619 1550 679 1584 bec
715 1555 745 1583 et
781 1550 853 1583 data
890 1553 920 1583 in
949 1548 1149 1583 Monosterio
1186 1553 1296 1583 nostro
1338 1548 1537 1581 Cliunieensi
1580 1549 1741 1593 predicto,
1778 1549 1878 1582 Anno
1912 1548 2034 1582 domini

187 1612 361 1647 Millesimo
391 1612 641 1646 Trecentesimo
671 1611 854 1644 Tricesimo
883 1615 1008 1656 quarto.
1039 1610 1127 1644 ΧΠ.
1158 1610 1209 1643 die
1237 1609 1360 1643 Mensis
1391 1608 1572 1652 Februarij.

493 1690 580 1724 (Oi-ig.
607 1690 654 1716 aus
675 1690 831 1723 Perganieut
857 1690 899 1715 mit
924 1689 957 1715 tx*
982 1689 1209 1715 wolilerlioltenen
1235 1688 1341 1722 Sigillen
1367 1689 1390 1713 in
1416 1688 1474 1713 dein
1501 1688 1615 1713 Archiv(-
1641 1688 1688 1713 des
1714 1687 1831 1713 Brnrlier
1845 1687 1975 1715 Klosters,
2001 1688 2033 1713 iin

601 1751 632 1768 m.
659 1746 690 1768 st.
716 1742 928 1768 Landesarcliive
953 1742 998 1767 Lit.
1025 1742 1054 1767 ll.
1081 1751 1104 1767 o.
1132 1741 1195 1772 27.)

1092 1883 1132 1905 ο).

341 1930 415 1985 K·
444 1950 572 1984 Jobonn
605 1962 668 1983 von
702 1950 845 1983 llolinien
877 1949 1012 1983 selu-ulit
1045 1949 1115 1982 dem
1139 1949 1242 1982 l'esei
1271 1959 1335 1980 von
1358 1948 1462 1981 (ferna
1493 1959 1613 1986 westen
1645 1948 1702 1981 der
1730 1959 1795 1981 von
1826 1947 1887 1980 ilnn
1917 1947 2029 1991 gelei-

190 2017 295 2046 steten
316 2013 451 2046 Dienste
474 2023 571 2045 unum
593 2011 720 2044 laneum
743 2022 800 2044 seu
823 2022 969 2043 mansum
991 2013 1060 2055 agri
1083 2010 1217 2043 liberum
1238 2011 1267 2042 in
1290 2007 1473 2041 Tsclieaten
1496 2019 1536 2041 1111
1558 2008 1616 2042 der
1639 2007 1727 2042 Elbe.
1750 2007 1803 2042 Dt.
1822 2007 2027 2052 Lucemburg

195 2073 252 2107 lt).
285 2074 388 2119 April,
421 2073 528 2107 1:334.

498 2152 620 2182 ‹Palm-iq
650 2151 714 2175 uber
739 2150 952 2175 isurun-1bucin-r.
979 2149 1049 2175 :tl-’L
1077 2149 1197 2175 llolimer.
1224 2148 1272 2174 Ad.
1299 2148 1329 2174 ll.
1356 2148 1387 2173 ml
1413 2148 1459 2181 lig.
1485 2149 1511 2172 S.
1539 2148 1598 2172 :52:15
1625 2156 1649 2172 n.
1677 2147 1762 2178 501)

1088 2286 1130 2320 (ἰ.

194 2367 299 2412 l'apx!
327 2366 462 2400 johann
494 2366 614 2400 XXII.
645 2368 807 2399 ernemrel
837 2366 898 2398 (len
934 2364 1162 2409 tt‘ysselnvnler
1192 2365 1314 2408 Propst
1342 2362 1476 2396 Johmm
1507 2374 1577 2395 zum
1610 2361 1770 2405 Bia-cleosa
1799 2373 1860 2395 1·οη
1884 2361 2025 2394 Olmmz.

593 2427 648 2460 Di.
681 2427 861 2460 slrim'om'.
894 2425 952 2458 ll'.
985 2424 1062 2457 Idus
1093 2425 1222 2469 ,lpre'lt's
1253 2423 1332 2465 (10.
1365 2423 1487 2466 April)
1524 2422 1628 2455 1334.

345 2502 536 2555 Johannes
571 2521 753 2567 Episcopus
786 2520 914 2553 Servus
947 2519 1128 2553 Servorum
1160 2521 1219 2554 Dei
1249 2519 1364 2553 dilecto
1394 2518 1457 2551 lilio
1485 2517 1626 2551 ‚iohanni
1663 2517 1776 2551 Electo
1814 2516 2025 2550 olomucensi

193 2582 338 2617 Salutem
368 2587 399 2616 et
427 2582 652 2628 Apostolieam
685 2581 964 2615 llenedictionem.
