2184 2828
1035 115 1108 152 866

1022 285 1129 321 255.

143 360 355 405 Klayebre’ef
375 362 437 396 der
465 362 601 406 Bi'c'rqer
630 372 692 396 con
725 362 862 397 Teltscla
891 375 934 396 (ιιι
963 364 1025 396 (len
1055 363 1168 407 Koteiq
1196 362 1334 396 ιΙοΙιαηη
1364 374 1426 397 core
1455 363 1616 399 Bohmen.
1649 364 1744 398 1331
1773 366 1855 399 oder
1883 365 1994 400 1332.

324 436 463 503 lnclyto
492 459 632 503 principi
668 469 707 491 ac
742 457 874 492 domino
908 468 968 491 suo
1003 457 1193 500 metuendo,
1229 457 1360 492 domino
1393 457 1549 498 Johanni„
1588 462 1658 504 regi
1688 459 1881 503 Boliemiae,
1918 463 1997 494 uni-

144 518 288 550 versitas
317 516 540 562 orphanorum
571 529 629 551 sen
659 521 780 552 civium
811 529 947 552 suorum
977 520 1007 551 in
1039 517 1153 561 Telcz,
1183 529 1220 553 sc
1249 519 1289 552 ad
1319 521 1459 564 quaevis
1488 521 1592 564 ipsius
1621 520 1774 553 mandata
1804 524 1836 553 et
1857 523 1996 555 servitia

138 577 264 621 jugiter
291 576 465 621 obligatos.

324 637 503 672 Serenitati
533 650 572 672 ae
601 639 816 673 dominationi
846 643 981 672 vestrae
1009 649 1096 673 voce
1125 640 1261 684 querula
1291 638 1527 685 praesentibus
1563 639 1715 674 duximus
1745 640 1997 685 propalandum,

143 697 228 741 quod
258 697 409 731 dominus
443 698 484 731 dc
517 698 667 745 Ltsperk,
703 710 798 744 quem
834 699 1013 732 dominatio
1046 703 1159 733 vestra
1192 699 1288 734 nobis
1324 711 1383 745 pro
1418 702 1592 745 capitaneo
1625 705 1657 733 et
1693 705 1799 734 tutore
1833 703 1996 745 assigna-

142 761 250 797 verat„
280 760 387 792 minus
413 759 505 802 juste
534 770 593 804 pro
622 759 873 804 quadringentis
902 761 1086 803 sexagenis
1115 770 1309 804 grossorum
1340 759 1551 793 denariorum
1577 759 1793 805 Pragensium
1820 760 1997 806 dampnum

142 818 247 851 intulit
275 822 421 852 ceterum
450 819 502 864 (?)
529 819 638 863 judici
662 824 775 853 nostro
804 819 845 853 N.
876 830 949 853 cum
979 830 1022 853 ex
1052 820 1206 854 mandato
1235 824 1348 855 vestro
1373 820 1412 853 ad
1438 823 1577 864 gratiam
1604 825 1749 855 vestram
1776 823 1806 854 in
1829 820 1997 855 Brunnam

140 881 303 917 venisset,
334 890 407 913 eum
437 882 654 914 intentionem
685 880 851 913 muniendi
881 883 984 925 ipsam
1016 882 1183 914 civitatem
1213 879 1398 923 habebatis,
1428 885 1461 914 et
1489 885 1566 914 tunc
1595 882 1788 927 specialiter
1817 881 1924 914 eidem
1953 880 1994 915 N.

141 938 337 983 mandastis,
367 944 401 973 ut
429 940 526 974 villas
556 945 588 974 et
622 940 835 981 hereditatesq
871 952 952 986 quas
991 940 1167 974 dominus.
1187 968 1192 974 .
1211 941 1377 974 desolatas
1411 940 1550 984 fecerat‚
1586 942 1670 975 idem
1700 940 1740 975 N.
1772 952 1936 976 revocare
1965 946 1999 975 et

141 998 324 1034 reformare
352 999 502 1042 deberet,
533 1001 618 1046 quod
647 1005 679 1034 et
708 1001 787 1035 fecit
815 1001 979 1035 mandatis
1010 1004 1134 1035 vestris
1164 1001 1362 1035 obediendo.
1393 1001 1534 1047 Insuper
1558 1004 1790 1048 praecepistis,
1815 1006 1850 1035 ut
1873 1001 1997 1047 siquid

140 1063 389 1095 contrarietatis
417 1072 476 1107 per
504 1072 748 1106 quemcumque
776 1062 956 1107 praedietis
985 1061 1188 1108 pauperibus
1218 1064 1342 1096 vestris
1371 1063 1524 1104 oriretur,
1553 1064 1681 1107 gratiae
1710 1066 1847 1096 vestrae
1872 1061 1997 1096 debere

139 1126 302 1157 intimare.
334 1122 513 1156 Praeterea
543 1133 617 1155 cum
646 1122 752 1155 [lictus
772 1121 915 1167 Lisperk
940 1121 1075 1156 eosdem
1103 1133 1268 1168 pauperes
1293 1125 1497 1168 opprimeret
1521 1127 1553 1156 et
1576 1127 1747 1167 gravaret„
1769 1122 1855 1168 quod
1876 1122 1997 1157 videns

138 1183 329 1229 praedictus
365 1182 404 1217 N.
441 1194 477 1217 se
512 1182 552 1216 ad
588 1182 785 1217 visitandum
821 1185 962 1227 gratiam
997 1187 1142 1217 vestram
1182 1183 1220 1216 ad
1256 1186 1415 1227 regiones
1450 1182 1668 1216 Lambardiae
1703 1185 1842 1228 recepit7
1877 1182 1997 1217 volens

138 1244 201 1278 hoc
237 1246 367 1289 ‚gratiae
405 1248 541 1278 vestrae
579 1244 764 1285 notificare,
799 1247 831 1277 et
868 1254 931 1277 vos
969 1246 1001 1277 in
1038 1246 1172 1278 civitate
1210 1243 1297 1277 dicta
1336 1242 1502 1277 Crimonia
1541 1245 1678 1286 invenit,
1717 1248 1749 1276 et
1785 1244 1916 1276 literam
1953 1254 1996 1277 ex

138 1307 374 1339 communitate
411 1315 592 1350 pauperum
634 1304 730 1338 vobis
766 1306 1005 1350 praesentavit.
1045 1303 1126 1337 Item
1164 1306 1199 1337 in
1239 1304 1301 1338 alia
1339 1306 1487 1346 civitate,
1526 1306 1658 1337 nomine
1694 1303 1823 1346 Parma,
1863 1304 1997 1337 domino

137 1365 249 1400 Utrico
286 1366 372 1399 dicto
408 1365 524 1410 Phiug,
561 1368 747 1399 camerario
783 1370 897 1399 vestro
932 1367 1156 1407 commisistis,
1193 1368 1226 1398 ut
1260 1364 1411 1410 partibus
1446 1367 1594 1410 utrisque
1630 1363 1748 1398 auditis
1783 1366 1871 1397 inter
1904 1366 1995 1410 ipsos

136 1426 275 1473 pacifice
303 1426 544 1472 complanaret,
580 1425 665 1471 quod
701 1436 812 1459 coram
846 1425 942 1459 vobis
977 1424 1064 1458 idem
1094 1422 1235 1471 Lisperk
1270 1427 1477 1470 promittens,
1515 1429 1615 1458 totum
1650 1423 1803 1466 violavit,
1837 1428 1870 1457 et
1896 1428 1996 1469 post-

138 1498 234 1533 quam
264 1487 396 1520 domine
425 1486 502 1520 Rex
532 1489 564 1519 in
593 1490 704 1532 partes
734 1485 893 1520 Boemiae
921 1488 1115 1527 revenistis,
1147 1486 1302 1520 videlicet
1338 1489 1369 1519 in
1399 1485 1494 1528 Tust,
1531 1484 1649 1519 ibidem
1678 1487 1741 1531 ipsi
1769 1483 1810 1518 N.
1842 1489 1874 1518 et
1901 1484 1995 1518 fratri

138 1559 199 1582 suo
229 1547 269 1581 de
298 1546 452 1581 omnibus
481 1546 679 1581 satisfacere
709 1549 870 1592 promisit,
906 1547 992 1593 quod
1028 1557 1093 1580 non
1127 1545 1219 1589 fecit,
1253 1546 1312 1580 sed
1347 1549 1378 1579 in
1409 1546 1510 1580 Telcz
1544 1548 1698 1587 veniens,
1730 1548 1809 1590 ipsis
1839 1544 1996 1579 fratribus

137 1608 210 1654 plus
240 1619 336 1654 quam
366 1618 426 1654 pro
455 1606 513 1640 LX
542 1610 724 1651 sexagenis
754 1607 909 1641 damnum
939 1608 1055 1647 intulitq
1086 1611 1118 1641 et
1146 1617 1272 1640 uxores
1302 1617 1417 1640 eorum
1447 1617 1519 1640 cum
1549 1608 1661 1652 pueris
1690 1608 1722 1639 in
1749 1605 1858 1639 medio
1879 1605 1997 1639 hiemis

136 1668 177 1703 de
206 1671 341 1702 civitate
370 1669 479 1713 ejecit,

448 1746 577 1779 ‹Palacky‘
603 1746 667 1772 uber
690 1746 900 1772 Formelbiicher
928 1746 946 1772 l.
972 1745 1117 1780 Lielerung
1143 1746 1170 1772 S.
1198 1745 1267 1773 341.
1295 1755 1309 1771 n
1348 1746 1431 1779 143.)

1016 1900 1122 1936 286.

212 1979 352 2024 Herzog]
382 1979 539 2013 Isazz'mz'i·
568 1989 631 2012 con
664 1978 817 2012 Teselceie
846 1982 1007 2012 erneuert
1036 1979 1098 2012 [las
1126 1978 1351 2023 P1·2‘z=2·le9ium
1379 1978 1440 2011 cler
1468 1977 1673 2012 Seleo'lz-erei
1698 1987 1740 2009 zu
1770 1975 1915 2010 Hrusow

465 2038 707 2082 (Grusclzow).
738 2039 821 2073 Dto.
858 2039 893 2074 V.
923 2039 1005 2072 Kal.
1035 2038 1223 2073 Februarii
1251 2037 1333 2081 [28.
1363 2038 1516 2081 Ja'lmer)
1549 2036 1659 2071 1332.

316 2098 363 2151 ln
391 2116 535 2152 Nomine
565 2116 698 2150 Domini
727 2117 850 2151 Amen.
880 2116 1045 2157 Quoniam
1074 2127 1131 2151 res
1160 2121 1257 2161 geste
1286 2116 1326 2150 de
1354 2116 1445 2150 facili
1480 2127 1498 2150 a
1527 2117 1684 2149 memoria
1719 2115 1851 2148 euolant
1879 2114 1992 2148 homi—

134 2189 223 2220 num,
253 2181 279 2213 si
309 2189 376 2212 non
403 2178 587 2212 litterarum
616 2176 765 2223 apicibus
795 2181 849 2212 aut
877 2179 1010 2212 testium
1040 2176 1179 2211 uocibus
1206 2176 1417 2220 roborentur,
1452 2175 1592 2222 proinde
1625 2173 1696 2208 Nos
1725 2174 1909 2208 Casimirus
1938 2174 1990 2208 dei

135 2240 242 2283 gratia
272 2238 349 2272 Dux
378 2238 632 2281 Teschinensis‚
663 2237 704 2270 ad
732 2240 889 2272 noticiam
919 2239 1153 2273 vniuersorum
1183 2241 1247 2271 tam
1275 2240 1477 2284 presentium
1506 2246 1602 2281 quam
1630 2234 1813 2269 futurorum
1839 2234 1991 2269 uolumus

135 2298 306 2339 deuenire‚
337 2299 423 2344 quod
453 2299 601 2333 inclinati
629 2297 785 2344 precibus
815 2297 1047 2341 Staschconis‚
1077 2297 1218 2332 Sculteti
1253 2297 1294 2332 de-
1323 2296 1522 2339 Gruschow„
1558 2294 1815 2330 lustramentum
1849 2296 1992 2329 litterale

135 2358 222 2405 quod
251 2359 325 2392 olim
355 2370 415 2405 per
444 2364 578 2394 nostros
607 2361 841 2405 progenitores
871 2369 973 2405 super
1001 2358 1118 2393 eadem
1149 2358 1309 2393 Scultetia
1338 2361 1370 2392 in
1400 2355 1589 2391 Gruschow
1616 2358 1842 2402 conscriptum
1867 2354 1988 2398 fuerat,

134 2425 167 2453 et
194 2419 225 2453 id
256 2418 459 2463 negligentia
489 2420 623 2464 interijt⁷
658 2421 691 2453 in
719 2419 818 2465 pleno
850 2421 923 2454 iure
956 2430 1017 2454 suo
1050 2419 1241 2465 quotidiano
1278 2421 1397 2466 potitus
1429 2420 1511 2459 erat,
1549 2421 1580 2450 et
1613 2419 1703 2450 iuxta
1740 2416 1825 2462 quod
1859 2416 1989 2462 plenius

133 2479 301 2514 informati
332 2479 703 2514 sumus.renouandum
737 2479 872 2524 dignum
910 2479 1066 2515 duximus
1099 2482 1133 2513 in
1165 2479 1253 2513 hunc
1285 2478 1429 2521 modum,
1464 2475 1622 2511 videlieet
1655 2477 1742 2523 quod
1770 2480 1841 2522 ipsa
1870 2475 1987 2510 eadem

135 2540 212 2575 villa
242 2539 431 2574 Gruschow
459 2540 586 2586 pridem
616 2540 768 2574 distincta
797 2545 829 2574 et
856 2541 992 2574 limitata
1021 2543 1053 2574 in
1082 2538 1224 2585 gadibus
1254 2542 1322 2574 suis
1348 2539 1463 2582 viginti
1490 2548 1625 2572 mansos
1646 2536 1874 2572 Franconicos
1898 2539 1988 2570 inte-

134 2600 271 2646 graliter
300 2603 459 2643 continet,
490 2600 529 2634 de
559 2600 678 2646 quihus
708 2600 746 2635 ad
776 2600 939 2646 prefatum
970 2600 1144 2635 scultetum
1179 2599 1278 2634 filium
1312 2597 1476 2643 quondam
1508 2597 1751 2644 Sadoschonis7
1781 2601 1812 2631 et
1841 2596 1881 2630 ad
1909 2606 1989 2632 suos
