<?xml version="1.0" encoding="UTF-8"?>
<!DOCTYPE html PUBLIC "-//W3C//DTD XHTML 1.0 Transitional//EN"
    "http://www.w3.org/TR/xhtml1/DTD/xhtml1-transitional.dtd">
<html xmlns="http://www.w3.org/1999/xhtml" xml:lang="en" lang="en">
 <head>
  <title>
</title>
<meta http-equiv="Content-Type" content="text/html;charset=utf-8" />
  <meta name='ocr-system' content='tesseract 3.04.00' />
  <meta name='ocr-capabilities' content='ocr_page ocr_carea ocr_par ocr_line ocrx_word'/>
</head>
<body>
  <div class='ocr_page' id='page_1' title='image "./codexdiplomaticu07morauoft_1038.png"; bbox 0 0 2184 2828; ppageno 0'>
   <div class='ocr_carea' id='block_1_1' title="bbox 1054 126 1127 161">
    <p class='ocr_par' dir='ltr' id='par_1_1' title="bbox 1054 126 1127 161">
     <span class='ocr_line' id='line_1_1' title="bbox 1054 126 1127 161; baseline -0.014 0"><span class='ocrx_word' id='word_1_1' title='bbox 1054 126 1127 161; x_wconf 88' lang='grc'>906</span> 
     </span>
    </p>
   </div>
   <div class='ocr_carea' id='block_1_2' title="bbox 162 244 2012 1376">
    <p class='ocr_par' dir='ltr' id='par_1_2' title="bbox 162 244 2012 1376">
     <span class='ocr_line' id='line_1_2' title="bbox 170 244 2009 290; baseline 0.001 -12"><span class='ocrx_word' id='word_1_2' title='bbox 170 244 365 278; x_wconf 68' lang='lat' dir='ltr'>liberalitate</span> <span class='ocrx_word' id='word_1_3' title='bbox 393 247 537 288; x_wconf 82' lang='lat' dir='ltr'>gratuite</span> <span class='ocrx_word' id='word_1_4' title='bbox 565 246 848 278; x_wconf 68' lang='lat' dir='ltr'>remuneracionis</span> <span class='ocrx_word' id='word_1_5' title='bbox 876 247 1000 290; x_wconf 87' lang='lat' dir='ltr'>premia</span> <span class='ocrx_word' id='word_1_6' title='bbox 1028 248 1213 289; x_wconf 85' lang='lat' dir='ltr'>reportare,</span> <span class='ocrx_word' id='word_1_7' title='bbox 1243 244 1353 278; x_wconf 88' lang='lat' dir='ltr'>villam</span> <span class='ocrx_word' id='word_1_8' title='bbox 1382 247 1527 278; x_wconf 88' lang='lat' dir='ltr'>nostram</span> <span class='ocrx_word' id='word_1_9' title='bbox 1556 244 1739 279; x_wconf 85' lang='lat' dir='ltr'>Holitzow.</span> <span class='ocrx_word' id='word_1_10' title='bbox 1757 244 2009 289; x_wconf 86' lang='lat' dir='ltr'>..adjacentem</span> 
     </span>
     <span class='ocr_line' id='line_1_3' title="bbox 170 304 2012 350; baseline 0.001 -13"><span class='ocrx_word' id='word_1_11' title='bbox 170 316 244 337; x_wconf 93' lang='lat' dir='ltr'>cum</span> <span class='ocrx_word' id='word_1_12' title='bbox 273 308 340 338; x_wconf 87' lang='lat' dir='ltr'>suis</span> <span class='ocrx_word' id='word_1_13' title='bbox 367 304 560 339; x_wconf 64' lang='lat' dir='ltr'>redditibus„</span> <span class='ocrx_word' id='word_1_14' title='bbox 592 304 765 347; x_wconf 60' lang='lat' dir='ltr'>mensibus„</span> <span class='ocrx_word' id='word_1_15' title='bbox 796 307 947 350; x_wconf 86' lang='lat' dir='ltr'>piscariis</span> <span class='ocrx_word' id='word_1_16' title='bbox 975 308 1007 337; x_wconf 84' lang='lat' dir='ltr'>et</span> <span class='ocrx_word' id='word_1_17' title='bbox 1034 308 1114 337; x_wconf 87' lang='lat' dir='ltr'>cetr.</span> <span class='ocrx_word' id='word_1_18' title='bbox 1146 315 1208 337; x_wconf 91' lang='lat' dir='ltr'>nec</span> <span class='ocrx_word' id='word_1_19' title='bbox 1237 315 1302 338; x_wconf 90' lang='lat' dir='ltr'>non</span> <span class='ocrx_word' id='word_1_20' title='bbox 1331 315 1404 337; x_wconf 92' lang='lat' dir='ltr'>eum</span> <span class='ocrx_word' id='word_1_21' title='bbox 1434 304 1573 348; x_wconf 84' lang='lat' dir='ltr'>singulis</span> <span class='ocrx_word' id='word_1_22' title='bbox 1601 304 1802 348; x_wconf 79' lang='lat' dir='ltr'>utilitatibus⁷</span> <span class='ocrx_word' id='word_1_23' title='bbox 1824 304 1952 350; x_wconf 87' lang='lat' dir='ltr'>juribus</span> <span class='ocrx_word' id='word_1_24' title='bbox 1977 309 2012 339; x_wconf 82' lang='lat' dir='ltr'>et</span> 
     </span>
     <span class='ocr_line' id='line_1_4' title="bbox 167 363 2008 411; baseline 0.001 -14"><span class='ocrx_word' id='word_1_25' title='bbox 167 367 394 409; x_wconf 70' lang='lat' dir='ltr'>pertinenciis,</span> <span class='ocrx_word' id='word_1_26' title='bbox 424 367 455 398; x_wconf 91' lang='lat' dir='ltr'>in</span> <span class='ocrx_word' id='word_1_27' title='bbox 484 365 732 410; x_wconf 66' lang='lat' dir='ltr'>quibuscunque</span> <span class='ocrx_word' id='word_1_28' title='bbox 768 365 867 398; x_wconf 82' lang='lat' dir='ltr'>rebus</span> <span class='ocrx_word' id='word_1_29' title='bbox 902 367 1096 406; x_wconf 75' lang='lat' dir='ltr'>consistant,</span> <span class='ocrx_word' id='word_1_30' title='bbox 1132 363 1248 408; x_wconf 88' lang='lat' dir='ltr'>quibus</span> <span class='ocrx_word' id='word_1_31' title='bbox 1283 364 1323 397; x_wconf 90' lang='lat' dir='ltr'>ad</span> <span class='ocrx_word' id='word_1_32' title='bbox 1359 364 1522 411; x_wconf 88' lang='lat' dir='ltr'>quondam</span> <span class='ocrx_word' id='word_1_33' title='bbox 1551 363 1795 410; x_wconf 51' lang='lat' dir='ltr'>Haymspncm‘)</span> <span class='ocrx_word' id='word_1_34' title='bbox 1831 365 1872 398; x_wconf 86' lang='lat' dir='ltr'>de</span> <span class='ocrx_word' id='word_1_35' title='bbox 1902 365 2008 408; x_wconf 73' lang='lat' dir='ltr'>Duba,</span> 
     </span>
     <span class='ocr_line' id='line_1_5' title="bbox 169 423 2011 471; baseline 0.001 -13"><span class='ocrx_word' id='word_1_36' title='bbox 169 427 271 469; x_wconf 80' lang='lat' dir='ltr'>ipsius</span> <span class='ocrx_word' id='word_1_37' title='bbox 300 423 462 458; x_wconf 82' lang='lat' dir='ltr'>Hinconis</span> <span class='ocrx_word' id='word_1_38' title='bbox 492 424 597 457; x_wconf 59' lang='lat' dir='ltr'>1301·oe</span> <span class='ocrx_word' id='word_1_39' title='bbox 626 429 763 469; x_wconf 67' lang='lat' dir='ltr'>patrem,</span> <span class='ocrx_word' id='word_1_40' title='bbox 794 424 868 458; x_wconf 90' lang='lat' dir='ltr'>olim</span> <span class='ocrx_word' id='word_1_41' title='bbox 896 426 970 468; x_wconf 89' lang='lat' dir='ltr'>jure</span> <span class='ocrx_word' id='word_1_42' title='bbox 998 426 1211 470; x_wconf 76' lang='lat' dir='ltr'>proprietatis</span> <span class='ocrx_word' id='word_1_43' title='bbox 1241 428 1273 458; x_wconf 92' lang='lat' dir='ltr'>et</span> <span class='ocrx_word' id='word_1_44' title='bbox 1300 424 1434 457; x_wconf 91' lang='lat' dir='ltr'>dominii</span> <span class='ocrx_word' id='word_1_45' title='bbox 1463 424 1683 470; x_wconf 32' lang='lat' dir='ltr'>pertinebant*</span> <span class='ocrx_word' id='word_1_46' title='bbox 1709 430 1741 458; x_wconf 87' lang='lat' dir='ltr'>et</span> <span class='ocrx_word' id='word_1_47' title='bbox 1766 429 2011 471; x_wconf 83' lang='lat' dir='ltr'>consequenter</span> 
     </span>
     <span class='ocr_line' id='line_1_6' title="bbox 167 483 2009 530; baseline 0.001 -13"><span class='ocrx_word' id='word_1_48' title='bbox 167 484 205 517; x_wconf 82' lang='lat' dir='ltr'>ad</span> <span class='ocrx_word' id='word_1_49' title='bbox 236 495 297 518; x_wconf 90' lang='lat' dir='ltr'>nos</span> <span class='ocrx_word' id='word_1_50' title='bbox 326 489 359 517; x_wconf 86' lang='lat' dir='ltr'>ct</span> <span class='ocrx_word' id='word_1_51' title='bbox 387 485 425 517; x_wconf 87' lang='lat' dir='ltr'>ad</span> <span class='ocrx_word' id='word_1_52' title='bbox 456 495 594 527; x_wconf 69' lang='lat' dir='ltr'>regnum</span> <span class='ocrx_word' id='word_1_53' title='bbox 623 489 770 518; x_wconf 86' lang='lat' dir='ltr'>nostruin</span> <span class='ocrx_word' id='word_1_54' title='bbox 801 484 936 518; x_wconf 84' lang='lat' dir='ltr'>Boemie</span> <span class='ocrx_word' id='word_1_55' title='bbox 970 495 1030 530; x_wconf 88' lang='lat' dir='ltr'>per</span> <span class='ocrx_word' id='word_1_56' title='bbox 1062 484 1226 529; x_wconf 89' lang='lat' dir='ltr'>quondam</span> <span class='ocrx_word' id='word_1_57' title='bbox 1256 483 1483 518; x_wconf 88' lang='lat' dir='ltr'>venerabilem</span> <span class='ocrx_word' id='word_1_58' title='bbox 1513 484 1697 519; x_wconf 86' lang='lat' dir='ltr'>Hinconem</span> <span class='ocrx_word' id='word_1_59' title='bbox 1728 485 1767 518; x_wconf 85' lang='lat' dir='ltr'>de</span> <span class='ocrx_word' id='word_1_60' title='bbox 1796 485 1903 529; x_wconf 70' lang='lat' dir='ltr'>Duba,</span> <span class='ocrx_word' id='word_1_61' title='bbox 1933 486 2009 520; x_wconf 86' lang='lat' dir='ltr'>dicti</span> 
     </span>
     <span class='ocr_line' id='line_1_7' title="bbox 166 544 2010 592; baseline 0.002 -15"><span class='ocrx_word' id='word_1_62' title='bbox 166 545 275 578; x_wconf 56' lang='lat' dir='ltr'>lsserce</span> <span class='ocrx_word' id='word_1_63' title='bbox 302 544 450 585; x_wconf 67' lang='lat' dir='ltr'>fratrem,</span> <span class='ocrx_word' id='word_1_64' title='bbox 481 545 735 578; x_wconf 79' lang='lat' dir='ltr'>Olomuccnsem</span> <span class='ocrx_word' id='word_1_65' title='bbox 771 545 984 591; x_wconf 62' lang='lat' dir='ltr'>Episcopum„</span> <span class='ocrx_word' id='word_1_66' title='bbox 1020 544 1207 590; x_wconf 82' lang='lat' dir='ltr'>Principem</span> <span class='ocrx_word' id='word_1_67' title='bbox 1242 549 1389 578; x_wconf 89' lang='lat' dir='ltr'>nostrum</span> <span class='ocrx_word' id='word_1_68' title='bbox 1423 544 1588 587; x_wconf 80' lang='lat' dir='ltr'>dilectum,</span> <span class='ocrx_word' id='word_1_69' title='bbox 1619 546 1710 579; x_wconf 90' lang='lat' dir='ltr'>titulo</span> <span class='ocrx_word' id='word_1_70' title='bbox 1739 547 1921 591; x_wconf 85' lang='lat' dir='ltr'>empcionis</span> <span class='ocrx_word' id='word_1_71' title='bbox 1949 556 2010 592; x_wconf 89' lang='lat' dir='ltr'>pro</span> 
     </span>
     <span class='ocr_line' id='line_1_8' title="bbox 165 604 2010 651; baseline 0.001 -13"><span class='ocrx_word' id='word_1_72' title='bbox 165 610 255 639; x_wconf 85' lang='lat' dir='ltr'>certa</span> <span class='ocrx_word' id='word_1_73' title='bbox 286 609 426 651; x_wconf 79' lang='lat' dir='ltr'>pecunie</span> <span class='ocrx_word' id='word_1_74' title='bbox 454 608 634 650; x_wconf 87' lang='lat' dir='ltr'>quantitate</span> <span class='ocrx_word' id='word_1_75' title='bbox 662 609 827 651; x_wconf 73' lang='lat' dir='ltr'>pervenit„</span> <span class='ocrx_word' id='word_1_76' title='bbox 862 616 1057 651; x_wconf 88' lang='lat' dir='ltr'>quamquam</span> <span class='ocrx_word' id='word_1_77' title='bbox 1087 604 1194 638; x_wconf 90' lang='lat' dir='ltr'>eidem</span> <span class='ocrx_word' id='word_1_78' title='bbox 1222 604 1376 647; x_wconf 73' lang='lat' dir='ltr'>Hinconi,</span> <span class='ocrx_word' id='word_1_79' title='bbox 1414 607 1482 639; x_wconf 87' lang='lat' dir='ltr'>suis</span> <span class='ocrx_word' id='word_1_80' title='bbox 1516 605 1727 649; x_wconf 75' lang='lat' dir='ltr'>exigentibus</span> <span class='ocrx_word' id='word_1_81' title='bbox 1762 609 1886 639; x_wconf 87' lang='lat' dir='ltr'>meritis</span> <span class='ocrx_word' id='word_1_82' title='bbox 1914 606 2010 640; x_wconf 87' lang='lat' dir='ltr'>nobis</span> 
     </span>
     <span class='ocr_line' id='line_1_9' title="bbox 164 665 2011 712; baseline 0.001 -14"><span class='ocrx_word' id='word_1_83' title='bbox 164 666 301 711; x_wconf 80' lang='lat' dir='ltr'>placidis</span> <span class='ocrx_word' id='word_1_84' title='bbox 329 670 362 699; x_wconf 90' lang='lat' dir='ltr'>et</span> <span class='ocrx_word' id='word_1_85' title='bbox 390 669 549 712; x_wconf 76' lang='lat' dir='ltr'>acceptis⁷</span> <span class='ocrx_word' id='word_1_86' title='bbox 579 666 785 711; x_wconf 89' lang='lat' dir='ltr'>postmodum</span> <span class='ocrx_word' id='word_1_87' title='bbox 815 677 982 710; x_wconf 81' lang='lat' dir='ltr'>generose</span> <span class='ocrx_word' id='word_1_88' title='bbox 1011 665 1051 699; x_wconf 89' lang='lat' dir='ltr'>ad</span> <span class='ocrx_word' id='word_1_89' title='bbox 1074 668 1144 700; x_wconf 87' lang='lat' dir='ltr'>vite</span> <span class='ocrx_word' id='word_1_90' title='bbox 1167 676 1227 699; x_wconf 88' lang='lat' dir='ltr'>sue</span> <span class='ocrx_word' id='word_1_91' title='bbox 1252 670 1414 711; x_wconf 71' lang='lat' dir='ltr'>tempora,</span> <span class='ocrx_word' id='word_1_92' title='bbox 1439 669 1513 710; x_wconf 88' lang='lat' dir='ltr'>post</span> <span class='ocrx_word' id='word_1_93' title='bbox 1537 676 1610 699; x_wconf 90' lang='lat' dir='ltr'>eum</span> <span class='ocrx_word' id='word_1_94' title='bbox 1635 666 1720 700; x_wconf 91' lang='lat' dir='ltr'>dicto</span> <span class='ocrx_word' id='word_1_95' title='bbox 1744 666 1883 700; x_wconf 89' lang='lat' dir='ltr'>Hinconi</span> <span class='ocrx_word' id='word_1_96' title='bbox 1904 666 2011 700; x_wconf 85' lang='lat' dir='ltr'>Berce</span> 
     </span>
     <span class='ocr_line' id='line_1_10' title="bbox 167 725 2011 772; baseline 0.001 -13"><span class='ocrx_word' id='word_1_97' title='bbox 167 726 315 759; x_wconf 79' lang='lat' dir='ltr'>similiter</span> <span class='ocrx_word' id='word_1_98' title='bbox 348 737 408 772; x_wconf 90' lang='lat' dir='ltr'>pro</span> <span class='ocrx_word' id='word_1_99' title='bbox 442 729 509 760; x_wconf 74' lang='lat' dir='ltr'>vite</span> <span class='ocrx_word' id='word_1_100' title='bbox 543 737 604 760; x_wconf 88' lang='lat' dir='ltr'>sue</span> <span class='ocrx_word' id='word_1_101' title='bbox 639 730 779 760; x_wconf 88' lang='lat' dir='ltr'>termino</span> <span class='ocrx_word' id='word_1_102' title='bbox 814 726 1013 761; x_wconf 88' lang='lat' dir='ltr'>contulimus</span> <span class='ocrx_word' id='word_1_103' title='bbox 1046 725 1293 772; x_wconf 71' lang='lat' dir='ltr'>possidendam,</span> <span class='ocrx_word' id='word_1_104' title='bbox 1328 737 1416 759; x_wconf 92' lang='lat' dir='ltr'>nunc</span> <span class='ocrx_word' id='word_1_105' title='bbox 1451 725 1546 760; x_wconf 91' lang='lat' dir='ltr'>nobis</span> <span class='ocrx_word' id='word_1_106' title='bbox 1574 732 1749 760; x_wconf 86' lang='lat' dir='ltr'>vacantem</span> <span class='ocrx_word' id='word_1_107' title='bbox 1778 729 1839 772; x_wconf 87' lang='lat' dir='ltr'>ipsi</span> <span class='ocrx_word' id='word_1_108' title='bbox 1868 726 2011 761; x_wconf 88' lang='lat' dir='ltr'>Hinconi</span> 
     </span>
     <span class='ocr_line' id='line_1_11' title="bbox 164 786 2010 832; baseline 0.001 -13"><span class='ocrx_word' id='word_1_109' title='bbox 164 786 272 820; x_wconf 76' lang='lat' dir='ltr'>Ber-ce</span> <span class='ocrx_word' id='word_1_110' title='bbox 301 786 429 829; x_wconf 85' lang='lat' dir='ltr'>damus,</span> <span class='ocrx_word' id='word_1_111' title='bbox 459 786 630 829; x_wconf 76' lang='lat' dir='ltr'>tradimus,</span> <span class='ocrx_word' id='word_1_112' title='bbox 660 786 862 820; x_wconf 79' lang='lat' dir='ltr'>conserimus</span> <span class='ocrx_word' id='word_1_113' title='bbox 895 791 927 820; x_wconf 88' lang='lat' dir='ltr'>et</span> <span class='ocrx_word' id='word_1_114' title='bbox 964 786 1124 820; x_wconf 82' lang='lat' dir='ltr'>donamus</span> <span class='ocrx_word' id='word_1_115' title='bbox 1160 786 1333 829; x_wconf 59' lang='lat' dir='ltr'>Tenendm</span> <span class='ocrx_word' id='word_1_116' title='bbox 1369 786 1533 824; x_wconf 57' lang='lat' dir='ltr'>habendaq</span> <span class='ocrx_word' id='word_1_117' title='bbox 1568 798 1607 821; x_wconf 88' lang='lat' dir='ltr'>ac</span> <span class='ocrx_word' id='word_1_118' title='bbox 1635 787 1819 821; x_wconf 82' lang='lat' dir='ltr'>util&#39;ruenda</span> <span class='ocrx_word' id='word_1_119' title='bbox 1850 798 1908 832; x_wconf 83' lang='lat' dir='ltr'>per</span> <span class='ocrx_word' id='word_1_120' title='bbox 1936 798 2010 821; x_wconf 88' lang='lat' dir='ltr'>eum</span> 
     </span>
     <span class='ocr_line' id='line_1_12' title="bbox 165 833 2009 893; baseline 0.001 -13"><span class='ocrx_word' id='word_1_121' title='bbox 165 847 307 881; x_wconf 85' lang='lat' dir='ltr'>heredes</span> <span class='ocrx_word' id='word_1_122' title='bbox 342 859 382 880; x_wconf 88' lang='lat' dir='ltr'>ac</span> <span class='ocrx_word' id='word_1_123' title='bbox 417 833 641 882; x_wconf 54' lang='lat' dir='ltr'>successores⁸</span> <span class='ocrx_word' id='word_1_124' title='bbox 670 850 815 893; x_wconf 88' lang='lat' dir='ltr'>ipsorum</span> <span class='ocrx_word' id='word_1_125' title='bbox 850 850 882 881; x_wconf 91' lang='lat' dir='ltr'>in</span> <span class='ocrx_word' id='word_1_126' title='bbox 915 852 1111 893; x_wconf 85' lang='lat' dir='ltr'>perpetuum</span> <span class='ocrx_word' id='word_1_127' title='bbox 1146 847 1283 893; x_wconf 82' lang='lat' dir='ltr'>pacifice</span> <span class='ocrx_word' id='word_1_128' title='bbox 1318 851 1350 880; x_wconf 87' lang='lat' dir='ltr'>et</span> <span class='ocrx_word' id='word_1_129' title='bbox 1385 850 1508 892; x_wconf 74' lang='lat' dir='ltr'>quiete,</span> <span class='ocrx_word' id='word_1_130' title='bbox 1537 846 1643 881; x_wconf 80' lang='lat' dir='ltr'>Nichil</span> <span class='ocrx_word' id='word_1_131' title='bbox 1667 849 1751 892; x_wconf 89' lang='lat' dir='ltr'>juris</span> <span class='ocrx_word' id='word_1_132' title='bbox 1786 850 2009 893; x_wconf 70' lang='lat' dir='ltr'>proprietatis,</span> 
     </span>
     <span class='ocr_line' id='line_1_13' title="bbox 163 907 2009 953; baseline 0.002 -14"><span class='ocrx_word' id='word_1_133' title='bbox 163 910 361 951; x_wconf 67' lang='lat' dir='ltr'>questionis,</span> <span class='ocrx_word' id='word_1_134' title='bbox 389 907 443 942; x_wconf 84' lang='lat' dir='ltr'>vet</span> <span class='ocrx_word' id='word_1_135' title='bbox 472 910 613 941; x_wconf 85' lang='lat' dir='ltr'>actionis</span> <span class='ocrx_word' id='word_1_136' title='bbox 642 910 674 940; x_wconf 89' lang='lat' dir='ltr'>in</span> <span class='ocrx_word' id='word_1_137' title='bbox 704 907 791 940; x_wconf 88' lang='lat' dir='ltr'>dicta</span> <span class='ocrx_word' id='word_1_138' title='bbox 820 907 910 950; x_wconf 69' lang='lat' dir='ltr'>villa,</span> <span class='ocrx_word' id='word_1_139' title='bbox 938 907 993 941; x_wconf 90' lang='lat' dir='ltr'>vel</span> <span class='ocrx_word' id='word_1_140' title='bbox 1023 908 1095 951; x_wconf 87' lang='lat' dir='ltr'>ejus</span> <span class='ocrx_word' id='word_1_141' title='bbox 1124 907 1326 945; x_wconf 62' lang='lat' dir='ltr'>utilitatibus„</span> <span class='ocrx_word' id='word_1_142' title='bbox 1356 907 1486 951; x_wconf 87' lang='lat' dir='ltr'>juribus</span> <span class='ocrx_word' id='word_1_143' title='bbox 1520 919 1559 941; x_wconf 87' lang='lat' dir='ltr'>ac</span> <span class='ocrx_word' id='word_1_144' title='bbox 1593 911 1806 953; x_wconf 80' lang='lat' dir='ltr'>pertinenciis</span> <span class='ocrx_word' id='word_1_145' title='bbox 1835 908 2009 943; x_wconf 85' lang='lat' dir='ltr'>antedictis</span> 
     </span>
     <span class='ocr_line' id='line_1_14' title="bbox 164 967 2009 1013; baseline 0.001 -13"><span class='ocrx_word' id='word_1_146' title='bbox 164 970 194 1000; x_wconf 87' lang='lat' dir='ltr'>in</span> <span class='ocrx_word' id='word_1_147' title='bbox 224 972 301 1007; x_wconf 63' lang='lat' dir='ltr'>toto,</span> <span class='ocrx_word' id='word_1_148' title='bbox 331 968 385 1002; x_wconf 86' lang='lat' dir='ltr'>vel</span> <span class='ocrx_word' id='word_1_149' title='bbox 414 971 445 1001; x_wconf 89' lang='lat' dir='ltr'>in</span> <span class='ocrx_word' id='word_1_150' title='bbox 474 972 568 1013; x_wconf 83' lang='lat' dir='ltr'>parte</span> <span class='ocrx_word' id='word_1_151' title='bbox 601 968 721 1013; x_wconf 71' lang='lat' dir='ltr'>aliqua,</span> <span class='ocrx_word' id='word_1_152' title='bbox 757 967 863 1010; x_wconf 71' lang='lat' dir='ltr'>nobis,</span> <span class='ocrx_word' id='word_1_153' title='bbox 897 967 1075 1002; x_wconf 88' lang='lat' dir='ltr'>heredibus</span> <span class='ocrx_word' id='word_1_154' title='bbox 1111 968 1165 1001; x_wconf 88' lang='lat' dir='ltr'>vel</span> <span class='ocrx_word' id='word_1_155' title='bbox 1201 967 1466 1002; x_wconf 82' lang='lat' dir='ltr'>successioribus</span> <span class='ocrx_word' id='word_1_156' title='bbox 1502 971 1636 1011; x_wconf 75' lang='lat' dir='ltr'>nostris,</span> <span class='ocrx_word' id='word_1_157' title='bbox 1673 968 1809 1002; x_wconf 80' lang='lat' dir='ltr'>Boemie</span> <span class='ocrx_word' id='word_1_158' title='bbox 1844 968 2009 1013; x_wconf 74' lang='lat' dir='ltr'>Regibus,</span> 
     </span>
     <span class='ocr_line' id='line_1_15' title="bbox 164 1027 2010 1073; baseline 0.001 -12"><span class='ocrx_word' id='word_1_159' title='bbox 164 1032 217 1061; x_wconf 82' lang='lat' dir='ltr'>aut</span> <span class='ocrx_word' id='word_1_160' title='bbox 247 1027 532 1073; x_wconf 70' lang='lat' dir='ltr'>MarchOonibus)</span> <span class='ocrx_word' id='word_1_161' title='bbox 564 1027 726 1071; x_wconf 63' lang='lat' dir='ltr'>Moravie7</span> <span class='ocrx_word' id='word_1_162' title='bbox 763 1033 953 1069; x_wconf 71' lang='lat' dir='ltr'>reservato,</span> <span class='ocrx_word' id='word_1_163' title='bbox 990 1027 1057 1062; x_wconf 85' lang='lat' dir='ltr'>Sed</span> <span class='ocrx_word' id='word_1_164' title='bbox 1093 1028 1317 1062; x_wconf 83' lang='lat' dir='ltr'>tranl&#39;erentes</span> <span class='ocrx_word' id='word_1_165' title='bbox 1353 1031 1385 1062; x_wconf 91' lang='lat' dir='ltr'>in</span> <span class='ocrx_word' id='word_1_166' title='bbox 1414 1039 1472 1062; x_wconf 87' lang='lat' dir='ltr'>eos</span> <span class='ocrx_word' id='word_1_167' title='bbox 1501 1033 1534 1062; x_wconf 90' lang='lat' dir='ltr'>et</span> <span class='ocrx_word' id='word_1_168' title='bbox 1560 1031 1594 1062; x_wconf 90' lang='lat' dir='ltr'>in</span> <span class='ocrx_word' id='word_1_169' title='bbox 1622 1039 1734 1062; x_wconf 87' lang='lat' dir='ltr'>eorum</span> <span class='ocrx_word' id='word_1_170' title='bbox 1764 1028 1941 1073; x_wconf 86' lang='lat' dir='ltr'>quemlibet</span> <span class='ocrx_word' id='word_1_171' title='bbox 1970 1028 2010 1063; x_wconf 87' lang='lat' dir='ltr'>de</span> 
     </span>
     <span class='ocr_line' id='line_1_16' title="bbox 162 1088 2011 1135; baseline 0.001 -14"><span class='ocrx_word' id='word_1_172' title='bbox 162 1093 254 1122; x_wconf 82' lang='lat' dir='ltr'>certa</span> <span class='ocrx_word' id='word_1_173' title='bbox 284 1093 396 1123; x_wconf 88' lang='lat' dir='ltr'>nostra</span> <span class='ocrx_word' id='word_1_174' title='bbox 426 1091 566 1123; x_wconf 85' lang='lat' dir='ltr'>scientia</span> <span class='ocrx_word' id='word_1_175' title='bbox 596 1088 625 1122; x_wconf 91' lang='lat' dir='ltr'>id</span> <span class='ocrx_word' id='word_1_176' title='bbox 655 1093 754 1122; x_wconf 86' lang='lat' dir='ltr'>totum</span> <span class='ocrx_word' id='word_1_177' title='bbox 779 1089 876 1132; x_wconf 71' lang='lat' dir='ltr'>juris,</span> <span class='ocrx_word' id='word_1_178' title='bbox 906 1088 992 1133; x_wconf 89' lang='lat' dir='ltr'>quod</span> <span class='ocrx_word' id='word_1_179' title='bbox 1020 1091 1053 1122; x_wconf 90' lang='lat' dir='ltr'>in</span> <span class='ocrx_word' id='word_1_180' title='bbox 1081 1090 1154 1134; x_wconf 88' lang='lat' dir='ltr'>ipsa</span> <span class='ocrx_word' id='word_1_181' title='bbox 1182 1088 1330 1134; x_wconf 88' lang='lat' dir='ltr'>predicta</span> <span class='ocrx_word' id='word_1_182' title='bbox 1366 1088 1444 1123; x_wconf 88' lang='lat' dir='ltr'>villa</span> <span class='ocrx_word' id='word_1_183' title='bbox 1479 1088 1577 1122; x_wconf 89' lang='lat' dir='ltr'>nobis</span> <span class='ocrx_word' id='word_1_184' title='bbox 1606 1100 1801 1135; x_wconf 88' lang='lat' dir='ltr'>quocunque</span> <span class='ocrx_word' id='word_1_185' title='bbox 1830 1088 1927 1123; x_wconf 87' lang='lat' dir='ltr'>inodo</span> <span class='ocrx_word' id='word_1_186' title='bbox 1955 1090 2011 1124; x_wconf 90' lang='lat' dir='ltr'>vel</span> 
     </span>
     <span class='ocr_line' id='line_1_17' title="bbox 163 1148 2011 1195; baseline 0.001 -13"><span class='ocrx_word' id='word_1_187' title='bbox 163 1149 254 1182; x_wconf 86' lang='lat' dir='ltr'>titulo</span> <span class='ocrx_word' id='word_1_188' title='bbox 288 1149 510 1195; x_wconf 70' lang='lat' dir='ltr'>competebat,</span> <span class='ocrx_word' id='word_1_189' title='bbox 547 1152 703 1194; x_wconf 85' lang='lat' dir='ltr'>competit</span> <span class='ocrx_word' id='word_1_190' title='bbox 737 1153 791 1183; x_wconf 88' lang='lat' dir='ltr'>aut</span> <span class='ocrx_word' id='word_1_191' title='bbox 823 1154 938 1194; x_wconf 86' lang='lat' dir='ltr'>posset</span> <span class='ocrx_word' id='word_1_192' title='bbox 971 1153 1164 1195; x_wconf 85' lang='lat' dir='ltr'>competere</span> <span class='ocrx_word' id='word_1_193' title='bbox 1199 1152 1229 1182; x_wconf 89' lang='lat' dir='ltr'>in</span> <span class='ocrx_word' id='word_1_194' title='bbox 1259 1148 1415 1183; x_wconf 83' lang='lat' dir='ltr'>futurum.</span> <span class='ocrx_word' id='word_1_195' title='bbox 1458 1148 1583 1183; x_wconf 87' lang='lat' dir='ltr'>Damus</span> <span class='ocrx_word' id='word_1_196' title='bbox 1616 1152 1675 1195; x_wconf 89' lang='lat' dir='ltr'>ipsi</span> <span class='ocrx_word' id='word_1_197' title='bbox 1705 1149 1847 1183; x_wconf 88' lang='lat' dir='ltr'>Hinconi</span> <span class='ocrx_word' id='word_1_198' title='bbox 1876 1152 2011 1195; x_wconf 88' lang='lat' dir='ltr'>suisque</span> 
     </span>
     <span class='ocr_line' id='line_1_18' title="bbox 164 1209 2011 1256; baseline 0.001 -13"><span class='ocrx_word' id='word_1_199' title='bbox 164 1210 342 1243; x_wconf 78' lang='lat' dir='ltr'>heredibus</span> <span class='ocrx_word' id='word_1_200' title='bbox 373 1210 575 1256; x_wconf 83' lang='lat' dir='ltr'>sepedictam</span> <span class='ocrx_word' id='word_1_201' title='bbox 604 1210 716 1244; x_wconf 85' lang='lat' dir='ltr'>villam</span> <span class='ocrx_word' id='word_1_202' title='bbox 745 1213 776 1243; x_wconf 92' lang='lat' dir='ltr'>in</span> <span class='ocrx_word' id='word_1_203' title='bbox 807 1214 874 1243; x_wconf 90' lang='lat' dir='ltr'>toto</span> <span class='ocrx_word' id='word_1_204' title='bbox 902 1210 957 1244; x_wconf 89' lang='lat' dir='ltr'>vel</span> <span class='ocrx_word' id='word_1_205' title='bbox 993 1212 1025 1243; x_wconf 92' lang='lat' dir='ltr'>in</span> <span class='ocrx_word' id='word_1_206' title='bbox 1054 1214 1160 1256; x_wconf 60' lang='lat' dir='ltr'>parte„</span> <span class='ocrx_word' id='word_1_207' title='bbox 1190 1214 1287 1255; x_wconf 88' lang='lat' dir='ltr'>prout</span> <span class='ocrx_word' id='word_1_208' title='bbox 1315 1212 1345 1243; x_wconf 91' lang='lat' dir='ltr'>ei</span> <span class='ocrx_word' id='word_1_209' title='bbox 1374 1209 1430 1244; x_wconf 90' lang='lat' dir='ltr'>vel</span> <span class='ocrx_word' id='word_1_210' title='bbox 1458 1212 1507 1244; x_wconf 91' lang='lat' dir='ltr'>eis</span> <span class='ocrx_word' id='word_1_211' title='bbox 1535 1210 1704 1256; x_wconf 62' lang='lat' dir='ltr'>placuerit„</span> <span class='ocrx_word' id='word_1_212' title='bbox 1734 1210 1913 1252; x_wconf 60' lang='lat' dir='ltr'>vendendi,</span> <span class='ocrx_word' id='word_1_213' title='bbox 1943 1209 2011 1244; x_wconf 88' lang='lat' dir='ltr'>do-</span> 
     </span>
     <span class='ocr_line' id='line_1_19' title="bbox 162 1270 2011 1317; baseline 0 -13"><span class='ocrx_word' id='word_1_214' title='bbox 162 1270 274 1311; x_wconf 65' lang='lat' dir='ltr'>nandi„</span> <span class='ocrx_word' id='word_1_215' title='bbox 304 1270 448 1314; x_wconf 72' lang='lat' dir='ltr'>legandi,</span> <span class='ocrx_word' id='word_1_216' title='bbox 478 1271 684 1317; x_wconf 83' lang='lat' dir='ltr'>permutandi</span> <span class='ocrx_word' id='word_1_217' title='bbox 714 1275 744 1303; x_wconf 88' lang='lat' dir='ltr'>et</span> <span class='ocrx_word' id='word_1_218' title='bbox 772 1273 804 1304; x_wconf 89' lang='lat' dir='ltr'>in</span> <span class='ocrx_word' id='word_1_219' title='bbox 833 1281 1065 1317; x_wconf 86' lang='lat' dir='ltr'>quamcunque</span> <span class='ocrx_word' id='word_1_220' title='bbox 1099 1281 1290 1316; x_wconf 69' lang='lat' dir='ltr'>personam,</span> <span class='ocrx_word' id='word_1_221' title='bbox 1327 1280 1526 1316; x_wconf 88' lang='lat' dir='ltr'>quocunque</span> <span class='ocrx_word' id='word_1_222' title='bbox 1550 1271 1626 1314; x_wconf 88' lang='lat' dir='ltr'>jure</span> <span class='ocrx_word' id='word_1_223' title='bbox 1654 1270 1707 1304; x_wconf 89' lang='lat' dir='ltr'>vel</span> <span class='ocrx_word' id='word_1_224' title='bbox 1737 1271 1827 1304; x_wconf 80' lang='lat' dir='ltr'>titulo</span> <span class='ocrx_word' id='word_1_225' title='bbox 1856 1271 2011 1314; x_wconf 76' lang='lat' dir='ltr'>voluerit,</span> 
     </span>
     <span class='ocr_line' id='line_1_20' title="bbox 162 1329 1254 1376; baseline 0 -12"><span class='ocrx_word' id='word_1_226' title='bbox 162 1329 385 1364; x_wconf 83' lang='lat' dir='ltr'>transferendi</span> <span class='ocrx_word' id='word_1_227' title='bbox 414 1331 545 1376; x_wconf 85' lang='lat' dir='ltr'>plenam</span> <span class='ocrx_word' id='word_1_228' title='bbox 575 1335 608 1365; x_wconf 89' lang='lat' dir='ltr'>et</span> <span class='ocrx_word' id='word_1_229' title='bbox 634 1331 770 1364; x_wconf 77' lang='lat' dir='ltr'>liberam</span> <span class='ocrx_word' id='word_1_230' title='bbox 800 1336 1009 1376; x_wconf 87' lang='lat' dir='ltr'>potestatem.</span> <span class='ocrx_word' id='word_1_231' title='bbox 1039 1330 1074 1364; x_wconf 88' lang='lat' dir='ltr'>In</span> <span class='ocrx_word' id='word_1_232' title='bbox 1104 1342 1254 1376; x_wconf 85' lang='lat' dir='ltr'>quorum.</span> 
     </span>
    </p>
   </div>
   <div class='ocr_carea' id='block_1_3' title="bbox 470 1409 1508 1443">
    <p class='ocr_par' dir='ltr' id='par_1_3' title="bbox 470 1409 1508 1443">
     <span class='ocr_line' id='line_1_21' title="bbox 470 1409 1508 1443; baseline -0.001 -8"><span class='ocrx_word' id='word_1_233' title='bbox 470 1409 582 1440; x_wconf 78' lang='lat' dir='ltr'>(Jacobi</span> <span class='ocrx_word' id='word_1_234' title='bbox 608 1410 669 1435; x_wconf 85' lang='lat' dir='ltr'>cod.</span> <span class='ocrx_word' id='word_1_235' title='bbox 695 1410 803 1443; x_wconf 75' lang='lat' dir='ltr'>epistol.</span> <span class='ocrx_word' id='word_1_236' title='bbox 828 1409 960 1436; x_wconf 78' lang='lat' dir='ltr'>Johaunis</span> <span class='ocrx_word' id='word_1_237' title='bbox 984 1411 1058 1443; x_wconf 79' lang='lat' dir='ltr'>regis</span> <span class='ocrx_word' id='word_1_238' title='bbox 1081 1409 1236 1436; x_wconf 75' lang='lat' dir='ltr'>Bohrmiae.</span> <span class='ocrx_word' id='word_1_239' title='bbox 1261 1410 1289 1435; x_wconf 92' lang='lat' dir='ltr'>S.</span> <span class='ocrx_word' id='word_1_240' title='bbox 1314 1409 1362 1435; x_wconf 69' lang='lat'>3⁴.</span> <span class='ocrx_word' id='word_1_241' title='bbox 1389 1418 1413 1437; x_wconf 87' lang='lat' dir='ltr'>u.</span> <span class='ocrx_word' id='word_1_242' title='bbox 1441 1409 1508 1443; x_wconf 80' lang='lat'>76.)</span> 
     </span>
    </p>
   </div>
   <div class='ocr_carea' id='block_1_4' title="bbox 1038 1582 1145 1617">
    <p class='ocr_par' dir='ltr' id='par_1_4' title="bbox 1038 1582 1145 1617">
     <span class='ocr_line' id='line_1_22' title="bbox 1038 1582 1145 1617; baseline 0.009 -1"><span class='ocrx_word' id='word_1_243' title='bbox 1038 1582 1145 1617; x_wconf 57' lang='lat'>348.</span> 
     </span>
    </p>
   </div>
   <div class='ocr_carea' id='block_1_5' title="bbox 160 1660 2012 1824">
    <p class='ocr_par' dir='ltr' id='par_1_5' title="bbox 160 1660 2012 1824">
     <span class='ocr_line' id='line_1_23' title="bbox 161 1660 2012 1713; baseline 0.001 -13"><span class='ocrx_word' id='word_1_244' title='bbox 161 1667 277 1712; x_wconf 56' lang='lat' dir='ltr'>iro-7259</span> <span class='ocrx_word' id='word_1_245' title='bbox 301 1668 439 1701; x_wconf 65' lang='lat' dir='ltr'>Jclzanu</span> <span class='ocrx_word' id='word_1_246' title='bbox 463 1680 529 1702; x_wconf 69' lang='lat' dir='ltr'>von</span> <span class='ocrx_word' id='word_1_247' title='bbox 552 1668 701 1702; x_wconf 74' lang='lat' dir='ltr'>Bolemeu</span> <span class='ocrx_word' id='word_1_248' title='bbox 727 1668 864 1713; x_wconf 74' lang='lat' dir='ltr'>befielilt</span> <span class='ocrx_word' id='word_1_249' title='bbox 887 1669 959 1702; x_wconf 81' lang='lat' dir='ltr'>dem</span> <span class='ocrx_word' id='word_1_250' title='bbox 983 1668 1209 1713; x_wconf 65' lang='lat' dir='ltr'>Illai‘ltqrafete</span> <span class='ocrx_word' id='word_1_251' title='bbox 1230 1668 1331 1707; x_wconf 64' lang='lat' dir='ltr'>Kar-l„</span> <span class='ocrx_word' id='word_1_252' title='bbox 1354 1669 1434 1702; x_wconf 78' lang='lat' dir='ltr'>dass</span> <span class='ocrx_word' id='word_1_253' title='bbox 1456 1680 1494 1702; x_wconf 84' lang='lat' dir='ltr'>er</span> <span class='ocrx_word' id='word_1_254' title='bbox 1517 1669 1571 1702; x_wconf 69' lang='lat' dir='ltr'>die</span> <span class='ocrx_word' id='word_1_255' title='bbox 1595 1660 1733 1704; x_wconf 71' lang='lat' dir='ltr'>Waisen</span> <span class='ocrx_word' id='word_1_256' title='bbox 1759 1669 1817 1702; x_wconf 72' lang='lat' dir='ltr'>des</span> <span class='ocrx_word' id='word_1_257' title='bbox 1840 1668 2012 1702; x_wconf 71' lang='lat' dir='ltr'>Olmittzer</span> 
     </span>
     <span class='ocr_line' id='line_1_24' title="bbox 160 1728 2008 1774; baseline 0.001 -14"><span class='ocrx_word' id='word_1_258' title='bbox 160 1728 564 1762; x_wconf 61' lang='lat' dir='ltr'>Provinzial—Richters</span> <span class='ocrx_word' id='word_1_259' title='bbox 594 1729 707 1774; x_wconf 68' lang='lat' dir='ltr'>Geor-9</span> <span class='ocrx_word' id='word_1_260' title='bbox 736 1731 767 1763; x_wconf 67' lang='lat' dir='ltr'>iti</span> <span class='ocrx_word' id='word_1_261' title='bbox 797 1730 859 1763; x_wconf 73' lang='lat' dir='ltr'>den</span> <span class='ocrx_word' id='word_1_262' title='bbox 887 1730 1006 1763; x_wconf 62' lang='lat' dir='ltr'>Besitz</span> <span class='ocrx_word' id='word_1_263' title='bbox 1034 1730 1093 1763; x_wconf 77' lang='lat' dir='ltr'>des</span> <span class='ocrx_word' id='word_1_264' title='bbox 1122 1729 1250 1773; x_wconf 80' lang='lat' dir='ltr'>Dorfes</span> <span class='ocrx_word' id='word_1_265' title='bbox 1281 1728 1450 1773; x_wconf 69' lang='lat' dir='ltr'>Clarybez&#39;n</span> <span class='ocrx_word' id='word_1_266' title='bbox 1472 1729 1664 1772; x_wconf 63' lang='lat' dir='ltr'>(Hfiebc-z&#39;n)</span> <span class='ocrx_word' id='word_1_267' title='bbox 1694 1729 1819 1762; x_wconf 77' lang='lat' dir='ltr'>wieder</span> <span class='ocrx_word' id='word_1_268' title='bbox 1843 1729 2008 1772; x_wconf 67' lang='lat' dir='ltr'>einfiilere.</span> 
     </span>
     <span class='ocr_line' id='line_1_25' title="bbox 815 1789 1350 1824; baseline 0 -1"><span class='ocrx_word' id='word_1_269' title='bbox 815 1801 845 1824; x_wconf 91' lang='lat' dir='ltr'>o.</span> <span class='ocrx_word' id='word_1_270' title='bbox 876 1789 919 1823; x_wconf 89' lang='lat' dir='ltr'>D.</span> <span class='ocrx_word' id='word_1_271' title='bbox 950 1802 982 1823; x_wconf 77' lang='lat'>21.</span> <span class='ocrx_word' id='word_1_272' title='bbox 1014 1790 1053 1823; x_wconf 79' lang='grc' dir='ltr'>Ο.</span> <span class='ocrx_word' id='word_1_273' title='bbox 1085 1789 1350 1824; x_wconf 71' lang='grc'><em>1334-1346.</em></span> 
     </span>
    </p>
   </div>
   <div class='ocr_carea' id='block_1_6' title="bbox 154 1858 2012 2653">
    <p class='ocr_par' dir='ltr' id='par_1_6' title="bbox 154 1858 2012 2653">
     <span class='ocr_line' id='line_1_26' title="bbox 316 1858 2009 1923; baseline 0 -13"><span class='ocrx_word' id='word_1_274' title='bbox 316 1858 406 1911; x_wconf 58' lang='grc' dir='ltr'>ΝΘΕ</span> <span class='ocrx_word' id='word_1_275' title='bbox 434 1876 620 1919; x_wconf 78' lang='lat' dir='ltr'>Johannes,</span> <span class='ocrx_word' id='word_1_276' title='bbox 650 1876 701 1910; x_wconf 90' lang='lat' dir='ltr'>dei</span> <span class='ocrx_word' id='word_1_277' title='bbox 729 1879 846 1922; x_wconf 78' lang='lat' dir='ltr'>gracia</span> <span class='ocrx_word' id='word_1_278' title='bbox 874 1881 907 1911; x_wconf 87' lang='lat' dir='ltr'>et</span> <span class='ocrx_word' id='word_1_279' title='bbox 934 1881 1019 1910; x_wconf 89' lang='lat' dir='ltr'>cetr.</span> <span class='ocrx_word' id='word_1_280' title='bbox 1048 1879 1333 1922; x_wconf 71' lang='lat' dir='ltr'>recognoscimus,</span> <span class='ocrx_word' id='word_1_281' title='bbox 1364 1875 1448 1918; x_wconf 85' lang='lat' dir='ltr'>Quia</span> <span class='ocrx_word' id='word_1_282' title='bbox 1477 1876 1584 1911; x_wconf 88' lang='lat' dir='ltr'>adhuc</span> <span class='ocrx_word' id='word_1_283' title='bbox 1608 1879 1640 1910; x_wconf 90' lang='lat' dir='ltr'>in</span> <span class='ocrx_word' id='word_1_284' title='bbox 1662 1878 1821 1910; x_wconf 87' lang='lat' dir='ltr'>memoria</span> <span class='ocrx_word' id='word_1_285' title='bbox 1843 1896 1887 1900; x_wconf 85' lang='lat'>—</span> <span class='ocrx_word' id='word_1_286' title='bbox 1909 1880 2009 1923; x_wconf 83' lang='lat' dir='ltr'>prout</span> 
     </span>
     <span class='ocr_line' id='line_1_27' title="bbox 158 1936 2012 1984; baseline -0.001 -13"><span class='ocrx_word' id='word_1_287' title='bbox 158 1939 235 1971; x_wconf 83' lang='lat' dir='ltr'>olim</span> <span class='ocrx_word' id='word_1_288' title='bbox 263 1937 407 1971; x_wconf 80' lang='lat' dir='ltr'>Brunne&#39;</span> <span class='ocrx_word' id='word_1_289' title='bbox 427 1948 540 1972; x_wconf 87' lang='lat' dir='ltr'>coram</span> <span class='ocrx_word' id='word_1_290' title='bbox 574 1936 669 1971; x_wconf 89' lang='lat' dir='ltr'>nobis</span> <span class='ocrx_word' id='word_1_291' title='bbox 704 1942 735 1971; x_wconf 85' lang='lat' dir='ltr'>et</span> <span class='ocrx_word' id='word_1_292' title='bbox 768 1937 917 1984; x_wconf 89' lang='lat' dir='ltr'>pluribus</span> <span class='ocrx_word' id='word_1_293' title='bbox 952 1937 1025 1971; x_wconf 88' lang='lat' dir='ltr'>aliis</span> <span class='ocrx_word' id='word_1_294' title='bbox 1058 1941 1182 1972; x_wconf 89' lang='lat' dir='ltr'>nostris</span> <span class='ocrx_word' id='word_1_295' title='bbox 1216 1937 1366 1972; x_wconf 89' lang='lat' dir='ltr'>fidelibus</span> <span class='ocrx_word' id='word_1_296' title='bbox 1402 1948 1456 1971; x_wconf 88' lang='lat' dir='ltr'>res</span> <span class='ocrx_word' id='word_1_297' title='bbox 1491 1937 1554 1971; x_wconf 90' lang='lat' dir='ltr'>hec</span> <span class='ocrx_word' id='word_1_298' title='bbox 1585 1941 1681 1982; x_wconf 88' lang='lat' dir='ltr'>gesta</span> <span class='ocrx_word' id='word_1_299' title='bbox 1717 1941 1768 1970; x_wconf 88' lang='lat' dir='ltr'>est</span> <span class='ocrx_word' id='word_1_300' title='bbox 1799 1957 1842 1961; x_wconf 94' lang='lat'>—</span> <span class='ocrx_word' id='word_1_301' title='bbox 1874 1936 2012 1970; x_wconf 87' lang='lat' dir='ltr'>firmiter</span> 
     </span>
     <span class='ocr_line' id='line_1_28' title="bbox 159 1996 2011 2044; baseline 0 -13"><span class='ocrx_word' id='word_1_302' title='bbox 159 2001 354 2041; x_wconf 66' lang='lat' dir='ltr'>retinemus,</span> <span class='ocrx_word' id='word_1_303' title='bbox 384 1998 471 2044; x_wconf 90' lang='lat' dir='ltr'>quod</span> <span class='ocrx_word' id='word_1_304' title='bbox 503 2019 546 2023; x_wconf 94' lang='lat'>—</span> <span class='ocrx_word' id='word_1_305' title='bbox 577 1997 652 2032; x_wconf 90' lang='lat' dir='ltr'>dum</span> <span class='ocrx_word' id='word_1_306' title='bbox 681 2001 713 2031; x_wconf 91' lang='lat' dir='ltr'>in</span> <span class='ocrx_word' id='word_1_307' title='bbox 742 2010 843 2033; x_wconf 85' lang='lat' dir='ltr'>causa</span> <span class='ocrx_word' id='word_1_308' title='bbox 871 2000 935 2032; x_wconf 88' lang='lat' dir='ltr'>litis</span> <span class='ocrx_word' id='word_1_309' title='bbox 965 2009 1067 2044; x_wconf 87' lang='lat' dir='ltr'>super</span> <span class='ocrx_word' id='word_1_310' title='bbox 1093 2001 1311 2044; x_wconf 87' lang='lat' dir='ltr'>possessione</span> <span class='ocrx_word' id='word_1_311' title='bbox 1340 2003 1373 2032; x_wconf 90' lang='lat' dir='ltr'>et</span> <span class='ocrx_word' id='word_1_312' title='bbox 1401 2001 1602 2044; x_wconf 85' lang='lat' dir='ltr'>proprietate</span> <span class='ocrx_word' id='word_1_313' title='bbox 1628 1997 1708 2032; x_wconf 89' lang='lat' dir='ltr'>ville</span> <span class='ocrx_word' id='word_1_314' title='bbox 1737 1996 1907 2044; x_wconf 71' lang='lat' dir='ltr'>Chrybein</span> <span class='ocrx_word' id='word_1_315' title='bbox 1935 2008 2011 2031; x_wconf 89' lang='lat' dir='ltr'>cum</span> 
     </span>
     <span class='ocr_line' id='line_1_29' title="bbox 158 2058 2010 2105; baseline 0 -13"><span class='ocrx_word' id='word_1_316' title='bbox 158 2062 228 2093; x_wconf 84' lang='lat' dir='ltr'>suis</span> <span class='ocrx_word' id='word_1_317' title='bbox 264 2062 480 2105; x_wconf 84' lang='lat' dir='ltr'>pertinenciis</span> <span class='ocrx_word' id='word_1_318' title='bbox 517 2058 623 2093; x_wconf 88' lang='lat' dir='ltr'>fidelis</span> <span class='ocrx_word' id='word_1_319' title='bbox 660 2064 774 2092; x_wconf 88' lang='lat' dir='ltr'>noster</span> <span class='ocrx_word' id='word_1_320' title='bbox 805 2059 914 2093; x_wconf 83' lang='lat' dir='ltr'>Hinco</span> <span class='ocrx_word' id='word_1_321' title='bbox 950 2059 1056 2093; x_wconf 88' lang='lat' dir='ltr'>dictus</span> <span class='ocrx_word' id='word_1_322' title='bbox 1088 2059 1196 2093; x_wconf 89' lang='lat' dir='ltr'>Berca</span> <span class='ocrx_word' id='word_1_323' title='bbox 1234 2059 1275 2093; x_wconf 91' lang='lat' dir='ltr'>de</span> <span class='ocrx_word' id='word_1_324' title='bbox 1304 2059 1398 2093; x_wconf 87' lang='lat' dir='ltr'>Duba</span> <span class='ocrx_word' id='word_1_325' title='bbox 1434 2070 1470 2093; x_wconf 88' lang='lat' dir='ltr'>se</span> <span class='ocrx_word' id='word_1_326' title='bbox 1504 2062 1535 2092; x_wconf 91' lang='lat' dir='ltr'>in</span> <span class='ocrx_word' id='word_1_327' title='bbox 1570 2061 1640 2104; x_wconf 87' lang='lat' dir='ltr'>ipsa</span> <span class='ocrx_word' id='word_1_328' title='bbox 1675 2058 1753 2092; x_wconf 86' lang='lat' dir='ltr'>villa</span> <span class='ocrx_word' id='word_1_329' title='bbox 1789 2058 1930 2092; x_wconf 89' lang='lat' dir='ltr'>validius</span> <span class='ocrx_word' id='word_1_330' title='bbox 1954 2059 2010 2102; x_wconf 87' lang='lat' dir='ltr'>jus</span> 
     </span>
     <span class='ocr_line' id='line_1_30' title="bbox 156 2118 2010 2165; baseline 0 -13"><span class='ocrx_word' id='word_1_331' title='bbox 156 2119 294 2163; x_wconf 72' lang='lat' dir='ltr'>hahere,</span> <span class='ocrx_word' id='word_1_332' title='bbox 329 2131 427 2165; x_wconf 87' lang='lat' dir='ltr'>quam</span> <span class='ocrx_word' id='word_1_333' title='bbox 462 2119 617 2162; x_wconf 83' lang='lat' dir='ltr'>Georius,</span> <span class='ocrx_word' id='word_1_334' title='bbox 655 2120 818 2164; x_wconf 86' lang='lat' dir='ltr'>quondam</span> <span class='ocrx_word' id='word_1_335' title='bbox 855 2120 1076 2154; x_wconf 80' lang='lat' dir='ltr'>Provincialis</span> <span class='ocrx_word' id='word_1_336' title='bbox 1113 2119 1356 2163; x_wconf 61' lang='lat' dir='ltr'>Olomucensis„</span> <span class='ocrx_word' id='word_1_337' title='bbox 1393 2119 1541 2154; x_wconf 85' lang='lat' dir='ltr'>debuerit</span> <span class='ocrx_word' id='word_1_338' title='bbox 1572 2118 1690 2164; x_wconf 82' lang='lat' dir='ltr'>(super</span> <span class='ocrx_word' id='word_1_339' title='bbox 1718 2129 1758 2152; x_wconf 86' lang='lat' dir='ltr'>eo</span> <span class='ocrx_word' id='word_1_340' title='bbox 1788 2118 1874 2164; x_wconf 90' lang='lat' dir='ltr'>quod</span> <span class='ocrx_word' id='word_1_341' title='bbox 1902 2121 2010 2164; x_wconf 87' lang='lat' dir='ltr'>ipsam</span> 
     </span>
     <span class='ocr_line' id='line_1_31' title="bbox 160 2179 2010 2226; baseline -0.001 -12"><span class='ocrx_word' id='word_1_342' title='bbox 160 2180 270 2214; x_wconf 85' lang='lat' dir='ltr'>villam</span> <span class='ocrx_word' id='word_1_343' title='bbox 299 2192 318 2214; x_wconf 83' lang='lat' dir='ltr'>a</span> <span class='ocrx_word' id='word_1_344' title='bbox 344 2184 495 2226; x_wconf 88' lang='lat' dir='ltr'>pretacto</span> <span class='ocrx_word' id='word_1_345' title='bbox 520 2179 644 2214; x_wconf 88' lang='lat' dir='ltr'>Georio</span> <span class='ocrx_word' id='word_1_346' title='bbox 668 2185 896 2226; x_wconf 85' lang='lat' dir='ltr'>comparasset</span> <span class='ocrx_word' id='word_1_347' title='bbox 919 2183 1093 2226; x_wconf 87' lang='lat' dir='ltr'>emptionis</span> <span class='ocrx_word' id='word_1_348' title='bbox 1113 2181 1222 2226; x_wconf 76' lang='lat' dir='ltr'>titulo)</span> <span class='ocrx_word' id='word_1_349' title='bbox 1242 2192 1302 2226; x_wconf 83' lang='lat' dir='ltr'>per</span> <span class='ocrx_word' id='word_1_350' title='bbox 1325 2185 1451 2226; x_wconf 88' lang='lat' dir='ltr'>septem</span> <span class='ocrx_word' id='word_1_351' title='bbox 1470 2179 1603 2223; x_wconf 68' lang='lat' dir='ltr'>Milites,</span> <span class='ocrx_word' id='word_1_352' title='bbox 1628 2181 1853 2213; x_wconf 84' lang='lat' dir='ltr'>testimonium</span> <span class='ocrx_word' id='word_1_353' title='bbox 1877 2181 2010 2213; x_wconf 87' lang='lat' dir='ltr'>veritati</span> 
     </span>
     <span class='ocr_line' id='line_1_32' title="bbox 154 2237 2008 2287; baseline 0 -14"><span class='ocrx_word' id='word_1_354' title='bbox 154 2251 216 2285; x_wconf 89' lang='lat' dir='ltr'>pro</span> <span class='ocrx_word' id='word_1_355' title='bbox 244 2243 348 2287; x_wconf 88' lang='lat' dir='ltr'>ipsius</span> <span class='ocrx_word' id='word_1_356' title='bbox 375 2240 538 2274; x_wconf 88' lang='lat' dir='ltr'>Hinconis</span> <span class='ocrx_word' id='word_1_357' title='bbox 566 2244 661 2286; x_wconf 90' lang='lat' dir='ltr'>parte</span> <span class='ocrx_word' id='word_1_358' title='bbox 688 2251 748 2286; x_wconf 83' lang='lat' dir='ltr'>per</span> <span class='ocrx_word' id='word_1_359' title='bbox 777 2241 965 2287; x_wconf 86' lang='lat' dir='ltr'>corporalia</span> <span class='ocrx_word' id='word_1_360' title='bbox 993 2252 1052 2275; x_wconf 88' lang='lat' dir='ltr'>sua</span> <span class='ocrx_word' id='word_1_361' title='bbox 1077 2242 1266 2284; x_wconf 79' lang='lat' dir='ltr'>juramenta</span> <span class='ocrx_word' id='word_1_362' title='bbox 1298 2241 1521 2287; x_wconf 76' lang='lat' dir='ltr'>perhibentes,</span> <span class='ocrx_word' id='word_1_363' title='bbox 1556 2251 1667 2274; x_wconf 87' lang='lat' dir='ltr'>coram</span> <span class='ocrx_word' id='word_1_364' title='bbox 1701 2244 1790 2274; x_wconf 85' lang='lat' dir='ltr'>terre</span> <span class='ocrx_word' id='word_1_365' title='bbox 1818 2237 2008 2285; x_wconf 80' lang='lat' dir='ltr'>Mor(avie]</span> 
     </span>
     <span class='ocr_line' id='line_1_33' title="bbox 155 2299 2008 2347; baseline -0.001 -12"><span class='ocrx_word' id='word_1_366' title='bbox 155 2301 328 2335; x_wconf 78' lang='lat' dir='ltr'>Ozudariis</span> <span class='ocrx_word' id='word_1_367' title='bbox 357 2301 544 2347; x_wconf 86' lang='lat' dir='ltr'>approbare</span> <span class='ocrx_word' id='word_1_368' title='bbox 579 2322 622 2326; x_wconf 61' lang='lat'><em>-</em></span> <span class='ocrx_word' id='word_1_369' title='bbox 660 2304 731 2347; x_wconf 87' lang='lat' dir='ltr'>ipse</span> <span class='ocrx_word' id='word_1_370' title='bbox 759 2301 867 2336; x_wconf 84' lang='lat' dir='ltr'>Hinco</span> <span class='ocrx_word' id='word_1_371' title='bbox 900 2305 933 2336; x_wconf 92' lang='lat' dir='ltr'>in</span> <span class='ocrx_word' id='word_1_372' title='bbox 966 2304 1156 2336; x_wconf 84' lang='lat' dir='ltr'>testimonio</span> <span class='ocrx_word' id='word_1_373' title='bbox 1190 2301 1377 2346; x_wconf 89' lang='lat' dir='ltr'>hujusmodi</span> <span class='ocrx_word' id='word_1_374' title='bbox 1410 2301 1569 2335; x_wconf 82' lang='lat' dir='ltr'>deficiens</span> <span class='ocrx_word' id='word_1_375' title='bbox 1605 2311 1621 2333; x_wconf 88' lang='lat' dir='ltr'>a</span> <span class='ocrx_word' id='word_1_376' title='bbox 1649 2302 1736 2345; x_wconf 75' lang='lat' dir='ltr'>jure,</span> <span class='ocrx_word' id='word_1_377' title='bbox 1766 2300 1852 2345; x_wconf 90' lang='lat' dir='ltr'>quod</span> <span class='ocrx_word' id='word_1_378' title='bbox 1882 2299 1946 2334; x_wconf 88' lang='lat' dir='ltr'>sibi</span> <span class='ocrx_word' id='word_1_379' title='bbox 1975 2302 2008 2332; x_wconf 91' lang='lat' dir='ltr'>in</span> 
     </span>
     <span class='ocr_line' id='line_1_34' title="bbox 157 2359 2006 2411; baseline -0.001 -16"><span class='ocrx_word' id='word_1_380' title='bbox 157 2361 305 2407; x_wconf 86' lang='lat' dir='ltr'>predicta</span> <span class='ocrx_word' id='word_1_381' title='bbox 334 2362 413 2396; x_wconf 83' lang='lat' dir='ltr'>villa</span> <span class='ocrx_word' id='word_1_382' title='bbox 447 2362 605 2396; x_wconf 84' lang='lat' dir='ltr'>credebat</span> <span class='ocrx_word' id='word_1_383' title='bbox 633 2367 824 2411; x_wconf 78' lang='lat' dir='ltr'>competere</span> <span class='ocrx_word' id='word_1_384' title='bbox 857 2362 977 2396; x_wconf 87' lang='lat' dir='ltr'>cecidit</span> <span class='ocrx_word' id='word_1_385' title='bbox 1007 2365 1082 2409; x_wconf 87' lang='lat' dir='ltr'>ipso</span> <span class='ocrx_word' id='word_1_386' title='bbox 1115 2361 1204 2396; x_wconf 89' lang='lat' dir='ltr'>facto</span> <span class='ocrx_word' id='word_1_387' title='bbox 1236 2365 1268 2396; x_wconf 90' lang='lat' dir='ltr'>in</span> <span class='ocrx_word' id='word_1_388' title='bbox 1303 2366 1442 2396; x_wconf 87' lang='lat' dir='ltr'>termino</span> <span class='ocrx_word' id='word_1_389' title='bbox 1477 2363 1667 2401; x_wconf 69' lang='lat' dir='ltr'>constituto7</span> <span class='ocrx_word' id='word_1_390' title='bbox 1698 2361 1852 2395; x_wconf 86' lang='lat' dir='ltr'>P‘redicto</span> <span class='ocrx_word' id='word_1_391' title='bbox 1882 2359 2006 2394; x_wconf 89' lang='lat' dir='ltr'>Georio</span> 
     </span>
     <span class='ocr_line' id='line_1_35' title="bbox 160 2420 2005 2468; baseline -0.001 -13"><span class='ocrx_word' id='word_1_392' title='bbox 160 2425 411 2467; x_wconf 86' lang='lat' dir='ltr'>possessionem</span> <span class='ocrx_word' id='word_1_393' title='bbox 446 2425 549 2468; x_wconf 87' lang='lat' dir='ltr'>ipsius</span> <span class='ocrx_word' id='word_1_394' title='bbox 581 2423 659 2456; x_wconf 88' lang='lat' dir='ltr'>ville</span> <span class='ocrx_word' id='word_1_395' title='bbox 692 2434 765 2456; x_wconf 89' lang='lat' dir='ltr'>cum</span> <span class='ocrx_word' id='word_1_396' title='bbox 801 2426 1016 2468; x_wconf 85' lang='lat' dir='ltr'>pertinenciis</span> <span class='ocrx_word' id='word_1_397' title='bbox 1051 2427 1205 2457; x_wconf 88' lang='lat' dir='ltr'>assecuto</span> <span class='ocrx_word' id='word_1_398' title='bbox 1240 2423 1444 2468; x_wconf 87' lang='lat' dir='ltr'>corporalem</span> <span class='ocrx_word' id='word_1_399' title='bbox 1480 2421 1621 2467; x_wconf 79' lang='lat' dir='ltr'>pacifice</span> <span class='ocrx_word' id='word_1_400' title='bbox 1655 2426 1689 2455; x_wconf 90' lang='lat' dir='ltr'>et</span> <span class='ocrx_word' id='word_1_401' title='bbox 1716 2424 1837 2467; x_wconf 89' lang='lat' dir='ltr'>quiete.</span> <span class='ocrx_word' id='word_1_402' title='bbox 1875 2420 1912 2454; x_wconf 90' lang='lat' dir='ltr'>In</span> <span class='ocrx_word' id='word_1_403' title='bbox 1942 2430 2005 2466; x_wconf 89' lang='lat' dir='ltr'>qua</span> 
     </span>
     <span class='ocr_line' id='line_1_36' title="bbox 160 2481 2006 2528; baseline 0 -13"><span class='ocrx_word' id='word_1_404' title='bbox 160 2482 234 2516; x_wconf 89' lang='lat' dir='ltr'>dum</span> <span class='ocrx_word' id='word_1_405' title='bbox 263 2484 421 2522; x_wconf 77' lang='lat' dir='ltr'>stetisset,</span> <span class='ocrx_word' id='word_1_406' title='bbox 450 2493 623 2528; x_wconf 89' lang='lat' dir='ltr'>quousque</span> <span class='ocrx_word' id='word_1_407' title='bbox 651 2493 711 2516; x_wconf 91' lang='lat' dir='ltr'>nos</span> <span class='ocrx_word' id='word_1_408' title='bbox 740 2485 877 2527; x_wconf 81' lang='lat' dir='ltr'>contigit</span> <span class='ocrx_word' id='word_1_409' title='bbox 905 2483 946 2516; x_wconf 89' lang='lat' dir='ltr'>de</span> <span class='ocrx_word' id='word_1_410' title='bbox 974 2483 1094 2527; x_wconf 81' lang='lat' dir='ltr'>Regno</span> <span class='ocrx_word' id='word_1_411' title='bbox 1124 2488 1239 2517; x_wconf 89' lang='lat' dir='ltr'>nostro</span> <span class='ocrx_word' id='word_1_412' title='bbox 1268 2483 1403 2517; x_wconf 90' lang='lat' dir='ltr'>Boemie</span> <span class='ocrx_word' id='word_1_413' title='bbox 1432 2481 1613 2516; x_wconf 85' lang='lat' dir='ltr'>absentiam</span> <span class='ocrx_word' id='word_1_414' title='bbox 1643 2493 1763 2527; x_wconf 81' lang='lat' dir='ltr'>agere3</span> <span class='ocrx_word' id='word_1_415' title='bbox 1798 2486 1876 2516; x_wconf 87' lang='lat' dir='ltr'>tunc</span> <span class='ocrx_word' id='word_1_416' title='bbox 1902 2481 2006 2515; x_wconf 87' lang='lat' dir='ltr'>intel-</span> 
     </span>
     <span class='ocr_line' id='line_1_37' title="bbox 155 2540 2006 2590; baseline -0.001 -14"><span class='ocrx_word' id='word_1_417' title='bbox 155 2543 298 2577; x_wconf 77' lang='lat' dir='ltr'>leximus</span> <span class='ocrx_word' id='word_1_418' title='bbox 332 2544 440 2589; x_wconf 88' lang='lat' dir='ltr'>ipsum</span> <span class='ocrx_word' id='word_1_419' title='bbox 475 2543 633 2577; x_wconf 85' lang='lat' dir='ltr'>Georium</span> <span class='ocrx_word' id='word_1_420' title='bbox 667 2543 707 2577; x_wconf 91' lang='lat' dir='ltr'>de</span> <span class='ocrx_word' id='word_1_421' title='bbox 742 2547 957 2588; x_wconf 82' lang='lat' dir='ltr'>possessione</span> <span class='ocrx_word' id='word_1_422' title='bbox 990 2544 1139 2590; x_wconf 86' lang='lat' dir='ltr'>predicte</span> <span class='ocrx_word' id='word_1_423' title='bbox 1171 2544 1251 2578; x_wconf 86' lang='lat' dir='ltr'>ville</span> <span class='ocrx_word' id='word_1_424' title='bbox 1282 2546 1388 2577; x_wconf 88' lang='lat' dir='ltr'>minus</span> <span class='ocrx_word' id='word_1_425' title='bbox 1416 2544 1505 2586; x_wconf 88' lang='lat' dir='ltr'>juste</span> <span class='ocrx_word' id='word_1_426' title='bbox 1539 2542 1643 2576; x_wconf 80' lang='lat' dir='ltr'>fuisse</span> <span class='ocrx_word' id='word_1_427' title='bbox 1677 2544 1831 2587; x_wconf 74' lang='lat' dir='ltr'>ejectum,</span> <span class='ocrx_word' id='word_1_428' title='bbox 1868 2542 1947 2575; x_wconf 85' lang='lat' dir='ltr'>licet</span> <span class='ocrx_word' id='word_1_429' title='bbox 1973 2540 2006 2574; x_wconf 89' lang='lat' dir='ltr'>id</span> 
     </span>
     <span class='ocr_line' id='line_1_38' title="bbox 157 2603 2007 2653; baseline 0 -17"><span class='ocrx_word' id='word_1_430' title='bbox 157 2603 300 2637; x_wconf 84' lang='lat' dir='ltr'>Georius</span> <span class='ocrx_word' id='word_1_431' title='bbox 329 2614 434 2651; x_wconf 88' lang='lat' dir='ltr'>prope</span> <span class='ocrx_word' id='word_1_432' title='bbox 462 2605 561 2637; x_wconf 87' lang='lat' dir='ltr'>multa</span> <span class='ocrx_word' id='word_1_433' title='bbox 590 2609 622 2638; x_wconf 85' lang='lat' dir='ltr'>et</span> <span class='ocrx_word' id='word_1_434' title='bbox 649 2604 712 2637; x_wconf 88' lang='lat' dir='ltr'>alia</span> <span class='ocrx_word' id='word_1_435' title='bbox 742 2603 853 2650; x_wconf 80' lang='lat' dir='ltr'>Regni</span> <span class='ocrx_word' id='word_1_436' title='bbox 881 2607 1157 2653; x_wconf 20' lang='lat' dir='ltr'>nostripnegocia</span> <span class='ocrx_word' id='word_1_437' title='bbox 1186 2614 1295 2648; x_wconf 86' lang='lat' dir='ltr'>neque</span> <span class='ocrx_word' id='word_1_438' title='bbox 1327 2606 1357 2636; x_wconf 92' lang='lat' dir='ltr'>in</span> <span class='ocrx_word' id='word_1_439' title='bbox 1392 2603 1477 2636; x_wconf 85' lang='lat' dir='ltr'>dicta</span> <span class='ocrx_word' id='word_1_440' title='bbox 1511 2606 1729 2649; x_wconf 86' lang='lat' dir='ltr'>possessione</span> <span class='ocrx_word' id='word_1_441' title='bbox 1757 2604 2007 2648; x_wconf 86' lang='lat' dir='ltr'>nequiverimus</span> 
     </span>
    </p>
   </div>
  </div>
 </body>
</html>
