2184 2828
1001 104 1067 139 151

113 228 285 269 assignent
315 223 518 268 integraliter
552 227 584 256 et
620 223 794 269 complete.
851 223 1097 257 Damus-enim
1128 225 1160 255 et
1194 221 1350 255 tradimus
1381 221 1435 255 tibi
1464 221 1539 255 Illos
1569 232 1697 258 omnes,
1727 233 1808 267 quos
1838 224 1868 255 in
1898 220 1962 255 lioc

112 285 246 319 desides
275 287 441 330 repereris
469 288 501 317 et
534 283 687 320 rebelles,
723 283 762 317 ad
792 284 996 318 solucionem
1034 282 1234 316 decimarum
1270 281 1504 328 predictarum.
1541 293 1601 328 per
1635 281 1960 327 Inpignoracionem,

111 350 142 379 et
171 344 301 379 modum
332 344 441 378 alium.
472 355 567 390 quem
597 347 704 388 magis
733 344 855 378 videris
880 344 1051 390 expedire.
1073 345 1181 377 arcius
1202 342 1433 388 compellendi,
1456 343 1636 389 plenariam
1658 341 1772 376 barum
1794 342 1960 376 literarum

111 408 296 440 testimonio
324 409 535 451 potestatem.
592 404 709 438 Datum
749 405 911 451 Snoyine‚
951 408 981 439 in
1018 404 1170 438 Crastino
1206 403 1305 437 beate
1343 404 1454 445 Anne,
1490 404 1590 437 Anno
1620 403 1741 437 domini
1771 402 1960 440 Millesimo„

110 468 354 508 trecentesima
386 468 554 499 tricesimo
583 469 713 499 octauo.

419 544 486 577 (Das
519 544 593 578 Orig.
625 544 671 570 auf
700 544 857 578 Pergameni
891 546 932 570 mit
965 546 1050 570 eineni
1083 543 1188 570 kleinen
1220 543 1450 569 wolilerlialtenen
1482 543 1574 577 Sigille
1607 544 1639 568 im
1671 543 1787 569 Areliive
1817 542 1960 568 desselben

521 594 657 625 Ktosters,
686 597 719 622 im
751 605 783 622 m.
813 600 846 622 st.
876 596 1086 622 Landesarelnve
1114 596 1160 622 Lit.
1191 595 1217 622 L.
1251 604 1274 621 n.
1310 595 1355 621 16.
1387 610 1416 613 —
1448 595 1624 628 Abgedrnckt
1655 595 1696 620 bei
1726 595 1810 620 Pelzel
1842 594 1872 620 K.
1899 594 1963 620 Karl

520 648 565 674 lv,
591 648 610 674 1.
636 648 680 674 Th.
707 648 880 674 Urkundenb.
907 649 933 674 S.
965 648 1030 675 113.
1057 657 1081 674 n.
1107 648 1199 674 cvm.
1226 647 1340 673 Bolnner
1366 647 1434 673 Add.
1462 647 1492 672 ll.
1519 648 1545 672 S.
1574 646 1644 672 343.
1671 656 1695 672 n.
1723 647 1785 676 30.)

985 777 1091 812 2⁰7.

108 856 297 901 Marquaf
323 855 414 889 Isarl
448 855 588 889 *rerlzebt
622 856 684 889 den
718 855 876 900 Beiryern
914 868 977 889 rote
1014 855 1142 900 Zuaym
1179 855 1232 888 die
1276 854 1543 898 l'erseleirmwtq
1569 865 1677 897 (leyen
1713 854 1774 887 [len
1819 853 1963 887 Richter

109 917 174 950 mid
200 917 254 950 die
283 916 475 961 ›Sc-hoppen.
512 916 578 949 ared
611 915 747 960 befiehlt
776 916 886 952 z'kneu.
922 916 1102 950 ‹lenselben
1137 916 1190 949 die
1217 915 1393 959 sebaldi-qe
1430 914 1685 959 Elei-erln'elmtgy
1714 926 1755 948 zu
1784 916 1960 948 ereree'seu.

487 977 547 1010 Dt.
579 976 700 1012 Pallca.
727 979 784 1021 fer
811 977 877 1010 III.
905 981 984 1021 pos!
1014 977 1052 1012 S.
1081 976 1209 1010 Jacobi
1237 975 1318 1017 (28.
1348 976 1440 1017 dedi)
1474 974 1584 1009 1338.

253 1053 428 1107 Karolus
456 1072 588 1106 Domini
618 1072 722 1117 Regis
752 1072 889 1105 Boemie
918 1072 1159 1117 primogenitus
1187 1071 1337 1106 Mai-chio
1367 1070 1519 1105 Mol-anie
1549 1070 1698 1105 fidelibus
1728 1074 1795 1105 suis
1826 1071 1962 1105 Dilectis

110 1133 283 1168 Vniuersis
318 1137 349 1167 et
384 1132 523 1178 singulis
559 1132 693 1167 Ciuibus
731 1137 762 1167 et
804 1133 919 1167 incolis
955 1136 985 1167 in
1022 1133 1171 1179 Znoyma
1208 1131 1362 1167 Graciam
1399 1143 1492 1167 suam
1527 1137 1559 1166 et
1593 1143 1691 1165 omne
1720 1131 1842 1166 bonum
1872 1132 1964 1166 Licet

109 1197 225 1228 merito
253 1198 353 1228 totam
381 1193 422 1227 ad
451 1193 513 1228 hec
541 1198 714 1228 teneamur
742 1193 889 1238 dirigere
918 1197 1024 1228 aciem
1053 1197 1171 1228 mentis
1199 1198 1314 1228 nostre
1343 1197 1375 1227 et
1402 1192 1555 1239 peruigili
1584 1204 1663 1228 cura
1691 1204 1731 1227 ac
1751 1193 1963 1228 solicitudine

109 1266 243 1301 semper
276 1259 433 1299 satagere
462 1266 502 1288 ac
534 1257 693 1289 vniuerse
722 1253 881 1289 Ciuitates
914 1255 1009 1289 nobis
1043 1254 1171 1289 subdite
1203 1257 1297 1301 pacis
1335 1257 1512 1288 amenitate
1547 1253 1715 1298 gaudeant
1744 1258 1776 1288 et
1804 1256 1835 1287 in
1866 1259 1962 1287 tran-

110 1316 256 1362 quilitate
285 1318 463 1362 persistant
490 1319 618 1349 cunctis
647 1315 815 1349 erroribus
844 1327 902 1361 per
931 1327 1012 1361 quos
1038 1316 1230 1361 plerumque
1250 1315 1408 1349 Ciuitates
1429 1314 1599 1361 dispendia
1629 1315 1740 1349 subire
1765 1319 1840 1349 sunt
1867 1315 1963 1349 solite

110 1379 296 1422 extirpatis.
327 1375 525 1422 Specialiter
560 1381 669 1409 tamen
706 1376 746 1410 ad
779 1379 944 1410 ciuitatem
980 1381 1127 1410 nostram
1161 1376 1409 1422 Znoymensem
1445 1375 1625 1422 predictam
1662 1387 1758 1421 quani
1787 1380 1902 1421 vtpote
1930 1378 1963 1409 in

110 1440 205 1471 metis
239 1440 334 1471 sitam
372 1441 521 1482 tempore
549 1448 759 1481 gwerrarum
789 1438 927 1483 plurima
961 1448 1019 1483 pre
1054 1440 1174 1471 ceteris
1208 1437 1383 1483 pertulisse
1421 1448 1487 1470 non
1525 1436 1721 1481 ambigimus
1759 1435 1963 1482 temporibus

110 1500 286 1532 retroactis
322 1497 496 1532 incomoda
532 1502 644 1531 nostre
673 1497 948 1532 considerationis
983 1500 1129 1532 intuitum
1159 1502 1393 1532 connertentes
1422 1497 1614 1531 Inueniinus
1644 1501 1677 1531 et
1703 1497 1790 1542 qnod
1828 1497 1964 1541 indigne

111 1561 257 1603 gerimus
285 1562 376 1592 certa
404 1561 452 1592 rei
481 1560 690 1604 experientia
720 1561 938 1603 cognonimus
967 1570 1030 1591 vos
1060 1571 1076 1592 a
1106 1559 1212 1592 multis
1243 1562 1337 1592 antiis
1366 1563 1480 1592 contra
1499 1558 1649 1592 Judicem
1679 1563 1711 1592 et
1729 1558 1862 1592 Juratos
1892 1561 1964 1592 siue

110 1620 281 1653 consilium
312 1618 396 1653 dicte
425 1622 566 1653 ciuitatis
595 1623 708 1653 nostre
737 1622 991 1653 contrarietates
1021 1620 1212 1665 frequenter
1240 1622 1390 1663 gessisse
1420 1623 1451 1652 et
1471 1620 1701 1653 dissensiones
1731 1619 1962 1665 displicencias

112 1683 235 1725 pariter
263 1684 296 1713 et
324 1691 457 1713 errores
486 1684 520 1713 et
547 1684 638 1713 certe
667 1680 778 1726 plures
807 1684 840 1713 et
868 1683 978 1713 varias
1014 1683 1097 1713 inter
1124 1691 1186 1713 vos
1215 1684 1506 1727 conspiraciomnn
1544 1685 1653 1726 partes
1683 1680 1786 1713 fuisse
1816 1685 1847 1713 et
1876 1680 1962 1725 qnod

110 1751 173 1774 vos
203 1740 364 1774 aduersus
392 1740 564 1774 consilium
594 1743 766 1785 erigentes
786 1740 894 1774 Vnum
925 1743 954 1773 in
977 1740 1191 1786 Capitaneum
1212 1744 1264 1787 qui
1286 1746 1412 1787 partem
1433 1746 1580 1775 vestram
1601 1741 1731 1775 soueret
1757 1741 1962 1786 aliquociens

112 1801 236 1845 eligere
267 1803 398 1835 minime
428 1800 628 1835 formidastis
658 1813 718 1847 per
746 1812 811 1846 que
839 1800 946 1834 Jndex
977 1806 1007 1834 et
1037 1801 1141 1834 Jurati
1178 1801 1307 1835 suerunt
1336 1805 1514 1847 contempti
1536 1806 1567 1836 et
1586 1805 1685 1848 spreti
1715 1801 1809 1835 nobis
1838 1801 1963 1835 nibilo-

112 1865 217 1895 minus
252 1872 389 1908 quorum
431 1861 529 1895 iidem
565 1866 796 1908 representant
829 1873 1006 1908 personam
1045 1864 1074 1894 in
1118 1862 1329 1907 opprobrium
1370 1867 1401 1896 et
1442 1867 1685 1908 contemptum:
1729 1864 1801 1903 Qne
1843 1862 1962 1896 amodo

112 1923 233 1956 sull'ere
268 1927 299 1956 et
331 1921 538 1956 dissimulare
573 1923 724 1956 nolentes
759 1923 966 1967 aliquatenus
1002 1934 1063 1955 nee
1096 1923 1247 1956 volentes
1283 1923 1344 1957 sul)
1381 1923 1515 1957 obtentu
1544 1926 1659 1968 gracie
1693 1928 1804 1957 nostre
1841 1927 1874 1956 et
1901 1922 1962 1956 sub

113 1994 196 2028 pena
228 1986 428 2029 priuacionis
466 1983 601 2017 lionoris
637 1988 669 2017 et
704 1986 771 2017 vite
804 1982 901 2017 vobis
935 1986 1101 2016 vninersis
1137 1987 1170 2016 et
1211 1984 1349 2028 singulis
1390 1984 1535 2018 districte
1579 1984 1772 2017 mandamns
1808 1983 1962 2017 volentes

114 2054 288 2089 expresse.
346 2044 516 2085 Quatenus
553 2056 597 2078 ex
633 2055 721 2078 nnnc
755 2047 787 2077 in
827 2048 922 2077 antea
958 2044 1079 2077 nullum
1116 2055 1250 2089 prorsus
1287 2044 1381 2078 vobis
1418 2045 1633 2090 Capitaneum
1677 2044 1884 2090 preferentes
1922 2043 1963 2078 ad

115 2107 298 2150 quempiam
334 2105 432 2138 alium
467 2116 562 2150 quam
599 2105 638 2138 ad
675 2104 827 2138 Judicem
870 2109 901 2138 et
935 2104 1067 2138 Juraios
1105 2109 1277 2150 presentes
1312 2110 1344 2138 et
1378 2105 1504 2139 saturos
1547 2109 1619 2151 post
1657 2116 1716 2138 nos
1753 2115 1962 2150 nequaquam

115 2167 311 2210 presumatis
339 2164 464 2199 habere
493 2170 683 2211 respectum
717 2165 800 2211 Ipsis
836 2170 868 2198 et
902 2165 1040 2209 singulis
1069 2168 1189 2198 nostris
1224 2170 1256 2198 et
1285 2166 1432 2199 Ciuitatis
1462 2166 1601 2210 agendis
1637 2170 1667 2199 et
1697 2165 1791 2198 factis
1820 2165 1963 2199 debitam

114 2230 279 2270 tamqnam
308 2230 453 2260 nostram
482 2226 709 2272 supplentibus
738 2229 845 2261 viceni
875 2231 907 2259 et
935 2229 1163 2259 reuerenciam
1194 2225 1420 2271 impendentes
1450 2226 1628 2260 Satnentes
1657 2226 1792 2260 tirmiter
1819 2226 1905 2270 quod
1935 2229 1964 2260 si

115 2296 274 2332 processu
304 2289 458 2331 temporis
493 2287 590 2333 aliqui
626 2298 669 2320 ex
704 2287 800 2321 vobis
830 2298 930 2332 super
958 2298 1009 2319 eo.
1040 2286 1124 2330 qnod
1161 2289 1432 2331 conspiraciones
1462 2292 1515 2320 ant
1544 2287 1777 2320 conuenticnla
1806 2287 1963 2332 specialia

115 2350 230 2380 contra
266 2350 413 2379 nostrum
454 2358 594 2392 presens
637 2348 826 2382 mandatum
868 2350 998 2380 inierint
1031 2351 1085 2380 aut
1120 2347 1200 2380 alias
1242 2347 1371 2392 aliquod
1414 2351 1652 2393 premissorum
1690 2352 1804 2381 contra
1843 2348 1964 2381 dictum

115 2407 288 2441 consilium
318 2409 413 2440 veriti
448 2418 512 2441 non
542 2407 665 2442 suerint
692 2403 888 2454 attemptare
917 2407 1058 2441 conculti
1088 2419 1147 2453 per
1175 2407 1346 2441 consilinm
1376 2411 1480 2453 ipsum
1510 2410 1677 2441 extiterint
1697 2407 1774 2441 Illos
1804 2419 1847 2442 ex
1877 2419 1965 2442 nunc

117 2472 211 2512 prout
240 2471 360 2500 extunc
391 2467 484 2501 nobis
521 2471 593 2514 ipso
631 2469 717 2503 facto
756 2469 959 2503 adiudicatos
996 2480 1072 2501 esse
1101 2468 1310 2501 decernimus
1339 2471 1410 2502 sine
1448 2480 1507 2514 spe
1536 2471 1761 2502 assecucionis
1790 2469 1967 2503 cuiuslibet

117 2531 231 2571 gracie
259 2527 358 2561 rebus
387 2531 454 2561 suis
483 2531 605 2573 pariter
625 2534 656 2563 et
676 2533 830 2575 personis
852 2529 1002 2562 volumus
1023 2531 1109 2562 enim
1132 2528 1334 2574 sepedictam
1356 2530 1530 2562 Ciuitatem
1551 2533 1695 2562 nostram
1716 2529 1964 2575 Znoymensem

118 2591 281 2622 vniuersis
311 2592 377 2622 suis
408 2588 502 2621 bonis
530 2593 561 2622 et
589 2589 806 2624 laudabilibus
835 2588 1131 2623 consuetudinibus
1164 2594 1262 2634 atque
1295 2589 1429 2623 Jnribns
1463 2589 1581 2634 quibus
1615 2589 1655 2623 ab
1691 2590 1766 2624 olim
1801 2602 1860 2624 vsa
1890 2602 1966 2624 esse
