2184 2828
1085 116 1132 149 84

195 234 344 268 omnibus
372 238 404 268 et
433 234 570 279 singulis
598 233 721 267 iuribus
749 233 977 267 emolumentis
1005 233 1152 267 comodis
1180 231 1362 267 honoribus
1390 245 1520 268 necnon
1540 235 1655 281 Baylia
1683 247 1722 270 ac
1749 247 1841 270 mero
1869 240 1899 269 et
1927 238 2028 270 mixto

194 295 324 340 inperio
354 299 385 328 et
412 295 509 339 gladij
539 298 702 340 potestate
730 296 761 327 in
790 294 995 327 facinorosos
1030 298 1061 327 et
1088 292 1260 338 reprobos,
1296 305 1356 339 per
1383 306 1544 340 personas
1572 296 1723 341 ydoneus
1751 308 1768 330 a
1796 296 1892 330 vobis
1921 296 2029 342 depu-

194 360 288 398 tatas,
319 354 629 389 animadvertendos
665 353 762 388 vobis
798 359 830 387 et
865 359 978 387 vestro
1006 353 1210 387 Monasterio
1239 353 1353 388 damus
1382 354 1422 388 de
1450 355 1566 400 Regali
1595 356 1781 389 Clemencia
1811 360 1842 390 et
1869 361 2028 402 perpetuo

194 416 394 462 applicamus
423 426 483 461 per
510 426 571 448 vos
601 419 633 448 et
660 425 874 448 successores
907 419 1040 448 vestros
1075 413 1386 460 apprehendendum
1424 419 1617 450 auctoritate
1645 416 1752 460 Regia
1780 421 1876 461 atque
1904 421 2028 458 vestra,

194 488 289 522 quam
318 480 455 522 primum
483 479 552 520 ipsa
579 475 799 521 Znoymensis
828 474 950 508 Ciuitas
979 475 1019 508 ad
1048 479 1192 508 nostram
1222 479 1254 508 et
1281 479 1467 509 nostrorum
1487 487 1662 521 puerorum
1683 476 1816 510 redierit
1835 480 2028 522 potestatem

194 537 381 579 tenendum,
411 535 654 581 possidendum,
683 535 902 569 vtifruendum
931 537 963 568 in
993 534 1207 568 hereditatem
1235 540 1425 580 perpetuam
1454 541 1485 569 et
1514 536 1707 570 habendum.
1739 536 1864 570 Dantes
1886 541 1919 570 et
1942 547 2029 570 con-

195 597 352 631 cedentes
387 596 442 630 tibi
474 595 616 629 Johanni
649 595 756 629 abbati
791 600 822 629 et
857 595 1105 629 successoribus
1141 597 1215 637 tuis,
1249 598 1301 640 qui
1337 607 1395 641 pro
1438 601 1584 642 tempore
1618 596 1739 630 suerint
1775 596 1911 630 Judices
1950 596 2029 630 inibi

195 657 341 700 creandi‚
371 656 524 701 eligendi‚
554 656 728 698 statuendi,
759 666 882 701 eosque
910 655 1108 697 instituendi,
1131 666 1169 688 ac
1190 657 1294 689 eciam
1314 655 1510 690 destituendi
1531 657 1737 702 permutandi
1756 661 1788 690 et
1808 656 2028 690 substituendi

195 717 296 751 semel
324 722 355 750 et
384 718 517 763 pluries,
546 721 644 762 prout
672 716 711 750 de
740 720 791 750 tua
821 720 852 749 et
880 727 1110 749 successorum
1140 720 1268 749 tuorum
1297 717 1481 750 omnimoda
1518 720 1721 762 processerit
1747 717 1927 751 voluntate.
1956 716 2031 751 Non

195 777 396 811 obstantibus
425 776 585 823 aliquibus
613 776 729 810 Literis
758 776 810 810 uel
840 776 1000 809 mandalis
1029 779 1161 818 nostris,
1191 775 1274 810 datis
1303 781 1356 811 aut
1383 781 1554 811 concessis
1584 778 1655 811 aliis
1681 777 1765 810 forte
1785 780 1950 823 personis,
1972 788 2029 811 seu

195 842 299 871 eciam
329 842 528 883 inposterum
557 837 672 870 dandis
701 848 800 882 super
826 839 898 882 ipso
931 836 1072 880 Judicio,
1109 836 1226 883 quibus
1260 837 1408 871 omnibus
1445 842 1476 871 et
1505 838 1642 882 siugulis
1671 849 1714 871 ex
1744 843 1856 871 nostra
1885 841 2030 872 sciencia

195 899 406 943 derogamus.
460 898 653 932 Mandantes
687 908 821 931 exnunc
862 902 959 942 prout
993 908 1034 931 ex
1070 902 1145 931 tuuc
1180 900 1345 931 vuiuersis
1380 903 1411 931 et
1446 899 1583 943 singulis
1621 926 1626 931 .
1663 925 1670 931 .
1707 898 1895 944 Capitaiieis
1924 898 2030 932 locum

196 965 341 993 nostruin
380 959 566 993 tenentibus
603 986 609 992 .
648 986 654 991 .
691 957 894 991 Oflicialibus
935 962 967 992 et
1007 961 1181 1004 presertim
1225 957 1369 992 Consilio
1404 963 1436 992 et
1477 959 1706 992 communitati
1744 961 1847 1004 ipsius
1885 958 2032 992 Ciuitatis

195 1020 416 1066 Zuoymensis
456 1018 663 1065 presentibus
698 1023 729 1052 et
763 1021 816 1063 qui
848 1029 906 1064 pro
942 1023 1090 1064 tempore
1124 1018 1256 1061 suerint,
1293 1023 1452 1064 quatenns
1486 1030 1548 1052 vos
1583 1030 1799 1053 successores
1833 1024 1965 1053 vestros
1991 1023 2031 1052 net

196 1080 432 1114 Monasterium
463 1084 608 1113 nostrum
629 1079 779 1113 Lucense
800 1084 913 1112 contra
942 1079 1169 1113 huiuscemodi
1198 1083 1340 1113 nostram
1370 1079 1586 1113 donacionem
1616 1084 1647 1113 et
1675 1083 1822 1124 graciam
1851 1079 2030 1126 specialem

196 1153 261 1175 nou
289 1141 429 1174 debeant
458 1141 647 1181 molestare,
678 1139 848 1185 impedire?
876 1143 1057 1184 inquietare
1083 1140 1136 1173 vel
1157 1140 1337 1185 aliqualiter
1356 1140 1559 1185 perturbare.
1582 1140 1652 1173 Nec
1672 1140 1850 1181 molestari,
1871 1140 2031 1186 impedirL

196 1204 366 1247 inquietari
395 1212 453 1235 seu
482 1200 725 1247 quomodolibet
759 1212 818 1246 per
845 1203 1029 1246 quempiam
1059 1203 1237 1244 aggrauari
1265 1203 1460 1246 permittant,
1517 1201 1787 1245 liidignacionem
1826 1200 1965 1245 Regiam
2001 1205 2031 1233 et

196 1273 298 1308 penas
326 1264 540 1306 grauissimas
569 1272 627 1307 pro
656 1266 744 1294 motu
774 1261 879 1305 lies-110
908 1260 1117 1305 infligendas,
1146 1264 1172 1294 si
1201 1272 1296 1295 secus
1325 1265 1518 1307 attemptare
1544 1264 1806 1307 presumpserint
1825 1272 1862 1295 se
1882 1264 2034 1295 uouerint

196 1322 464 1356 irremissibiliter
492 1325 693 1355 incursuros.
725 1321 846 1355 llarum
875 1325 961 1355 serie
982 1326 1012 1355 et
1033 1325 1219 1356 testimonio
1238 1321 1430 1356 Literarum.
1461 1322 1579 1355 Datum
1600 1321 1772 1356 Poliorlicz
1793 1322 1893 1356 Anno
1913 1321 2032 1355 domini

197 1382 525 1417 M⁰CCC0XXXYI0.
556 1382 701 1416 Salihato
730 1387 801 1428 post
831 1382 974 1416 Octauas
1003 1382 1118 1416 Pasce.

502 1463 572 1493 (Ans
597 1462 644 1487 dci·
668 1461 978 1492 Restatiguiiffsurkunde
1003 1462 1049 1486 iles
1074 1461 1240 1495 ,narkgrasen
1266 1461 1323 1487 Karl
1349 1469 1408 1486 vom
1433 1461 1456 1486 J.
1488 1460 1574 1487 1:335.
1602 1462 1682 1487 ‹lci‘cn
1709 1462 1782 1495 Orig.
1808 1462 1855 1487 ans
1875 1461 2033 1495 Pergameni

606 1515 637 1539 iui
671 1514 784 1538 ,λι-011111*
815 1513 955 1538 desselben
987 1513 1117 1539 Klosters.
1150 1515 1181 1539 ini
1213 1522 1244 1539 in.
1272 1517 1303 1539 sl.
1329 1513 1538 1539 l.an‹iesar‹·tuv‹·
1567 1513 1612 1539 Lu.
1641 1515 1670 1539 A.
1704 1522 1728 1539 n.
1762 1514 1788 1539 ἴ).
1820 1513 1875 1539 sich
1905 1512 2030 1539 belindet.

607 1566 745 1597 (iolliuger
768 1565 897 1597 Zuaymer
921 1565 1086 1597 Burffgral'cu
1112 1567 1134 1591 iu
1160 1565 1314 1598 llorinayr's
1339 1565 1435 1590 Archiv
1460 1565 1500 1590 sur
1525 1565 1692 1592 (lesi-hichie.
1717 1565 1859 1599 Jatirgang
1886 1564 1990 1597 1828.)

1067 1685 1168 1721 114.

351 1744 548 1798 Bertrand.
570 1763 738 1798 Patriarch
765 1775 830 1797 von
853 1763 1018 1809 Aquileja,
1047 1767 1198 1797 investiri
1225 1763 1286 1797 den
1315 1775 1380 1798 von
1411 1763 1482 1796 dein
1505 1763 1661 1797 Coiulliur
1684 1763 1747 1797 und
1775 1763 1947 1797 Conveute
1975 1763 2034 1797 des

199 1825 379 1859 deutschen
417 1826 545 1859 llauses
581 1828 611 1858 iu
647 1824 791 1858 Laibach
827 1828 1045 1870 presentirten
1083 1824 1238 1858 lleinrieh
1273 1835 1338 1857 von
1368 1824 1534 1869 Troppau.
1566 1824 1710 1858 l'riester
1751 1823 1814 1857 und
1857 1823 2033 1857 Prol'essen

199 1886 373 1920 desselben
403 1886 543 1927 llauses,
574 1897 612 1918 zu
643 1886 700 1919 der
728 1885 829 1919 durch
859 1885 921 1918 den
951 1885 1021 1919 Tod
1051 1885 1108 1919 des
1129 1885 1270 1919 Bruders
1293 1885 1399 1918 Franz
1427 1885 1609 1929 erlcdigteu
1633 1884 1842 1918 l'sarrktrclie
1863 1884 1897 1917 S.
1921 1884 2034 1917 Peters

200 1950 230 1980 iu
259 1947 474 1981 Schernemol
505 1946 567 1980 und
597 1946 676 1979 liisst
704 1946 757 1980 ihn
786 1945 887 1979 durch
917 1945 978 1979 den
1007 1946 1234 1980 Archidiakou
1263 1945 1405 1979 daselbst
1434 1946 1625 1979 installireu.
1657 1945 1708 1979 Dt.
1732 1946 1870 1979 civitate
1890 1944 2034 1978 Austria·

200 2008 251 2042 die
279 2008 369 2042 xvi.
400 2008 522 2053 Aprilis
552 2007 667 2040 lndict.
698 2006 753 2040 lV.
787 2006 895 2040 1336.

505 2087 575 2114 (Ans
600 2086 658 2111 dciu
683 2086 828 2111 deutschen
855 2085 1068 2112 (ii-densarcliive
1092 2095 1121 2112 zu
1147 2086 1224 2111 Wieu
1250 2085 1406 2115 iiiitffetlieilt
1430 2085 1474 2111 Dr.
1500 2084 1527 2111 Β.
1554 2085 1664 2115 Dudik.)

1071 2216 1172 2251 115.

354 2275 532 2328 Heinrich
563 2305 627 2328 von
657 2294 799 2338 Soherg.
830 2294 981 2328 chriker
1009 2294 1067 2327 der
1103 2294 1225 2328 Kolner
1253 2292 1396 2327 Diocesc
1425 2292 1488 2326 und
1518 2292 1722 2326 oll'entlicher
1750 2292 1862 2328 Notar.
1892 2290 2035 2325 vidimirt

203 2355 254 2388 die
276 2355 366 2388 Bntu·
388 2355 484 2400 l’apst
505 2355 715 2389 Alexanders
736 2355 792 2388 lx'.
815 2355 879 2389 (lto.
902 2354 1027 2388 viterbi
1060 2354 1117 2388 11.
1140 2355 1271 2398 August
1296 2352 1399 2387 1257.
1429 2353 1480 2386 l'iir
1503 2354 1555 2387 (lie
1576 2353 1702 2386 Briider
1725 2353 1784 2386 des
1810 2352 2036 2386 Domikaner-

202 2415 331 2449 (lrdeus
360 2415 460 2448 durch
492 2415 724 2450 Deutschland.
756 2415 890 2449 Dacico.
929 2415 1072 2448 Bohmen
1103 2420 1178 2453 cic..
1214 2413 1344 2447 welche
1374 2413 1541 2454 llciurich,
1578 2413 1705 2447 Bruder
1741 2413 1804 2447 und
1840 2413 2037 2447 Procurator

202 2476 259 2510 des
294 2475 472 2509 deutschen
508 2477 636 2510 (lrdeus
671 2488 721 2510 am
761 2476 962 2522 piipstliclien
996 2475 1092 2509 Hose.
1130 2488 1188 2509 aus
1226 2475 1307 2508 Rom
1346 2477 1375 2507 in
1419 2474 1476 2507 das
1519 2474 1734 2507 (lrilcushaus
1775 2485 1814 2507 zu
1856 2473 2034 2518 Dedereyn

202 2537 477 2581 zuriicligclichrl,
506 2539 663 2578 gebracht
694 2537 756 2571 und
787 2537 858 2570 dein
888 2538 1036 2580 dorligcn
1069 2537 1227 2571 Komthur
1255 2536 1411 2572 Werner,
1441 2540 1587 2572 ucuuuut
1617 2534 1816 2581 ScoyuhalS,
1845 2532 2037 2578 iibergeben

203 2598 301 2637 hatte,
338 2598 400 2632 und
437 2601 542 2631 worin
579 2599 639 2632 den
677 2599 914 2632 Doiiuiukaner
951 2598 1224 2631 (lrdeushriideru
1263 2597 1480 2639 aul'getrugeu
1523 2596 1617 2630 wird.
1662 2598 1692 2629 in
1732 2595 1815 2629 allen
1858 2594 2037 2628 Diocesen.
