2184 2828
1018 70 1091 106 985

127 205 186 241 per
218 195 393 227 uictoriam
428 195 601 237 potestati:
637 191 717 225 Cum
755 193 855 236 igitur
886 189 1026 236 predicti
1063 187 1206 222 barones
1244 191 1308 220 tam
1347 186 1512 220 affinitatis
1550 196 1644 230 quani
1683 185 1985 229 consanguinitatis

126 255 192 300 liga
229 257 344 288 uestre
377 254 534 287 vniantur
567 252 820 297 magnificencie
855 255 888 285 et
921 249 1028 292 nobis,
1070 248 1178 283 uelitis
1214 258 1291 281 esse
1327 250 1358 281 in
1393 251 1508 281 nostra
1544 256 1646 280 causa
1680 248 1849 290 utriusque
1885 246 1986 278 sortis

126 325 203 349 esse
231 316 425 360 participes.
457 313 666 347 Consulimus
695 317 728 346 et
755 316 880 346 attente
908 321 1067 356 rogamus
1095 313 1259 356 quatenus
1286 312 1351 342 tam
1380 307 1519 354 prouide
1548 317 1645 352 quam
1675 306 1828 340 sollerter
1848 305 1988 350 predic-

127 379 178 409 tos
215 374 364 408 barones
396 373 439 407 ab
472 374 619 408 eiusdem
652 374 744 418 «regis
778 375 937 407 auertatis
975 372 1141 414 seruiens,
1176 373 1266 416 ipsos
1302 368 1475 403 flectentes
1513 371 1545 401 et
1580 369 1757 401 inuitantes
1795 366 1835 399 ad
1874 370 1987 399 nostra

129 435 336 482 beneplacita
366 439 401 469 ut
429 446 542 469 aurem
573 434 804 469 munificencie
832 433 972 467 dextera
1001 430 1235 466 retribucionis
1265 432 1427 476 premium
1455 431 1620 475 recipiant
1648 426 1865 461 fructuosum.

1000 554 1126 588 Aliter.

286 616 460 651 Timentes
489 621 629 650 euentus
658 618 771 650 uarios
800 615 918 662 quibus
947 614 1090 648 humane
1118 613 1324 647 condicionis
1352 611 1513 656 fragilitas
1542 610 1733 650 inuoluitur‚
1763 612 1990 642 sinceritatem

132 682 278 713 uestram
307 677 462 711 duximus
492 677 713 711 exortandam
741 680 906 721 quatenus
936 678 1022 709 inter
1049 675 1133 709 alias
1161 675 1392 719 cogitaciones
1422 683 1485 718 que
1515 676 1661 705 uestrum
1691 670 1859 716 implicant
1892 671 1991 702 animi

129 749 301 773 recursum
339 748 399 784 pro
441 737 662 783 impendendo
698 737 794 771 nobis
829 739 998 771 iuuamine
1032 735 1182 770 habeatis
1212 734 1251 768 ad
1287 745 1403 767 omnes
1438 737 1471 767 et
1505 733 1655 777 singulos
1690 731 1838 764 barones
1867 729 1989 763 Slauz'e

131 810 215 845 quos
251 799 333 833 Rem
368 799 598 833 Romanorum
636 809 696 844 per
729 798 926 844 sollempnia
962 797 1002 831 ad
1041 808 1100 831 sua
1138 798 1289 830 inuitauit
1317 793 1476 840 obsequia
1507 796 1590 827 sicut
1619 792 1790 826 cuiusdam
1821 790 1993 824 familiaris

131 862 239 894 nostri
266 864 415 894 nostram
445 860 688 893 excellenciam
718 858 878 893 efficaces
906 858 1015 892 littere
1043 857 1275 892 informarunt.

949 972 1179 1016 Responsina.

289 1033 448 1075 Quamuis
483 1033 662 1067 diuersitas
697 1032 784 1066 fame
819 1035 850 1066 in
888 1032 997 1066 multis
1033 1036 1181 1066 uestrum
1217 1030 1393 1064 sollicitum
1431 1029 1547 1063 reddat
1581 1031 1743 1062 animuin.
1781 1032 1890 1061 tamen
1935 1037 1995 1071 pro

133 1098 226 1128 certo
262 1098 407 1128 uestram
445 1097 532 1128 seire
570 1094 719 1127 uolumus
754 1093 999 1126 excellenciam
1033 1092 1119 1138 quod
1155 1094 1303 1125 uniuersi
1337 1089 1469 1124 nobiles
1505 1089 1627 1123 Slam'e
1665 1088 1742 1122 nihil
1788 1097 1925 1132 prorsus
1964 1089 1996 1118 in

134 1156 237 1189 uestri
275 1153 414 1188 honoris
452 1153 680 1188 machinantes
715 1153 920 1199 dispendium
956 1156 988 1186 in
1019 1156 1188 1199 utriusque
1216 1156 1362 1186 uestrum
1398 1150 1555 1185 auxilium
1585 1152 1769 1192 attingente
1800 1152 1867 1180 toto
1897 1157 1997 1193 posse

135 1225 270 1249 suarum
305 1217 422 1249 uirium
462 1218 672 1249 incessanter
710 1216 951 1261 promissiones
990 1213 1098 1247 ualide
1139 1216 1303 1260 scripture
1345 1213 1532 1246 testimonio
1571 1214 1603 1243 et
1648 1208 1832 1253 sigillorum
1877 1207 1998 1241 robure

135 1286 343 1310 conmunire.

1000 1362 1130 1395 Aliter.

290 1422 306 1468 (
417 1427 426 1464 )
457 1422 614 1456 Fatemur
642 1427 677 1456 ct
711 1425 836 1456 ueritas
872 1421 1033 1468 approbat
1062 1421 1147 1467 quod
1183 1425 1298 1455 contra
1327 1422 1527 1465 prommissa
1555 1417 1652 1452 nobis
1681 1417 1766 1451 sacta
1796 1417 1837 1450 de
1867 1420 2001 1462 impen-

135 1487 230 1519 sione
268 1484 382 1518 auxilii
420 1485 628 1517 vniam-sitas
660 1483 820 1517 nobilium
856 1483 979 1517 Slam'e
1013 1494 1050 1517 se
1089 1482 1239 1516 submisit
1271 1480 1416 1514 totaliter
1450 1481 1542 1525 rerst's
1580 1480 1807 1513 Romanorum
1846 1480 1999 1512 seruiciis

136 1545 296 1580 concordi
325 1549 357 1578 et
386 1547 532 1578 vnanimi
563 1545 733 1578 uoluntate
761 1555 876 1578 uerum
914 1549 1022 1578 tamen
1052 1554 1094 1576 ne
1123 1553 1166 1575 ex
1195 1544 1257 1575 isto
1295 1541 1420 1575 doloris
1453 1539 1669 1574 acerbitatem
1707 1538 1872 1573 celsitudo
1907 1541 2001 1583 regia

136 1608 314 1652 concipiat,
345 1608 420 1650 quia
450 1609 514 1638 tam
545 1616 588 1638 ex
618 1607 788 1638 uicinitate
816 1605 881 1638 loci
910 1616 974 1651 quo
1003 1603 1097 1637 nobis
1125 1605 1345 1647 coniungunt,
1375 1613 1472 1648 quam
1502 1601 1646 1635 fidelium
1668 1604 1855 1634 nostrorum
1877 1604 2003 1646 poten-

138 1669 189 1701 cia
218 1666 357 1713 predicti
387 1665 516 1700 nobiles
546 1668 577 1699 in
606 1668 675 1699 suis
704 1665 831 1699 uiribus
861 1668 1040 1699 assistente
1068 1662 1165 1697 nohis
1194 1663 1304 1697 diuina
1334 1665 1489 1709 potencia
1519 1661 1792 1697 contabescente.

685 1788 764 1820 Rea·
792 1786 1018 1819 Boliemorum
1046 1785 1168 1819 scribit
1196 1787 1267 1819 suis
1292 1785 1462 1829 fidelibus.

293 1848 367 1882 Non
398 1853 504 1895 potest
534 1847 630 1881 nobis
659 1858 724 1881 non
753 1857 830 1880 esse
859 1848 1023 1879 notorium
1053 1846 1139 1891 quod
1169 1849 1200 1880 in
1230 1846 1373 1880 diuersis
1402 1846 1514 1880 mundi
1543 1846 1753 1880 manifestum
1784 1850 1835 1879 est
1857 1845 2003 1891 partibus

139 1910 280 1955 qualiter
308 1910 390 1944 Rem
418 1910 647 1943 Romanorum
676 1906 852 1941 intendens
882 1906 1148 1940 dissensionibus
1178 1911 1296 1941 contra
1325 1918 1386 1941 nos
1414 1911 1447 1940 et
1472 1918 1577 1951 regna
1599 1911 1713 1940 nostra
1735 1918 1853 1940 manus
1875 1918 2005 1951 aggra-

139 1974 196 2003 uat
228 1975 260 2004 et
294 1970 334 2004 ad
370 1974 521 2004 nostruin
564 1971 777 2015 precipicium
813 1967 968 2012 quidquid
1002 1970 1202 2012 excogitare
1236 1971 1345 2014 postet
1372 1971 1546 2013 excogitat
1575 1971 1609 2001 ut
1638 1978 1698 2001 nos
1728 1967 1853 2001 uiribus
1883 1970 2005 2001 nostris

139 2030 297 2065 destituat
325 2036 358 2065 et
386 2042 425 2064 ea
454 2035 565 2077 preter
593 2040 725 2063 omnem
755 2031 917 2062 iusticiam
947 2039 1008 2062 suc
1036 2028 1190 2062 subiiciat
1218 2031 1384 2074 potestati.
1415 2029 1636 2063 Dissimulare
1666 2033 1774 2062 autem
1798 2040 2005 2075 nequaquam

139 2091 293 2126 uolentes
326 2092 423 2126 huius
459 2094 594 2125 iniurias
630 2090 776 2123 fidelitati
812 2094 925 2123 uestre
960 2089 1155 2123 mandamus
1193 2092 1419 2136 precipientes
1453 2095 1568 2124 nostre
1603 2092 1720 2135 gracie
1765 2089 1825 2124 sul)
1869 2090 2006 2124 obtentu

140 2152 226 2197 quod
261 2155 490 2198 vnusquisque
528 2162 566 2185 se
608 2155 769 2196 apparatu
803 2150 879 2183 belli
915 2153 1120 2184 communiat
1155 2153 1250 2195 equis
1287 2155 1320 2184 et
1351 2154 1451 2185 armis
1490 2155 1588 2197 prout
1622 2150 1683 2184 sibi
1723 2162 1834 2184 reruni
1865 2150 2007 2185 facultas

139 2215 283 2259 suppetit
312 2213 490 2259 expeditus
521 2211 707 2245 honorilice
732 2215 762 2244 et
792 2210 952 2244 decenter
994 2216 1028 2244 ut
1062 2211 1101 2244 ad
1136 2211 1326 2245 mandatum
1364 2216 1396 2246 et
1424 2214 1683 2257 requisicioneni
1715 2216 1861 2246 nostram
1891 2216 2008 2258 promti

140 2275 355 2308 inueniamini
385 2273 425 2307 ad
455 2273 685 2307 defensionem
717 2272 835 2306 natalis
865 2274 972 2318 patrie
1002 2284 1061 2318 pro
1090 2275 1184 2306 cuius
1215 2275 1332 2306 inriuin
1363 2277 1394 2307 et
1424 2272 1609 2307 libertatum
1631 2276 1897 2308 conseruacione
1918 2285 2009 2306 con-

136 2345 271 2369 cessum
301 2333 435 2369 cuilibet
464 2339 516 2369 est
547 2336 675 2368 imitari.

581 2447 706 2481 Aliler.
740 2447 846 2487 (Rem
878 2446 1101 2480 Boliemornm
1131 2446 1252 2481 scribit
1280 2449 1352 2481 suis
1376 2447 1571 2492 fidelihus.)

295 2507 428 2542 Scimus
459 2508 684 2542 indubitanter
712 2507 751 2541 ad
780 2511 926 2541 uestram
956 2510 1155 2552 peruenisse
1184 2510 1339 2542 noticiam
1370 2508 1454 2554 qnod
1484 2510 1578 2553 reqis
1608 2509 1836 2543 Romanorum
1858 2514 2010 2555 tyrannis

141 2568 181 2602 ad
210 2573 358 2604 nostram
389 2572 542 2615 aspirans
572 2581 634 2603 nec
664 2573 849 2614 respectum
889 2567 1017 2602 liabens
1047 2569 1086 2602 ad
1117 2573 1230 2603 nostra
1260 2581 1323 2615 quo
1354 2570 1636 2615 predecessorum
1666 2574 1809 2605 seruicia
1834 2574 2011 2616 principes
