2184 2828
1015 83 1087 117 413

131 207 323 238 :metoritate
358 204 557 248 presentium
593 200 817 240 indute-01an
853 205 885 235 ut
917 201 1085 234 literarum
1117 200 1222 234 studio
1260 203 1333 233 sive
1370 203 1401 234 in
1433 201 1583 235 Romano
1617 204 1689 235 sive
1726 192 1800 235 alibi
1833 203 1865 235 in
1900 202 1974 235 loco

130 264 183 297 ubi
211 263 287 298 illud
315 266 428 306 vigeat
455 261 613 306 generale
641 261 826 294 insistendo
854 260 980 294 fructus
1009 260 1152 294 redditus
1181 264 1213 294 et
1239 265 1422 306 proventus
1451 261 1537 295 dicte
1560 261 1771 307 prepositure
1800 273 1838 295 ac
1860 261 1975 296 Cano-

129 328 292 358 nicatuum
326 327 359 356 et
393 321 635 367 prebendarum
673 332 755 366 quos
793 324 824 354 in
860 320 1100 366 Bambergensi
1133 331 1289 354 necnon
1327 324 1358 355 in
1397 320 1529 355 Brunna
1569 320 1801 356 Olomucensis
1830 323 1974 357 diocesis

129 384 282 417 ecclesiis
324 393 411 416 nunc
450 382 596 424 obtines„
639 386 671 415 et
705 382 841 415 aliorum
879 385 1022 415 ouniium
1054 380 1291 415 beneficiorum
1326 381 1627 416 ecclesiasticorum
1664 393 1727 427 que
1768 385 1799 416 in
1835 382 1976 428 quibus-

129 454 268 489 cumque
303 444 375 477 aliis
410 443 562 476 ecclesiis
597 445 813 487 imposterum
847 441 1011 476 obtinebis
1047 453 1120 475 cum
1153 452 1193 475 ea
1227 444 1418 486 integritate
1455 453 1560 487 usque
1595 443 1634 476 ad
1671 442 1844 476 Biennium
1873 443 1976 476 libere

129 506 301 549 percipere
329 503 443 537 valeas
473 502 644 537 cotidianis
673 502 954 536 distributionibus
975 502 1142 536 dumtaxat
1161 505 1314 548 exeeptis
1350 513 1422 536 cum
1452 514 1515 548 qua
1552 503 1624 537 illos
1660 506 1852 549 perciperes
1883 506 1911 537 si
1945 507 1976 537 in

129 564 280 598 ecclesiis
317 567 395 610 ipsis
429 564 650 609 personaliter
686 563 852 597 resideres
887 568 918 596 et
947 563 986 596 ad
1015 562 1224 597 residendum
1253 565 1383 596 interim
1420 565 1452 596 in
1487 563 1613 596 eisdem
1642 564 1695 597 vel
1724 575 1838 598 earum
1869 564 1976 608 aliqua

128 627 260 658 minime
288 627 450 667 teneam,
487 635 596 669 neque
632 624 671 657 ad
702 624 731 657 id
762 635 778 656 a
809 634 971 669 quoquam
1008 626 1130 657 invitus
1164 623 1278 657 valeas
1313 626 1468 657 coartari.
1500 623 1574 657 Non
1604 623 1808 658 obstantibus
1836 624 1977 669 quibus—

127 696 267 730 cumque
301 687 431 718 statutis
466 689 498 718 et
525 684 822 718 consuetudinilnis
858 687 1001 729 ipsarum
1039 684 1255 718 ecclesiarum
1291 686 1468 717 contrariis
1506 687 1690 718 iuramento
1725 685 1977 719 confirmatione

127 745 308 791 apostolica
345 745 399 778 vel
434 748 552 790 quavis
585 744 648 778 alia
684 744 834 778 firmitate
869 744 999 778 vallatis
1035 747 1162 778 etiamsi
1197 743 1237 777 de
1272 744 1334 778 illis
1370 744 1547 778 servandis
1591 749 1621 778 et
1658 756 1722 778 uon
1761 746 1976 791 impetrandis

130 807 231 839 literis
269 805 460 851 apost-olicis
496 810 611 838 contra
640 816 678 838 ea
709 809 741 837 ct
769 807 848 850 ipsis
877 805 979 838 literis
1016 816 1081 838 non
1109 804 1230 839 utendo
1267 807 1364 838 etiam
1395 816 1412 838 a
1442 809 1472 839 te
1501 805 1555 839 vel
1584 805 1648 838 alio
1678 817 1737 839 seu
1766 807 1838 840 aliis
1868 809 1977 852 impe—

129 870 218 900 tratis
247 871 301 900 aut
329 867 392 900 alio
420 868 539 910 quovis
569 865 664 899 modo
700 868 871 898 concessis
907 876 965 911 per
993 870 1024 898 te
1052 865 1105 899 vel
1133 869 1381 910 procuratorem
1411 870 1498 899 tuum
1536 868 1706 911 prestitisti
1735 865 1894 900 hactenus
1923 867 1977 900 vel

129 927 242 960 forsan
287 929 500 973 imposterum
534 930 564 959 te
599 930 749 971 prestare
787 928 962 969 contigerit
998 929 1224 961 iuramentum.
1272 925 1341 959 Seu
1378 928 1405 959 si
1448 926 1595 960 locorum
1629 926 1804 960 ordinariis
1845 938 1862 960 a
1897 927 1978 961 sede

130 988 312 1032 apostolica
348 990 389 1021 sit
417 998 634 1020 concessum.
665 986 717 1019 vel
748 989 960 1031 imposterum
994 986 1132 1020 concedi
1169 989 1356 1031 contingat.
1394 987 1479 1031 quod
1519 985 1708 1020 Canonicos
1746 991 1777 1020 et
1814 998 1977 1033 personas

129 1048 347 1081 ecclesiarum
383 1059 516 1081 suarum
556 1046 733 1080 Civitatum
762 1052 794 1080 et
825 1046 976 1080 Diocesis
1005 1050 1037 1080 in
1067 1046 1280 1091 dignitatibus
1314 1047 1368 1081 vel
1398 1047 1629 1093 personatibus
1659 1052 1713 1081 aut
1741 1047 1862 1081 officiis
1891 1059 1979 1081 con-

128 1111 258 1141 stitutos
289 1119 349 1154 per
377 1108 637 1142 subtractionem
666 1112 886 1153 proventuum
916 1118 1048 1141 suorum
1078 1108 1380 1142 ecclesiasticorum
1411 1108 1464 1141 vel
1500 1108 1582 1141 alias
1611 1108 1815 1154 compellere
1844 1108 1977 1142 valeant

129 1168 169 1201 ad
197 1168 409 1202 residendum
445 1168 666 1214 personaliter
701 1171 732 1201 iu
767 1168 903 1201 eisdem.
960 1168 1025 1201 Aut
1064 1171 1090 1201 si
1119 1167 1243 1202 eisdem
1274 1168 1457 1202 Ordinariis
1497 1173 1528 1201 et
1557 1168 1683 1202 dilectis
1713 1168 1786 1202 liliis
1817 1167 1978 1214 Capitulis

129 1228 318 1262 earumdem
348 1228 567 1263 ecclesiarum
597 1229 651 1262 vel
680 1228 851 1273 quibusvis
881 1229 952 1261 aliis
973 1232 1191 1262 communiter
1210 1229 1262 1262 vel
1284 1229 1414 1263 divisim
1436 1228 1475 1263 ab
1497 1229 1612 1263 eadem
1642 1232 1684 1262 sit
1712 1229 1793 1262 sede
1821 1230 1977 1262 indultum

129 1290 183 1322 vel
213 1292 426 1335 imposterum
456 1289 621 1334 indulgeri
649 1292 831 1341 contingat,
861 1289 946 1335 quod
974 1289 1151 1322 Canonicis
1182 1294 1212 1323 et
1240 1292 1394 1335 personis
1414 1290 1603 1323 earumdem
1633 1290 1850 1323 ecclesiarum
1881 1293 1977 1323 etiam

131 1354 160 1383 in
198 1350 411 1395 dignitatibus
446 1350 498 1384 vel
528 1349 761 1396 personatibus
797 1361 857 1383 seu
893 1349 1010 1383 ofliciis
1039 1353 1225 1383 constitutis
1261 1361 1325 1384 uon
1362 1350 1584 1384 residentibus
1622 1353 1654 1383 in
1690 1350 1816 1383 eisdem
1853 1350 1978 1384 fructus

133 1410 279 1445 redditus
309 1415 339 1444 et
368 1415 550 1457 proventus
580 1411 798 1444 ecclesiarum
828 1422 866 1444 ae
896 1410 1137 1456 prebendarum
1168 1415 1198 1444 et
1227 1411 1421 1455 dignitatum
1457 1411 1509 1444 vel
1540 1416 1776 1456 personatuum
1807 1422 1867 1444 seu
1896 1410 1977 1444 offi-

131 1475 255 1505 ciorum
277 1476 332 1505 aut
351 1471 579 1505 benificiorum
602 1483 736 1505 suorum
759 1471 1061 1505 ecclesiasticorum
1083 1474 1267 1505 ministrare
1295 1475 1428 1505 minime
1449 1476 1624 1505 teneantur
1644 1476 1675 1504 ct
1705 1471 1744 1504 ad
1766 1471 1795 1505 id
1825 1472 1977 1517 compelli

132 1543 195 1565 uon
226 1535 352 1578 possint
380 1543 439 1578 per
458 1533 571 1566 literas
592 1532 790 1578 apostolicas
819 1543 884 1565 non
915 1532 1075 1565 facientes
1103 1532 1232 1577 plenam
1254 1537 1285 1565 et
1306 1543 1503 1578 expressam
1532 1544 1571 1565 ac
1592 1532 1633 1565 de
1652 1531 1759 1565 verbo
1780 1532 1820 1565 ad
1841 1531 1978 1566 verbum

131 1593 171 1626 de
200 1592 322 1626 indulto
351 1592 535 1627 huiusmodi
564 1596 764 1626 mentionem
786 1597 816 1625 et
837 1592 1034 1637 quibuslibet
1054 1592 1124 1626 aliis
1145 1593 1327 1638 privilegiis
1357 1593 1569 1637 indulgentiis
1599 1597 1629 1626 et
1660 1593 1760 1626 literis
1789 1593 1979 1638 apostolicis

130 1653 345 1697 generalibus
365 1654 420 1687 vel
442 1653 643 1699 specialibus
664 1664 945 1699 quorumcumque
967 1658 1117 1686 tenorum
1138 1656 1293 1696 existant5
1322 1665 1382 1699 per
1410 1664 1474 1698 que
1494 1653 1706 1699 presentibus
1727 1664 1792 1686 non
1814 1664 1978 1698 expressa

132 1713 183 1747 vel
205 1714 348 1747 totaliter
369 1725 434 1747 non
454 1717 577 1749 inserta
599 1714 737 1748 effeetus
757 1725 869 1747 earum
893 1713 1040 1759 impediri
1071 1713 1181 1747 valeat
1209 1714 1455 1758 quomodolibet
1483 1714 1538 1747 vel
1568 1714 1701 1748 dill'erri.
1732 1718 1763 1746 et
1792 1713 1832 1746 de
1862 1713 1979 1758 quibus

130 1785 333 1819 quorumque
369 1777 442 1807 totis
478 1774 647 1808 tenoribus
684 1774 798 1808 baberi
833 1774 952 1807 debeat
989 1777 1018 1807 in
1055 1777 1178 1807 nostris
1206 1775 1308 1808 literis
1344 1778 1465 1808 mentio
1495 1775 1664 1820 specialis.
1722 1773 1860 1807 Proviso
1891 1773 1978 1818 quod

134 1834 293 1868 benelicia
330 1834 515 1868 huiusmodi
552 1834 671 1869 debitis
703 1838 830 1868 interim
860 1834 1027 1880 obsequiis
1056 1846 1120 1868 nou
1150 1834 1358 1875 fraudentur„
1397 1835 1455 1869 sed
1486 1846 1545 1881 per
1574 1835 1679 1868 bonos
1715 1839 1746 1867 et
1774 1834 1978 1868 sufficientes

134 1893 298 1933 Vicarios,
329 1895 445 1941 quibus
475 1895 514 1929 de
535 1895 771 1929 beneficiorum
802 1898 946 1941 ipsorum
970 1894 1186 1940 proventibus
1207 1899 1397 1929 necessaria
1419 1907 1569 1940 congrue
1590 1898 1827 1937 ministrentur,
1857 1894 1979 1927 deser-

134 1957 243 1989 viatur
271 1955 349 1989 inibi
378 1956 586 1990 laudabiliter
615 1960 645 1990 in
676 1957 809 1990 divinis.
841 1955 923 1989 Nulli
954 1967 1035 1999 ergo
1055 1960 1119 1989 etc.
1150 1960 1264 1989 nostre
1293 1959 1523 1990 concessionis
1554 1956 1737 1993 'infringere
1766 1959 1829 1988 etc.
1861 1954 1978 1987 Datum

135 2015 302 2050 Avinione
331 2016 375 2050 ΙΙΙ
404 2016 518 2051 Nonas
548 2016 745 2050 Decembris
775 2018 874 2050 Anno
905 2016 1026 2049 Tertio.

439 2079 524 2111 (Nacti
550 2079 608 2104 dem
634 2080 707 2109 (mg,
741 2079 856 2109 llegeste
888 2078 988 2103 l'abst's
1014 2078 1136 2103 (lerneus
1162 2078 1206 2103 Vl.
1231 2077 1255 2103 J.
1282 2078 1325 2103 111.
1358 2079 1384 2104 Β.
1405 2079 1447 2104 tlt.
1476 2079 1515 2104 ta:
1544 2079 1575 2104 Π
1603 2079 1629 2104 S.
1649 2078 1681 2103 Sl
1714 2086 1745 2102 nn
1772 2076 1978 2102 Yatieaniselicu

544 2131 659 2156 Ari-liive
684 2139 714 2156 zu
740 2130 813 2157 [tom.
841 2130 933 2155 xirlun.
961 2130 1097 2155 Abselirit't
1122 2131 1153 2155 im
1179 2130 1260 2155 mabr.
1287 2130 1372 2155 stand.
1398 2131 1637 2161 Laiulesarcliiie.)

1005 2232 1110 2267 565.

137 2301 325 2345 illarltfstwf
339 2301 426 2335 li'url
452 2314 515 2336 ron
536 2304 681 2337 Maleren
701 2304 865 2347 bestium!
895 2303 962 2335 alle
992 2303 1052 2335 fler
1081 2302 1184 2336 stadt
1217 2301 1363 2336 Breslsm
1391 2315 1465 2336 rona
1487 2304 1619 2346 lt'meiye
1638 2301 1774 2334 Jolmuu
1795 2301 1979 2334 erllwilleu

138 2363 344 2405 Prz'rileffl'eu
375 2363 439 2395 mul
467 2364 669 2397 nmmmtliele
691 2368 795 2408 jeues
824 2365 897 2397 (laelo.
931 2364 1032 2396 Paris
1061 2362 1121 2395 31.
1152 2362 1252 2396 Milrz
1284 2363 1381 2397 13413
1415 2363 1588 2407 besnyliele
1618 2363 1678 2395 der
1715 2362 1816 2396 tt'alel
1843 2363 1903 2395 der
1933 2361 1979 2394 12

137 2422 414 2466 Lantlsclmppelt.
472 2422 528 2456 Dt.
561 2424 709 2458 Brutone.
736 2427 828 2468 feria
867 2424 918 2457 ll.
945 2427 1024 2467 pos!
1050 2425 1130 2466 fest.
1161 2422 1189 2456 Ι).
1222 2423 1362 2457 Amlree
1397 2428 1508 2468 apost.
1549 2423 1603 2463 (3.
1627 2422 1835 2465 December)
1871 2422 1978 2455 1342.

291 2481 379 2534 *xes
416 2499 556 2533 liarolus
592 2502 750 2536 domini..
783 2503 886 2540 Regis
924 2502 1060 2535 lloemie
1098 2504 1340 2546 primogenitus
1369 2501 1517 2535 Mai-ebio
1545 2500 1711 2541 MorauiQ
1747 2500 1885 2534 Necnon
1915 2500 1980 2533 Jo-

136 2560 263 2594 banncs
293 2560 343 2593 dei
375 2563 486 2603 gracia
517 2561 583 2594 dux
614 2562 783 2597 Karintliie
811 2563 943 2608 Tyrolis
973 2567 1003 2595 et
1034 2561 1167 2595 Goricie
1188 2562 1321 2604 Comes,
1352 2562 1405 2596 Ad
1436 2566 1667 2595 vuiuersorum
1690 2565 1843 2596 noticiam
1864 2566 1979 2594 tenore
