2184 2828
1080 127 1152 160 93⁴

1017 334 1021 337 -
1065 312 1173 347 3911.

189 405 457 450 Sclet'cdssptvtcla
485 405 542 437 iles
571 402 677 435 bolam.
710 401 839 445 lsrmz‘qs
873 400 981 435 W...
1011 400 1042 431 in
1072 399 1143 431 dem
1174 399 1338 432 zwe'seleen
1367 399 1438 431 ilem
1458 399 1629 432 (umidam-
1651 399 1810 443 Hischofe
1835 400 1899 434 Th.
1919 428 1925 434 .
1945 402 2032 435 .nnrl

193 466 369 501 Friedrich
397 465 469 498 dem
488 464 660 507 Jtmyeren
683 474 744 495 mm
774 460 976 503 Sclemzlmrsl
1005 458 1234 492 bestamlenen
1264 459 1391 493 Sti-ille
1420 458 1595 503 bezilqlz'clt
1623 461 1717 493 einer
1744 472 1809 493 von
1843 461 1914 493 dem
1942 461 2036 495 letz-

551 528 647 557 leren
676 522 732 556 bez?
760 521 911 555 sz'llan
939 520 1102 554 erbaulrn
1135 519 1238 563 Ιῖηιῃ.
1273 520 1310 553 0.
1344 519 1386 553 D.
1419 519 1456 552 0.
1488 520 1554 552 med
1580 519 1680 553 Jahr.

323 594 409 647 ΨΥ.
439 613 490 646 dei
519 613 634 657 gracia
662 614 726 644 etc.
757 608 917 643 Omnibus
946 609 1097 641 noticiam
1128 605 1388 652 subscriptorum
1419 605 1641 640 Reverendus
1670 610 1700 640 iu
1729 611 1830 641 cristo
1856 613 1949 654 pater
1976 608 2036 642 Th.

191 674 396 709 venerabilis
424 672 612 719 Episcopus
641 670 888 714 Olomueensis7
917 673 949 701 ct
979 667 999 700 l'.
1029 666 1146 700 .lunior
1174 666 1215 700 de
1244 665 1552 700 Sclionenl)urc.ad
1584 669 1739 701 unionem
1767 671 1861 713 pacis
1890 673 1923 702 et
1950 679 2038 703 con-

193 736 306 770 cordie
335 736 508 780 cupientes
538 734 681 766 invicem
710 730 881 771 devenire⁷
912 740 950 761 ac
980 727 1134 761 videntes
1163 727 1248 773 quod
1278 738 1337 772 per
1365 727 1485 761 nullmn
1516 728 1614 761 alium
1642 739 1738 773 quam
1762 739 1821 774 per
1844 739 1904 763 nos
1924 729 2038 763 melius

192 801 225 830 et
252 796 376 830 lirmius
405 792 612 827 concordare
640 790 791 838 valerent
819 793 966 822 nostram
996 787 1109 821 adiere
1139 789 1347 833 presenciam
1377 792 1408 820 ct
1437 787 1477 821 (le
1505 799 1606 821 causa
1643 793 1674 821 et
1708 800 1808 834 super
1842 800 1943 823 eausa
1978 800 2040 824 seu

193 859 368 902 questione
397 865 461 900 que
489 851 682 888 vertebatur
710 854 795 884 inter
823 852 925 895 ipsos.
957 851 987 882 in
1018 859 1077 882 nos
1107 852 1221 893 utpote
1251 851 1280 881 in
1311 846 1452 881 arbitros
1473 852 1504 881 et
1523 851 1764 894 compositores
1790 854 1823 883 et
1847 849 2041 884 diffinitores

195 918 506 963 compromiserunt,
544 924 627 959 pure
661 909 798 945 fideliter
831 909 933 943 libere
971 914 1001 942 ct
1033 913 1216 954 spontanea
1254 908 1424 942 voluntate
1460 921 1499 943 ac
1529 920 1631 955 super
1658 920 1698 943 eo
1728 921 1874 956 suasque
1906 913 2041 955 suisque

195 977 311 1022 sigillis
341 979 483 1010 munitas
512 974 606 1008 nobis
635 972 794 1006 dederunt
823 971 947 1004 litteras
975 970 1192 1014 obligatorias
1222 972 1252 1003 in
1283 969 1344 1003 liac
1382 970 1498 1005 forma
1529 969 1597 1004 Nos
1634 970 1693 1004 Th.
1731 970 1783 1004 dei
1822 973 1938 1015 gracia
1975 975 2039 1005 etc.

193 1038 342 1073 similiter
370 1036 536 1082 predictus
566 1034 619 1068 Fr.
651 1036 682 1067 in
711 1032 828 1066 eadem
858 1031 962 1065 soi-ma
992 1030 1085 1064 nobis
1114 1041 1174 1075 pcr
1201 1033 1308 1064 onmia
1345 1033 1511 1076 promisit7
1548 1029 1617 1064 Nos
1646 1035 1754 1064 autem
1774 1030 1883 1065 habita
1910 1031 2042 1065 delibe-

191 1101 328 1133 racione
355 1098 528 1143 sollempni
558 1094 732 1129 intellectis
761 1097 791 1126 et
820 1094 1019 1126 examinatis
1048 1090 1199 1124 omnibus
1229 1091 1269 1124 de
1298 1093 1503 1137 sapiencium
1532 1091 1674 1125 consilio
1702 1102 1766 1137 que
1803 1102 1903 1137 super
1939 1103 2040 1127 causa

193 1160 247 1194 vel
275 1161 448 1204 questione
476 1157 645 1203 premissis
674 1152 886 1198 intelligenda
915 1157 946 1186 et
974 1151 1196 1185 examinanda
1226 1150 1357 1185 fuerant
1385 1163 1443 1197 pro
1473 1151 1560 1185 bono
1588 1154 1680 1197 pacis
1717 1156 1814 1196 atque
1849 1151 2043 1195 concordie,

191 1231 236 1254 ex
263 1222 382 1264 vigore
409 1218 641 1263 compromissi
669 1214 806 1261 predicti
834 1216 866 1247 in
895 1224 956 1247 nos
985 1212 1065 1246 facti
1093 1215 1340 1247 sentenciamus
1369 1216 1402 1246 et
1430 1211 1637 1255 arbitramur,
1668 1211 1762 1254 Quod
1790 1212 1895 1246 dictus
1916 1212 1938 1247 f.
1966 1224 2044 1247 mu-

190 1284 355 1315 nicionem
384 1289 519 1321 novam,
548 1288 645 1322 quain
674 1278 783 1310 erexit
810 1278 898 1309 circa
926 1274 1147 1309 chitaviam
1175 1278 1207 1307 et
1236 1272 1446 1307 Borsendorf
1471 1276 1579 1307 statim
1617 1274 1726 1307 ultane
1766 1275 1857 1315 (sic)
1895 1273 2042 1307 demoli-

191 1343 297 1375 cionis
325 1351 368 1373 ex
398 1342 537 1373 termino
567 1337 713 1372 destruat
741 1341 774 1370 et
802 1335 927 1370 destrui
957 1335 1054 1369 l'aciat
1084 1339 1116 1368 et
1147 1338 1299 1379 procuret
1328 1345 1391 1367 nec
1419 1333 1624 1379 Pragensem
1654 1338 1753 1367 exeat
1787 1336 1976 1376 civitatem,
2012 1337 2044 1367 in

190 1412 256 1447 qua
284 1412 373 1435 nunc
401 1404 451 1434 cst
478 1398 586 1433 donec
614 1397 699 1431 dicta
728 1399 872 1431 municio
900 1398 1031 1442 penitus
1064 1398 1106 1430 sit
1142 1395 1309 1428 destructa
1343 1397 1521 1439 omniaque
1558 1397 1661 1440 ipsius
1695 1394 1823 1428 edilicia
1864 1398 1897 1428 et
1931 1397 2043 1428 muni-

192 1465 280 1497 mina
318 1466 405 1496 terre
440 1460 560 1494 fuerint
596 1470 669 1493 cum
704 1458 838 1492 fossatis
871 1459 1005 1492 circiter
1042 1456 1214 1501 adequata,
1248 1466 1380 1489 necnon
1409 1459 1441 1489 et
1470 1454 1556 1500 quod
1586 1458 1616 1489 in
1646 1454 1732 1489 dicto
1761 1455 1846 1498 loco,
1876 1454 1930 1488 uhi
1959 1455 2044 1489 dicta

192 1525 337 1557 municio
367 1525 479 1555 erecta
508 1525 570 1562 θεῖ,
600 1520 688 1553 nulla
717 1519 879 1565 deinceps
908 1520 1051 1552 municio
1080 1517 1198 1551 suturis
1227 1518 1376 1561 erigatur
1403 1515 1606 1562 temporibus
1636 1526 1696 1561 per
1722 1515 1928 1550 Friderioum
1961 1527 2045 1562 pre-

192 1584 314 1618 dictum
346 1583 398 1617 vel
430 1581 527 1616 alium
558 1580 832 1627 qualemcumque
861 1579 948 1624 quod
977 1589 1043 1613 non
1073 1572 1181 1613 solum
1208 1588 1252 1611 ex
1282 1579 1402 1621 vigore
1430 1579 1663 1622 compromissi
1690 1579 1721 1610 in
1759 1587 1819 1610 nos
1847 1576 1926 1610 facti
1959 1587 2046 1622 pro-

193 1643 354 1683 hibemus,
384 1653 501 1677 verum
530 1644 637 1675 eciam
666 1643 860 1675 auctoritate
891 1639 1118 1674 interdicimus
1147 1641 1242 1683 regie
1271 1639 1456 1683 potestatis.
1488 1637 1538 1671 De
1566 1639 1768 1682 proprietate
1806 1647 1887 1671 vero
1924 1639 2044 1671 montis

196 1708 229 1739 in
263 1715 328 1750 quo
363 1703 448 1737 illius
484 1702 568 1736 dicta
604 1703 745 1735 municio
782 1705 895 1735 erecta
928 1705 995 1735 est.
1035 1704 1066 1733 et
1103 1699 1176 1733 aliis
1209 1697 1483 1745 possessionibus
1519 1701 1547 1733 si
1583 1697 1669 1731 dicto
1701 1697 1856 1732 friderico
1886 1697 2047 1744 placuerit

196 1776 300 1810 agere
335 1768 449 1798 contra
485 1762 649 1796 dominum
687 1761 889 1808 Episcopum
922 1765 1138 1794 memoratum
1176 1760 1231 1794 vel
1269 1758 1526 1793 olomucensem
1558 1758 1747 1793 Ecclesiam
1784 1761 1833 1792 ius
1868 1769 1962 1793 suum
1991 1758 2047 1791 vel

198 1825 363 1872 quondam
394 1825 532 1859 liliorum
561 1823 583 1857 f.
614 1822 655 1856 de
683 1821 883 1856 Rosenbure
911 1824 944 1855 in
972 1821 1171 1867 provinciali
1200 1820 1319 1854 iudicio
1352 1830 1466 1854 coram
1501 1819 1726 1853 beneficiariis
1762 1822 1982 1865 prosequatur
2017 1822 2050 1851 et

199 1885 424 1933 prosequendi
451 1885 584 1931 plenam
613 1882 733 1917 habeat
761 1882 950 1917 facultatem
979 1881 1020 1916 Et
1049 1885 1125 1927 quia
1155 1881 1290 1926 dignum
1320 1886 1372 1916 est
1405 1885 1438 1915 ut
1475 1880 1561 1927 quod
1596 1883 1627 1913 in
1661 1879 1821 1914 ecclesias
1858 1883 1891 1913 et
1927 1879 2044 1913 eccle-

198 1950 321 1981 siarum
350 1946 437 1980 bona
466 1956 609 1990 unquam
641 1946 837 1978 commititur
866 1953 950 1988 eque
979 1943 1226 1977 satisfaccionis
1259 1942 1407 1976 remedio
1436 1941 1578 1975 diluatur
1606 1942 1857 1975 sentenciamus
1887 1944 1919 1973 et
1954 1938 2048 1974 arhi-

197 2011 320 2041 tramur
349 2006 435 2052 quod
463 2006 568 2040 dietus
596 2004 617 2038 f.
648 2015 708 2050 pro
737 2004 887 2050 dampnis
917 2015 980 2049 que
1009 2004 1115 2037 intulit
1143 2003 1228 2037 dicte
1257 2003 1472 2037 Olomucensi
1507 2002 1651 2037 ecclesie
1688 2004 1719 2034 et
1753 2003 1860 2034 tocius
1895 2000 2046 2035 eiusdem

198 2068 285 2102 dicto
315 2067 446 2101 domino
475 2066 644 2112 Episcopo
673 2068 798 2099 serviat
828 2064 967 2098 fideliter
994 2068 1026 2098 et
1056 2066 1257 2109 inparciatur
1292 2063 1450 2097 auxilium
1483 2074 1558 2097 cum
1591 2063 1828 2107 quinquaginta
1867 2060 2047 2094 dextrariis

198 2127 358 2162 falleratis
388 2131 420 2161 in
449 2129 591 2173 propriis
620 2128 779 2171 expensis
807 2130 840 2158 et
869 2124 1020 2171 dampnis
1049 2136 1109 2171 per
1137 2129 1277 2170 quatuor
1305 2124 1412 2158 decim
1440 2123 1511 2158 dies
1539 2133 1670 2168 semper
1694 2126 1726 2155 et
1746 2126 1870 2155 tantuin
1889 2120 2043 2166 quando-

196 2199 336 2235 cumque
369 2188 476 2222 dictus
513 2187 664 2221 dominus
702 2188 879 2231 episcopus
914 2185 976 2219 sibi
1009 2185 1218 2220 mandaverit
1254 2185 1418 2220 adversus
1456 2183 1633 2229 quemlibet
1666 2186 1781 2216 contra
1809 2192 1908 2227 quem
1936 2181 2042 2215 dictus

197 2248 251 2282 Fr.
280 2249 374 2282 illesa
403 2248 465 2282 lide
495 2259 554 2281 sua
583 2247 668 2280 dicto
697 2246 829 2280 domino
858 2249 1016 2292 episcopo
1044 2257 1183 2280 servare
1214 2248 1336 2291 poterit
1364 2250 1396 2278 et
1424 2244 1581 2279 auxilium
1610 2245 1729 2288 poterit
1763 2245 1911 2288 inpartiri
1948 2240 2045 2275 Sen-

198 2309 375 2342 teuciando
404 2319 534 2354 quoque
563 2312 660 2353 atque
689 2305 879 2340 arbitrando
907 2309 1166 2352 pronunciamus
1196 2306 1283 2352 quod
1312 2311 1377 2340 tam
1407 2306 1512 2339 dictus
1548 2303 1699 2337 dominus
1735 2306 1914 2349 episcopus
1950 2312 2047 2348 quani

197 2369 302 2403 dictus
332 2368 385 2402 Fr.
417 2369 566 2403 homines
596 2366 759 2414 quoslibet
789 2367 1029 2401 discordiarum
1059 2371 1210 2413 tempore
1239 2368 1442 2400 altrinsecus
1470 2367 1655 2410 captivatos
1683 2363 1817 2405 liberari
1851 2362 1975 2397 faciant
2002 2362 2047 2396 li-

198 2428 357 2463 beraliter
391 2434 421 2462 et
460 2428 589 2463 absolvi
626 2431 699 2463 sine
733 2431 820 2462 omui
859 2438 996 2462 munere
1029 2432 1084 2462 aut
1111 2430 1224 2473 precio
1253 2427 1378 2472 absque
1406 2424 1551 2472 qualibet
1580 2423 1735 2457 tarditate
1763 2427 1796 2457 et
1823 2424 2048 2468 promissione

199 2488 403 2523 fideiussoria
434 2490 487 2524 vel
515 2500 709 2535 quacunque
737 2488 803 2523 alia
832 2500 898 2523 non
927 2488 1092 2531 obstante,
1122 2486 1158 2522 Si
1187 2498 1250 2532 qua
1278 2498 1361 2522 vero
1389 2487 1529 2533 pecunia
1558 2495 1617 2530 pro
1646 2484 1756 2530 aliquo
1785 2485 1955 2529 captivato
1982 2485 2047 2516 iam

195 2549 302 2584 soluta
331 2549 427 2584 fuerit
455 2554 530 2584 ante
560 2552 652 2584 istius
684 2550 989 2596 promulgacionem
1018 2548 1146 2582 arbitrii
1176 2551 1283 2594 ipsam
1310 2547 1397 2581 illius
1427 2556 1504 2579 esse
1532 2545 1686 2579 volumus
1715 2547 1769 2590 qui
1788 2545 1929 2590 recepit,
1951 2542 2046 2577 Sen-

197 2613 381 2645 tenciamus
416 2612 522 2644 eciam
557 2614 589 2644 et
622 2609 818 2644 arbitramur
855 2609 941 2656 qnod
976 2609 1083 2644 dictus
1116 2611 1296 2655 episcopus
1330 2610 1362 2641 in
1398 2606 1549 2640 homines
1586 2616 1666 2640 suos
1700 2607 1755 2652 qui
1794 2608 1910 2639 contra
1938 2605 2047 2650 ipsum
