2184 2828
1086 127 1131 160 54

193 247 290 281 oflicii
325 250 427 281 nostri
461 246 602 280 debitum
636 248 666 278 in
704 245 858 290 predictis
887 249 918 278 et
953 256 991 278 ea
1030 243 1239 288 tangentibus
1267 246 1435 289 impertiri.
1490 243 1608 278 Datum
1638 244 1721 290 apud
1751 243 1887 278 Pontem
1916 245 2027 287 sorgie

193 309 395 341 Avinionen.
426 307 520 341 Dioc.
551 306 608 339 XI.
640 305 806 339 Kalendas
836 305 1040 351 Septembris
1069 315 1156 338 anno
1185 306 1300 349 primo.

499 385 582 414 (Nat-li
610 384 669 410 dcm
697 384 770 418 Orig.
801 384 915 413 Regesie
945 384 1046 417 Papstsss
1076 383 1199 409 Beuerlict
1224 382 1280 409 xn.
1305 383 1377 408 Jalir.
1404 383 1421 408 l.
1448 383 1487 409 ΒΓ.
1515 383 1583 409 769.
1610 385 1641 409 im
1666 383 1871 409 vatis-anisctoen
1898 382 2022 411 Archive,

601 436 756 469 mitgctlicilt
780 436 824 461 Dr.
851 436 878 461 B.
904 435 1017 467 Duum)

1079 555 1149 589 Ἡ.

193 635 299 679 Palis!
320 634 483 668 Benmlfet
503 633 587 667 XII.
617 633 752 678 befiehlt
780 634 850 667 dem
874 633 1046 666 Olmatz-er
1066 631 1227 675 Bisclmfe
1254 632 1320 666 wad
1346 632 1407 666 (len
1437 633 1585 666 anderen
1605 631 1770 665 Pi-alaten
1791 622 1852 665 Her
1871 631 2024 676 dortiyen

193 696 349 729 Πίσα-50.
380 695 460 728 dass
487 696 538 727 sle
566 695 627 728 deu
656 706 727 728 zum
757 694 942 739 Inqm'se'tor
969 693 1029 726 der
1057 693 1211 726 erese‘e
1239 691 1415 726 bestellten
1436 693 1540 726 Peter
1562 704 1625 725 ron
1647 692 1810 726 ,Yam-ml
1833 691 2024 736 fremaedle‘ch

189 769 232 789 (m
250 756 386 789 iwlmeeu
416 756 481 788 um!
504 755 700 799 ῃυε-ῖυιηθηι]
727 754 923 788 belmmlcln.
954 753 1013 787 Dt.
1043 753 1133 797 apud
1157 756 1290 797 pontem
1320 753 1443 797 Sorgst‘e
1473 753 1631 786 Ατίηῐυη.
1661 753 1746 786 dioc.
1778 752 1842 786 XI.
1880 752 2024 786 Kalend.

804 813 975 859 Septemb.
1031 814 1089 847 22.
1120 814 1275 858 Anyti-vl)
1304 813 1411 847 1335.

343 891 566 944 Benedictus
595 910 780 956 Episcopus
809 909 937 943 Servus
965 909 1146 942 Servorum
1181 907 1244 941 Dei
1277 907 1361 941 Vcn.
1395 907 1501 942 Fratri
1531 935 1538 941 .
1570 935 1576 941 .
1606 907 1774 954 Episcopo
1816 907 2029 941 Olomucensi

190 977 219 1005 et
249 972 375 1006 dilectis
405 973 477 1005 liliis
506 974 672 1005 universis
700 970 772 1004 aliis
800 970 952 1004 Ecclesie
980 969 1116 1003 Prelatis
1144 972 1176 1002 in
1205 968 1345 1003 Civitate
1373 980 1411 1002 ac
1438 968 1571 1003 Diocesi
1601 969 1811 1002 Oltnnucensi
1844 971 2028 1002 constitutis

190 1033 338 1067 salutem.

345 1094 406 1127 Pre
444 1095 570 1126 cunctis
612 1096 724 1126 nostre
760 1094 879 1124 mentis
921 1089 1191 1124 desiderabilibus
1229 1088 1388 1123 catholice
1430 1091 1668 1122 incrementum
1709 1088 1784 1122 fidei
1823 1088 2027 1131 affectantes,

188 1157 288 1187 nimio
317 1157 427 1199 utiquc
456 1153 570 1186 dolore
604 1152 786 1198 implemur,
822 1163 895 1185 cuin
931 1151 1080 1184 audimus
1115 1151 1241 1195 aliquos
1275 1150 1328 1183 vel
1365 1152 1535 1188 sentimus,
1579 1149 1619 1182 ad
1653 1149 1737 1182 illius
1779 1149 2027 1194 depressionem

188 1215 417 1259 qualicumque
448 1214 648 1257 malignitate
676 1217 831 1257 satagere
860 1212 915 1246 vel
949 1210 1212 1257 dampnabilibus
1247 1213 1350 1256 ipsam
1387 1209 1601 1255 depravando
1629 1209 1946 1255 reprehensionibus
1975 1214 2029 1243 aut

188 1274 443 1307 detractionibus
472 1278 505 1307 et
532 1273 774 1317 ari-ogulnlibus
803 1272 1006 1317 derogandm
1037 1284 1098 1305 nec
1126 1282 1191 1305 non
1221 1273 1414 1304 commentis
1443 1281 1515 1304 eam
1546 1269 1759 1303 mendacibus
1792 1269 2028 1316 pervertendo,

187 1335 225 1368 ad
255 1346 391 1380 quorum
421 1337 530 1380 iniqua
559 1333 802 1368 consternenda
832 1334 997 1366 molimina
1026 1344 1066 1366 eo
1096 1334 1274 1365 animosius
1305 1333 1487 1376 aspiramus
1516 1342 1580 1376 quo
1609 1333 1639 1363 in
1669 1332 1851 1364 animarum
1883 1334 2028 1375 stragem

188 1398 398 1441 pcrnitiosius
429 1406 487 1428 eos
516 1398 727 1439 agnoscimus
756 1396 960 1439 conspirare.
992 1394 1072 1427 Cum
1102 1395 1201 1437 igitur
1228 1394 1311 1426 sicut
1338 1394 1525 1436 accepimus
1556 1394 1586 1424 in
1613 1391 1732 1435 Regno
1753 1390 1888 1424 Boemie
1916 1390 2029 1424 hostes

187 1458 294 1488 crucis
324 1455 363 1489 de
391 1459 526 1489 remotis
556 1460 620 1488 tam
649 1455 825 1488 Alamanie
854 1465 949 1499 quam
970 1455 1209 1499 circumpositis
1230 1451 1419 1497 regionibus
1441 1451 1631 1496 frequenter
1650 1455 1683 1485 et
1701 1451 1843 1485 latenter
1861 1450 2028 1496 simplices

187 1521 215 1549 ct
247 1516 428 1549 catholicos
458 1516 532 1549 dicti
564 1516 670 1560 Regni
701 1526 826 1561 eosque
855 1516 1003 1549 inlicere.
1034 1526 1071 1547 ac
1101 1526 1119 1547 a
1147 1516 1294 1547 veritatis
1328 1512 1449 1545 lumine
1483 1512 1620 1545 deviare
1649 1511 1814 1545 fallacium
1843 1522 2029 1556 argumen-

187 1580 343 1610 tationum
374 1576 562 1622 impulsibus
592 1577 779 1609 moliantur.
809 1575 877 1609 Nos
907 1576 1058 1609 volentes
1087 1578 1201 1607 contra
1238 1573 1346 1607 talium
1381 1573 1528 1606 dolosam
1557 1575 1720 1615 astutiam,
1750 1583 1791 1606 ne
1820 1572 1968 1606 diffusius
1995 1574 2028 1606 in

188 1638 306 1676 Piceno
328 1637 474 1683 predicto
496 1637 678 1671 huiusmodi
699 1641 811 1682 serpat
832 1635 975 1670 morbus.
997 1639 1218 1681 opportunum
1239 1633 1416 1668 remedium
1438 1644 1497 1679 per
1516 1632 1698 1678 apostolice
1718 1633 1805 1666 sedis
1826 1632 2028 1677 diligentiam

188 1698 345 1731 adbiberi.
377 1698 554 1743 Cupientes
583 1708 714 1743 quoque
747 1700 846 1730 anxie
882 1701 915 1729 ut
951 1699 1118 1739 negotium
1155 1695 1229 1728 lidei
1264 1696 1328 1739 iugi
1364 1694 1512 1739 prosectu
1550 1692 1747 1739 quibuslibet
1774 1695 1908 1727 omnino
1937 1692 2026 1727 elisis

187 1758 354 1792 erroribus
384 1758 498 1791 fortius
528 1758 723 1800 invalescat,
759 1768 797 1791 ac
835 1757 874 1790 dc
912 1756 1019 1790 dilecti
1054 1756 1120 1797 filu-
1143 1756 1228 1789 Petri
1263 1755 1302 1788 de
1329 1753 1519 1788 Naczeracz
1548 1754 1671 1787 ordinis
1700 1753 1835 1787 fratrum
1864 1756 2025 1787 minorum

187 1819 391 1864 Inquisitoris
427 1818 572 1852 heretice
609 1821 780 1864 pravitatis
822 1821 853 1850 in
889 1817 1030 1851 Civitate
1065 1828 1103 1850 ac
1138 1816 1260 1850 diocesi
1303 1814 1512 1848 Olomuccnsi
1556 1825 1616 1860 per
1658 1814 1771 1848 sedem
1809 1813 2026 1860 apostolicam

187 1879 330 1925 deputati
360 1879 530 1924 prudentie
559 1879 716 1912 industria
746 1883 778 1912 et
805 1878 845 1911 de
875 1881 976 1923 ipsius
1010 1877 1145 1912 fervore
1180 1876 1364 1910 devotionis
1398 1879 1429 1908 et
1466 1874 1551 1917 fidei,
1581 1874 1620 1908 de
1649 1873 1767 1920 quibus
1796 1873 1890 1907 nobis
1919 1884 1936 1907 a
1965 1872 2028 1907 fide

187 1940 295 1981 (liguis
329 1942 425 1973 etiam
469 1939 543 1973 dicti
580 1939 703 1973 ordinis
746 1938 908 1972 laudabile
946 1941 1167 1972 testimonium
1209 1937 1407 1984 perhibetur,
1450 1937 1578 1983 plenam
1621 1939 1652 1970 in
1693 1936 1835 1970 Domino
1878 1935 2027 1970 fiduciam

187 2001 387 2037 obtinentes,
418 2011 490 2033 cum
521 2000 681 2043 elegantis
711 1999 749 2033 ad
781 1999 841 2032 boc
871 2002 1086 2032 ministerium
1114 1999 1300 2045 specialiter
1328 1997 1570 2043 exequendum,
1597 2001 1629 2030 et
1648 1996 1755 2030 debite
1776 2008 1814 2030 ac
1834 2000 1930 2042 prout
1949 1999 2027 2030 tanti

188 2064 309 2098 nogotii
344 2061 488 2094 arduitas
524 2064 626 2098 exigit
663 2061 840 2103 vigilanter
873 2065 905 2093 et
940 2060 1066 2093 solicite
1107 2058 1370 2105 prosequendum
1413 2060 1583 2103 ipsumque
1624 2056 1763 2091 Petrum·
1795 2056 2026 2102 Inquisitorem

188 2121 345 2154 hereseos
375 2125 404 2155 in
427 2122 566 2154 Civitatc
596 2133 633 2153 ac
663 2120 787 2154 diocesi
815 2120 1027 2154 Ulomuccnsi
1055 2120 1209 2166 predictis
1237 2130 1294 2165 per
1322 2123 1452 2152 nostras
1478 2117 1601 2151 litteras
1622 2117 1774 2151 duximus
1790 2116 2026 2163 deputandum.

187 2184 239 2227 qui
270 2185 357 2215 iuxta
390 2185 530 2215 instituta
561 2184 721 2214 canonica
752 2184 781 2214 iu
813 2181 960 2214 savorem
990 2185 1022 2214 et
1049 2181 1226 2226 presidium
1253 2181 1470 2225 inquisitionis
1497 2178 1680 2211 huiusmodi
1700 2178 1798 2211 oflicii
1819 2178 2024 2223 proniulgata

189 2242 272 2274 idem
308 2242 450 2275 ol'licium
487 2245 682 2275 auctoritate
718 2242 897 2287 apostolica
933 2246 1046 2275 contra
1083 2241 1187 2275 labem
1226 2241 1368 2274 heretice
1402 2241 1571 2284 pravitatis
1608 2238 1784 2279 diligenter
1818 2242 1850 2272 et
1884 2238 2025 2278 solicite,

188 2307 279 2348 prout
311 2302 399 2335 Deus
428 2306 456 2336 ei
486 2303 612 2336 ‹lt-(lerit
639 2307 835 2347 exequatur.
856 2307 969 2335 contra
990 2302 1155 2335 hereticos
1175 2301 1350 2335 credentes
1370 2299 1515 2333 fautores
1535 2299 1730 2332 defensores
1750 2303 1781 2333 et
1801 2302 2027 2344 receptatores

187 2374 299 2395 eorum
329 2364 507 2396 secundum
538 2366 681 2396 instituta
713 2363 897 2396 huiusmodi
934 2367 966 2395 et
1000 2365 1192 2395 auctoritate
1230 2361 1373 2408 predicta
1409 2360 1639 2393 nichilominus
1675 2370 1902 2404 processurus.
1932 2357 1973 2392 Et
1999 2360 2026 2392 si

189 2424 283 2468 aliqui
314 2422 457 2455 heretica
488 2423 560 2456 labe
590 2426 718 2468 penitus
747 2423 893 2456 abiurata
924 2423 1031 2456 redire
1060 2423 1224 2456 voluerint
1252 2421 1290 2455 ad
1319 2420 1461 2454 ecclesie
1490 2423 1657 2454 unitatem.
1680 2422 1758 2465 ipsis
1779 2423 1867 2453 iuxta
1887 2418 2025 2453 formam

188 2484 331 2517 ecclesie
361 2495 399 2515 ac
428 2484 608 2516 secundum
638 2487 781 2517 instituta
820 2484 944 2529 prefata
974 2483 1161 2516 benclitium
1196 2481 1409 2516 absolutionis
1446 2480 1620 2525 impendat„
1650 2484 1681 2513 ct
1710 2483 1857 2525 iniungat
1883 2481 1932 2513 eis
1960 2489 2025 2524 que

190 2544 305 2576 talibus
335 2548 409 2576 suut
438 2544 615 2576 secundum
643 2547 784 2577 instituta
807 2543 987 2577 huiusmodi
1009 2542 1220 2587 iniungenda.
1251 2543 1412 2583 Quocirca
1434 2543 1680 2574 universitatem
1703 2545 1849 2574 vestram
1869 2549 2024 2583 rogamus

190 2615 360 2637 monemus
389 2608 421 2636 ot
450 2603 617 2636 hortamur
646 2609 766 2638 attente
803 2616 862 2649 pcr
895 2604 1074 2649 apostolica
1111 2603 1204 2637 vobis
1238 2605 1359 2647 scripta
1402 2601 1546 2635 districte
1579 2601 1789 2646 precipiendo
1818 2599 2024 2641 mandantes,
