2184 2828
1122 105 1168 137 24

230 237 290 273 per
310 236 441 267 annum3
463 227 495 258 in
514 227 587 270 ipso
603 223 689 257 beati
701 221 784 256 Galli
803 221 887 256 festo
903 223 1018 266 viginti
1038 225 1177 266 quatuor
1191 230 1326 264 grossos
1342 220 1529 264 Pragenses
1545 219 1709 262 denarios,
1726 223 1864 265 quatuor
1878 218 2062 254 sti-ichones

231 287 382 331 siliginis,
399 289 537 331 quatuor
553 294 672 325 avena
689 287 721 316 et
735 294 832 316 unum
852 282 1051 316 striehonem
1067 284 1160 315 tritici
1181 285 1212 314 et
1231 291 1328 314 unum
1348 280 1451 322 ordei,
1472 291 1510 313 ac
1529 282 1560 313 in
1580 279 1663 313 festo
1684 280 1768 313 beati
1790 279 1926 323 Georgii
1945 281 2064 324 viginti

232 351 370 393 quatuor
384 357 532 391 grossos,
549 347 637 378 etsie
649 347 890 389 consequenter
902 342 1038 387 singulis
1050 344 1143 375 annis
1155 343 1321 387 perpetuis
1332 343 1362 374 in
1375 345 1470 374 antea
1481 340 1681 386 temporibus
1693 339 1787 373 nobis
1800 343 1931 373 nomine
1942 350 2063 373 census

233 408 365 442 solvere
393 410 579 440 teneantur.
610 404 747 450 Insuper
775 403 850 437 dicti
878 403 990 437 villani
1019 414 1077 448 pro
1106 405 1175 447 ipso
1203 400 1283 434 Jure
1311 400 1514 435 Teutunicali
1542 400 1626 446 quod
1657 400 1838 444 vulgariter
1865 399 2064 445 purchrecht

235 468 350 502 dicitur
378 479 437 501 seu
466 466 636 512 poda-zie,
664 463 766 498 nobili
794 466 866 497 viro
895 467 1033 509 paterno
1062 466 1093 496 et
1121 466 1233 495 nostro
1262 460 1345 495 fideli
1371 461 1488 494 dilecto
1514 460 1646 494 domino
1666 460 1761 493 Petro
1788 460 1827 493 de
1847 459 2063 494 Rosenberch

233 539 358 563 summo
392 530 486 572 regni
525 525 660 559 Boemie
694 526 889 558 camerario.
919 528 973 557 aut
1001 534 1041 556 eo
1069 533 1135 556 nou
1163 525 1296 555 extante
1324 521 1498 556 heredibus
1527 524 1607 563 suis,
1637 525 1691 554 aut
1718 522 1770 553 cui
1799 523 1890 566 ipsos
1924 519 2064 554 heredes

233 588 400 633 regendos
429 589 637 628 commiserit,
667 585 707 618 de
738 584 881 630 quolibet
910 583 1006 616 laneo
1036 594 1094 629 per
1122 582 1236 616 decem
1260 586 1291 615 et
1315 587 1389 615 octo
1409 592 1599 626 sexagenas
1620 580 1836 627 predictorum
1857 581 2064 614 denariorum

234 652 267 683 in
296 651 440 682 terminis
478 658 537 693 per
569 649 674 692 ipsum
712 645 875 679 dominum
910 644 1040 677 Petrum
1075 645 1123 676 eis
1157 643 1316 688 deputatis
1350 647 1462 676 nostro
1499 644 1629 675 nomine
1665 644 1696 674 in
1730 640 1857 680 debitis,
1887 643 1917 674 in
1946 639 2064 686 quibus

235 709 420 754 obligamur
448 707 569 741 eisdem
599 717 663 740 non
694 705 846 739 obstante
874 704 1104 749 impedimento
1134 702 1276 748 quolibet
1303 702 1526 747 assignabunt.
1558 701 1598 735 Ut
1626 706 1732 735 autem
1754 701 1860 734 incole
1879 711 1959 746 sepe
1979 700 2065 734 dicte

234 770 310 803 ville
340 772 540 802 incrementa
569 769 724 800 continue
753 765 988 799 meliorationis
1017 766 1204 809 suscipiant.
1235 762 1381 796 volumus
1409 767 1441 796 et
1468 762 1674 796 decernimus
1704 766 1737 795 ut
1764 761 1914 795 omuibus
1938 760 2065 804 juribus

235 830 402 875 gaudeant
435 831 466 862 in
503 832 612 869 antea,
647 826 762 872 quibus
800 826 863 858 alie
896 825 974 858 ville
1012 829 1122 858 nostre
1151 825 1226 867 jure
1261 823 1440 857 Teutunieo
1475 824 1580 857 locate
1614 825 1663 855 eis
1697 822 1887 866 adjacentes
1921 820 2067 866 gaudent

236 889 477 937 quomodolibet
505 892 536 922 et
564 887 723 921 fruuntun
753 889 784 919 in
813 885 929 931 quibus
956 896 1013 918 eos
1039 889 1072 918 et
1091 894 1304 918 successores
1325 894 1401 917 suos
1421 886 1596 928 gratiosius
1617 885 1831 928 promittimus
1850 892 2063 916 conservare.

236 951 358 985 Harum
390 954 574 984 nostrarum
602 949 790 982 testimonio
824 946 1001 979 literarum.
1036 944 1154 978 Datum
1191 944 1298 988 Prage
1329 946 1360 978 in
1393 944 1444 977 die
1480 943 1574 977 beate
1611 943 1802 980 Kutherine,
1831 953 1918 976 anno
1947 942 2068 976 domini

236 1012 405 1045 millesimo
434 1009 530 1044 CCC⁰
559 1011 722 1042 tricesimo
750 1011 877 1052 quarto.

541 1087 625 1119 (Nacti
648 1087 722 1112 einer
744 1086 803 1111 dem
828 1084 900 1118 Orig.
926 1085 958 1110 im
983 1084 1058 1110 Furst
1089 1081 1406 1116 Seliwarzenberg'sclien
1433 1083 1545 1108 Areliive
1569 1091 1598 1108 zu
1620 1082 1766 1117 Wittingau
1790 1085 1992 1108 entnommenen
2016 1081 2069 1107 und

645 1140 677 1165 im
701 1138 804 1171 komgl.
830 1137 945 1163 nuscum
969 1145 1000 1162 zu
1025 1136 1091 1169 Prag
1115 1134 1291 1160 helindlicheu
1317 1135 1473 1165 Absehrilt.)

1117 1247 1191 1282 33.

240 1332 346 1377 Papst
375 1330 540 1364 Benediet
570 1328 651 1362 XII.
682 1327 864 1371 besstfflqet
893 1327 963 1359 dem
993 1326 1166 1359 Zderaser
1194 1325 1332 1359 lsloster
1358 1325 1418 1358 das
1443 1323 1730 1357 Patronatsreeht
1758 1323 1841 1357 iiber
1868 1324 1922 1357 die
1940 1323 2071 1357 Kirelae

408 1403 449 1424 z-ze
479 1390 608 1424 Solm'c.
641 1388 697 1422 Db.
727 1388 898 1422 Attumne
934 1386 968 1421 V.
998 1386 1174 1419 Kalendas
1202 1384 1397 1419 Decembris
1427 1385 1508 1427 (27.
1536 1383 1747 1427 November)
1780 1383 1889 1418 1334.

394 1467 613 1520 Benedictus
649 1486 839 1530 episeopus.
875 1493 993 1516 servus
1028 1492 1198 1515 servorum
1233 1480 1306 1517 Dei,
1340 1480 1465 1514 dilectis
1494 1479 1565 1513 liliis
1604 1482 1779 1525 praeposito
1819 1484 1852 1513 et
1891 1482 2071 1513 conventui

240 1550 426 1582 monasterii
448 1546 677 1580 Sderaziensis
707 1556 808 1590 prope
831 1543 982 1587 l'ragam.
1008 1554 1067 1588 per
1093 1545 1312 1587 praepositum
1339 1541 1421 1574 soliti
1447 1540 1639 1584 gubernari.
1667 1539 1705 1573 ad
1733 1540 1909 1574 ecclesiam
1929 1539 2070 1586 sepulcri

240 1609 390 1642 dominici
419 1607 673 1641 Jerosolimitani
704 1606 893 1651 spectantis„
923 1603 1047 1636 ordinis
1081 1605 1184 1636 sancti
1221 1603 1407 1647 Augustini,
1443 1600 1577 1634 salutem
1607 1605 1639 1634 et
1667 1601 1880 1646 apostolicam
1910 1600 2073 1634 benedic-

242 1672 374 1702 tionem.
406 1669 484 1701 Cum
515 1680 531 1700 a
563 1666 655 1700 nobis
686 1669 812 1711 petitur.
842 1664 925 1710 quod
951 1665 1073 1707 justum
1103 1668 1152 1696 est
1181 1667 1211 1696 et
1240 1663 1418 1697 honestum,
1450 1666 1511 1694 tam
1543 1664 1638 1703 vig-01·
1667 1664 1838 1707 aequitatis
1866 1672 1961 1707 quam
1990 1661 2070 1694 ordo

242 1733 343 1774 exigit
373 1732 517 1762 rationis.
548 1732 580 1760 ut
608 1727 637 1760 id
667 1738 725 1772 per
753 1725 1003 1759 sollicitudinem
1032 1724 1131 1757 ol'lieii
1167 1726 1268 1757 nostri
1298 1722 1334 1755 ad
1370 1721 1511 1755 debitum
1542 1721 1737 1767 perducatur
1764 1721 1926 1756 ellectum.
1982 1721 2072 1755 Sane

243 1794 353 1837 petitio
382 1794 493 1823 vestra
523 1788 616 1821 nobis
646 1787 788 1821 exhibita
824 1785 1022 1819 continebat.
1058 1783 1142 1829 quod
1185 1784 1290 1817 dilecti
1326 1783 1376 1815 lilii
1405 1782 1574 1815 Johannes
1608 1782 1648 1815 (le
1682 1782 1890 1821 Mezirziecz,
1928 1781 2071 1816 VVsnata

242 1856 275 1885 et
302 1851 408 1884 'sasso
439 1850 554 1882 milites
585 1860 622 1881 ae
649 1848 749 1880 ,lesco
778 1846 980 1880 domicellus.
1010 1846 1084 1879 dieti
1113 1844 1272 1878 Joliannis
1301 1843 1363 1878 lilii.
1386 1843 1614 1875 Olomucensis
1643 1842 1810 1887 dyocesis,
1840 1843 1913 1876 olim
1944 1845 2070 1888 patroni

243 1912 405 1945 ecelesiae
433 1910 473 1943 de
502 1909 633 1942 Solnicz
663 1910 757 1952 juxta
793 1906 961 1941 Skuhrow
992 1906 1168 1950 Pragensis
1202 1904 1364 1950 dyocesiS,
1399 1906 1568 1948 cupientes
1604 1907 1736 1936 terrena
1771 1906 1801 1936 in
1836 1903 2004 1941 coelestiaq
2041 1907 2074 1936 et

243 1974 428 2006 transitoria
460 1973 489 2003 in
519 1975 653 2002 aeterna
684 1969 769 2002 l'elici
799 1970 996 2000 commercio
1031 1970 1241 2001 commutare.
1266 1966 1319 2009 jus
1354 1968 1540 2009 patronatus
1575 1963 1681 1996 dictae
1717 1963 1891 1998 ecclesiae.
1927 1967 2002 1996 lunc
2031 1963 2069 1996 ad

244 2045 303 2067 eos
338 2033 554 2065 communiter
587 2032 766 2075 pei-tineus.
806 2028 898 2061 soliis
940 2032 971 2060 et
1005 2028 1088 2060 dieto
1134 2031 1243 2059 vestro
1278 2027 1475 2058 :nonasterio
1511 2027 1560 2069 pia
1598 2029 1630 2057 et
1664 2023 1799 2069 provida
1835 2023 2072 2057 deliberatione

244 2095 463 2128 donaverunt.
495 2095 587 2137 prout
618 2094 646 2123 in
684 2090 784 2123 literis
815 2088 998 2134 patentibus
1033 2087 1105 2120 inde
1141 2086 1307 2120 consectis.
1351 2087 1493 2129 ipsorum
1530 2084 1659 2117 militum
1697 2088 1728 2117 et
1762 2083 1921 2117 domicelli
1957 2083 2072 2128 sigillis

245 2156 385 2195 munitis,
416 2153 542 2199 plenius
577 2151 691 2184 dieitur
723 2151 894 2182 contineri.
931 2147 998 2182 Nos
1034 2150 1141 2192 igitur.
1185 2148 1305 2180 vestris
1345 2144 1633 2189 supplicationilms
1668 2144 1821 2181 inclinati,
1854 2144 1938 2190 quod
1974 2155 2075 2190 super

245 2214 306 2248 hoc
334 2214 373 2247 ab
403 2213 528 2247 eisdem
559 2211 708 2245 militibus
737 2214 768 2243 et
796 2209 968 2242 domicello
997 2207 1134 2254 provide
1163 2207 1280 2240 l'uctum
1309 2209 1367 2246 est,
1397 2209 1499 2237 ratum
1529 2209 1559 2237 et
1587 2209 1714 2249 gratum
1741 2203 1910 2241 habentesq
1939 2204 1968 2238 id
1988 2215 2070 2238 auc-

244 2277 371 2308 toritate
405 2273 584 2319 apostoliea
619 2271 863 2305 emilii-mamus.
905 2274 937 2303 et
978 2271 1161 2314 praesenti>¹
1204 2269 1312 2312 scripti
1351 2267 1529 2310 patrocinio
1568 2267 1814 2298 communimus.
1871 2264 1954 2298 Nulli
1990 2275 2072 2309 ergo

244 2338 376 2369 omnino
407 2335 568 2367 hominum
598 2333 693 2365 liceat
722 2331 804 2364 liam·
834 2333 987 2375 pagimmi
1017 2333 1148 2362 nnstrm·
1178 2328 1431 2361 contii-motionis
1462 2325 1640 2369 infringere
1668 2325 1720 2359 vel
1741 2328 1769 2358 ei
1796 2336 1877 2358 ausu
1897 2327 2072 2358 temerario

245 2398 420 2429 contraire.
451 2394 485 2427 Si
515 2396 586 2438 quis
615 2397 722 2425 {uitem
761 2391 821 2424 lioe
857 2394 1050 2435 attemptare
1086 2389 1350 2434 praesumpserit,
1386 2385 1640 2427 indigitationem
1677 2388 1910 2430 omnipotentis
1944 2384 2004 2418 Dei
2039 2389 2072 2418 et

246 2456 414 2489 beatorum
446 2454 528 2487 Petri
558 2458 590 2486 et
621 2453 708 2486 l'zmli
738 2451 958 2497 apostolorum
986 2451 1056 2494 ejus
1081 2460 1117 2482 so
1138 2451 1267 2482 noverit
1286 2449 1496 2480 incursurum.
1529 2445 1646 2479 Datum
1668 2446 1835 2479 Avinionc
1857 2445 1883 2478 V
1906 2444 2072 2479 Kalendas

246 2515 441 2550 Decembris
470 2514 676 2560 pontificatus
706 2516 805 2546 nostri
835 2523 920 2545 aimo
950 2513 1063 2556 prim0.

551 2592 618 2620 (tius
643 2592 716 2622 (li-ig.
742 2590 787 2616 uus
808 2591 963 2620 l’erffliment
987 2590 1010 2614 in
1035 2587 1082 2613 der
1105 2587 1129 2612 k.
1156 2587 1180 2613 k.
1208 2585 1523 2613 L'niversitatsliililiotliel«
1549 2594 1578 2610 zu
1599 2585 1688 2615 l‘rng.)
