2184 2828
1114 112 1186 144 970

233 226 382 260 didimus.
415 226 456 260 H.
488 238 546 272 pro
584 226 776 260 ,Cunarcis
806 226 845 260 ab
875 229 947 273 ipso
976 230 1047 261 iure
1077 227 1275 261 hereditario
1304 227 1557 273 possidendum
1590 228 1740 263 uolentes
1769 234 1801 263 ut
1832 229 1925 263 idem.
1957 230 2000 263 II.
2036 234 2065 262 et

231 287 371 320 heredes
402 289 450 319 sui
480 286 599 320 dictum
631 286 800 320 denarium
831 290 967 332 exigant
996 292 1027 320 et
1056 290 1216 333 recipiant
1244 288 1379 333 pacifice
1408 293 1440 321 et
1468 291 1588 333 quiete.

795 406 848 439 De
876 407 1000 439 eodem.
1033 406 1282 445 (l'emla'eisnws
1312 405 1505 447 bonorum.)

383 466 452 500 Nos
482 467 536 501 W.
572 471 634 500 etc.

382 527 500 561 Notum
533 528 671 560 facimus
702 529 868 561 vniuersis
899 531 961 559 tam
990 525 1199 572 presentibus
1229 538 1323 572 quam
1355 526 1469 560 futuris
1498 526 1582 572 quod
1618 526 1782 560 Nos..et
1800 555 1804 560 .
1825 555 1830 560 .
1848 526 2065 561 vendidimus.

231 588 276 621 4⁰¹
311 588 424 622 laneos
453 591 484 621 in
514 588 606 620 uilla.
644 598 702 633 pro
739 590 901 620 ..marcis
931 590 999 632 puri
1030 589 1159 631 argenti
1188 586 1407 631 possidendos
1438 586 1497 620 sub
1532 587 1655 620 eisdem
1686 598 1786 621 censu
1817 592 1849 621 et
1878 587 1999 621 iuribus
2036 592 2066 621 et

228 648 475 682 condicionibus
504 648 563 681 sub
592 647 708 693 quibus
736 648 789 680 alii
819 648 903 681 lanei
933 646 1067 691 quilibet
1094 646 1134 679 ab
1164 647 1234 680 aliis
1265 646 1448 681 lmminibus
1478 647 1698 693 possidentur.

382 709 417 742 In
446 711 539 758 cuius
570 708 773 742 uendicionis
804 712 865 741 etc.

791 820 844 853 De
872 820 998 853 eodem.
1032 819 1280 859 (tenda-iones
1309 820 1502 862 bonoram.)

383 890 462 924 Nos.
493 890 549 923 W.
580 890 630 923 dei
660 892 773 934 gracia
803 894 864 923 etc.

380 950 496 984 Notum
527 951 663 984 facimus
694 952 858 983 vniuersis
888 953 950 982 lam
981 949 1191 994 presentibus
1221 960 1315 994 quum
1347 949 1463 982 futuris
1501 949 1586 994 quod
1625 952 1731 983 omnia
1769 950 1852 983 bona
1889 961 1952 995 que
1989 950 2066 983 olim

227 1011 340 1044 babuit
371 1011 417 1044 A.
448 1014 479 1044 in
509 1011 582 1044 uilla
614 1011 666 1043 lali
696 1010 734 1043 ad
765 1021 880 1043 manus
910 1014 1022 1043 nostre
1051 1012 1142 1043 curie
1171 1009 1415 1043 racionabiliter
1443 1012 1505 1043 sint
1535 1009 1705 1043 deuoluta.
1725 1015 1788 1043 .et.
1809 1009 2008 1043 ‚bv-atribut-
2029 1011 2068 1043 de

234 1083 315 1105 ,.ac
344 1074 489 1117 ipsorum
519 1071 696 1105 heredibus
724 1070 932 1104 vendidimus
968 1081 1044 1115 pro.
1065 1073 1202 1103 ,marcis
1240 1073 1310 1115 puri
1358 1073 1487 1114 argenti
1521 1070 1719 1115 possidenda
1754 1070 1952 1104 hereditarie
1998 1073 2069 1103 iure

226 1137 323 1176 atque
351 1136 510 1177 perpetuo
539 1143 612 1164 cum
643 1134 756 1177 pratis.
787 1134 920 1176 pascuis
956 1132 1045 1175 agris
1083 1130 1179 1164 cultis
1209 1135 1240 1163 et
1275 1130 1415 1172 1110111115ξ
1455 1141 1526 1164 cum
1563 1130 1699 1173 rubetis,
1738 1133 1829 1175 aquis
1864 1141 2069 1176 aquarumve

225 1191 375 1226 cursibus
404 1197 436 1225 et
464 1191 614 1225 omnibus
644 1191 767 1225 iuribus
797 1194 984 1225 attinenciis
1015 1190 1217 1225 eorumdem.
1249 1190 1482 1224 promittentes
1511 1193 1559 1225 eis
1586 1194 1763 1225 veraciter.
1793 1193 1905 1236 scripti
1925 1201 2070 1236 presen-

225 1256 264 1286 tis
302 1257 419 1286 tenore
455 1253 539 1286 dicta
576 1251 660 1286 bona
703 1252 884 1285 defendere
920 1256 953 1285 et
988 1254 1185 1285 auctoritate
1224 1250 1263 1284 ab
1297 1250 1448 1285 omnibus
1477 1251 1662 1285 bominibus
1691 1254 1744 1296 qui
1772 1262 1844 1285 eos.
1874 1251 1926 1285 uel
1954 1261 2067 1285 eorum

224 1312 367 1347 heredes
409 1316 607 1359 impeterent
642 1312 681 1346 de
719 1312 843 1347 eisdem
886 1317 918 1346 et
956 1315 1045 1358 ipsos
1083 1315 1214 1358 penitus
1250 1311 1443 1357 indempnes
1473 1311 1613 1345 reddere
1642 1323 1680 1345 ac
1723 1323 1926 1345 conseruare
1960 1311 2069 1345 taliter

224 1373 310 1419 quod
339 1376 371 1407 in
400 1376 481 1419 ipsis
511 1374 643 1407 valeant
673 1384 879 1419 permanere.
913 1372 1068 1406 Preterea
1099 1372 1242 1418 per.H.
1273 1372 1425 1406 dilectum
1456 1372 1637 1418 dapiferum
1672 1376 1819 1406 nostrum
1855 1372 1939 1405 dicta
1981 1371 2066 1406 bona

226 1433 367 1467 fecimus
397 1436 528 1467 circuiri
558 1439 590 1467 ut
621 1445 661 1467 eo
690 1434 806 1467 melius
835 1437 914 1479 ipsis
944 1433 1039 1467 bonis
1069 1436 1141 1467 sine
1169 1433 1272 1477 litigio
1300 1432 1499 1478 perfruatur.

1029 1545 1255 1590 Ohlz'qatorie.

377 1615 445 1649 Nos
479 1615 627 1649 Tleobias
657 1615 761 1649 dictus
790 1616 847 1649 de.
868 1620 995 1648 ‚notum
1026 1614 1165 1648 facimus
1200 1614 1349 1648 omnibus
1383 1619 1559 1660 presentes
1589 1615 1714 1648 litteras
1748 1617 1946 1660 inspecturis
1981 1615 2068 1659 quod

224 1680 294 1710 uiro
324 1676 462 1722 prouido
492 1678 748 1720 einim-[mensi.
779 1677 814 1709 C.
846 1687 976 1709 marcas
1005 1678 1076 1722 puri
1107 1678 1237 1720 argenti
1266 1678 1296 1708 in
1333 1674 1449 1720 quibus
1478 1675 1538 1709 sibi
1573 1679 1723 1709 tenemur
1756 1685 1799 1708 ex
1833 1686 1934 1708 causa
1969 1674 2067 1708 debiti

224 1738 355 1771 soluere
390 1740 608 1782 promittimus
646 1742 678 1770 ct
711 1740 920 1782 promisimus
955 1737 995 1770 ad
1031 1735 1128 1769 VIIIO
1162 1736 1231 1769 dies
1269 1740 1343 1781 post
1384 1735 1503 1769 festum
1538 1739 1660 1769 sancti.
1681 1738 1847 1782 proximo
1883 1735 2066 1769 affuturum.

224 1797 317 1838 Quod
348 1800 373 1831 si
403 1808 469 1831 non
500 1797 677 1831 fecerimus
706 1798 856 1831 uolumus
885 1802 917 1831 et
944 1799 1163 1843 promittimus
1192 1801 1224 1830 ut
1258 1797 1350 1830 mlles
1379 1801 1494 1830 noster
1522 1799 1718 1842 quicumque
1759 1795 1797 1829 ad
1833 1795 1895 1829 hoc
1937 1795 2067 1829 duxerit

226 1858 459 1903 deputandum,
489 1869 689 1904 pragensem
719 1860 882 1892 ciuitatem
913 1860 1036 1891 intrare
1065 1857 1196 1899 debeat,
1226 1857 1342 1891 eadem
1377 1854 1513 1891 ciuitate
1537 1857 1724 1891 nullatenus
1757 1867 1969 1897 recessurusi
2004 1859 2067 1890 nisi

224 1922 314 1964 prius
344 1919 528 1952 antedicto.
549 1917 765 1952 .ciui.de.C.
799 1921 919 1952 marcis
950 1921 1019 1965 puri
1051 1921 1179 1963 argenti
1208 1921 1250 1952 sit
1278 1918 1424 1964 plenarie
1459 1917 1672 1960 satisfactum,
1702 1920 1731 1950 ei
1759 1919 1786 1950 si
1815 1916 1909 1950 fedus
1939 1920 2066 1950 vtrius-

223 1990 362 2024 cumque
408 1981 639 2024 promissionis
677 1983 788 2012 nostre
823 1990 887 2012 non
924 1981 1152 2012 curauerimus
1189 1978 1240 2012 uel
1275 1979 1525 2023 neglexerimus
1563 1977 1750 2023 adimplere,
1793 1976 1947 2010 uidelicet
1981 1976 2066 2023 quod

223 2042 398 2085 pecuniam
428 2039 627 2073 antedictam
658 2050 723 2072 non
754 2039 949 2073 soluerimus
978 2042 1009 2072 in
1045 2042 1183 2072 termino
1212 2038 1383 2084 prelibatQ
1414 2039 1465 2072 uel
1496 2039 1628 2072 militem
1662 2042 1807 2071 nostrum
1836 2047 1901 2070 non
1932 2039 2067 2071 miseri-

224 2111 294 2133 mus
323 2099 362 2132 ad
392 2099 646 2145 persoluendain
677 2099 825 2133 eamdem
846 2102 1032 2146 pecuniam,
1062 2110 1105 2133 ex
1127 2104 1202 2133 tunc
1224 2104 1339 2133 nostre
1360 2099 1433 2133 fidei
1462 2101 1478 2143 (
1583 2100 1598 2143 ]
1627 2097 1818 2131 uiolatorem
1840 2108 1901 2131 nos
1921 2100 2067 2132 existere

223 2160 426 2205 profitemur.

326 2220 362 2254 Iu
392 2223 485 2254 cuius
514 2223 561 2254 rei
591 2222 812 2254 testiinonium
843 2225 905 2254 etc.

889 2332 944 2366 De
972 2333 1098 2366 eodem.
1131 2333 1401 2378 (Obla'yatorz‘e.)

379 2400 447 2434 Nos
483 2406 546 2435 etc.
589 2401 708 2435 Notum
755 2400 892 2435 facimus
936 2406 998 2436 etc.
1037 2401 1131 2443 Quod
1160 2401 1229 2436 Nos
1258 2402 1384 2436 dilectis
1412 2404 1549 2436 nostris.
1569 2405 1634 2434 .et.
1655 2412 1753 2446 ‚quos
1783 2412 1840 2448 pro
1869 2400 2085 2434 ordinandis*

225 2460 420 2495 uictualibus
456 2464 615 2505 misimus,
651 2462 764 2495 damus
800 2466 831 2495 et
873 2462 1020 2496 dedimus
1056 2463 1187 2508 plenam
1223 2467 1255 2496 et
1288 2462 1424 2497 liberam
1468 2461 1652 2496 facultatem
1689 2473 1788 2507 super
1824 2472 1883 2494 nos
1920 2465 2063 2494 mutuum

224 2521 439 2555 contrahendi
469 2526 498 2555 et
528 2533 587 2568 pro
617 2522 741 2555 eisdem
770 2533 830 2556 nos
860 2534 972 2556 curam
1002 2522 1180 2567 obligandi,
1211 2528 1326 2557 tenore
1355 2525 1560 2569 presencium
1591 2525 1819 2567 promittentes
1848 2521 1933 2567 quod
1963 2521 2062 2567 quid-

225 2582 299 2628 quid
328 2581 517 2616 iidemcirca
547 2582 794 2616 ordinacionem
824 2587 856 2616 et
883 2587 1154 2629 procuracionem
1185 2585 1370 2618 uictualium
1407 2583 1544 2617 fecerint
1572 2593 1630 2616 seu
1659 2583 1885 2616 ordinauerint
1921 2581 2063 2628 quibus-
