2184 2828
1112 106 1158 140 18

223 228 452 262 Olomucensis
489 226 638 260 Vicarius
672 228 704 258 in
741 223 960 270 spiritualibus
998 228 1029 257 et
1061 221 1292 268 temporalibus
1328 221 1512 263 Generalis,
1555 220 1672 254 Notum
1709 220 1847 253 facimus
1889 222 2051 253 uniuersis

221 292 393 334 presentes
421 288 531 321 literas
560 287 765 331 inspecturis,
795 284 879 330 quod
909 284 948 318 ad
984 285 1281 330 presentacionem,
1315 286 1347 315 et
1380 284 1567 327 petitionem
1604 280 1803 314 honorabilis
1838 292 1877 314 ac
1906 280 2052 324 religiosi

221 351 296 391 viri,
338 347 447 382 fratris
487 346 622 392 Philippi
668 347 822 391 prepositi
870 347 1058 378 monasterii
1107 343 1332 377 Sderasiensis
1373 352 1475 387 prope
1514 341 1672 386 Pragain.
1714 342 1905 384 religiosum
1947 343 2051 373 vii-um

218 408 351 443 fratrem
384 408 561 442 Henricum
593 406 738 440 eiusdem
772 408 971 441 monasterii.
1008 403 1223 438 exhibitorem
1260 405 1468 447 presencium
1502 405 1533 435 in
1575 402 1716 435 ecclesia
1752 404 1783 434 in
1822 400 2052 446 Mezyerziecz

218 473 371 512 vacante,
401 479 459 514 per
487 467 620 501 liberam
649 469 914 510 resignacionem
945 465 1052 499 fratris
1087 463 1260 505 Sobeonis,
1289 462 1406 496 ibidem
1440 462 1581 508 plebani,
1619 465 1649 495 in
1679 473 1741 507 qua
1777 461 1941 506 predictus
1970 471 2051 506 pre-

220 532 344 576 positus
368 531 422 573 jus
451 528 574 562 obtinet
601 531 800 573 patronatus,
841 531 1003 559 rectorem
1036 525 1215 569 ligittimum
1251 525 1443 556 instituimus
1481 527 1513 556 et
1540 522 1726 568 plebanum,
1756 524 1860 567 ipsam
1888 520 1947 554 sibi
1977 531 2050 553 cum

220 589 370 623 omnibus
389 588 517 633 juribus
544 591 575 621 et
600 590 763 621 uniuersis
784 587 998 632 pertinencijs
1027 588 1105 627 suis,
1127 586 1328 625 auctoritate,
1349 595 1411 629 qua
1432 583 1597 627 fungimur
1617 583 1780 615 ordinaria
1806 580 2051 621 confirmantes,

221 654 253 684 et
287 653 317 683 ei
351 660 461 683 curam
496 651 675 682 animarum
711 647 843 689 ibidem,
880 651 911 680 et
946 646 1263 679 administracionem
1301 644 1514 689 spiritualium
1548 648 1579 676 et
1614 642 1850 688 temporalium,
1884 645 1977 686 prout
2012 640 2051 674 ad

220 715 365 744 nostrum
395 714 521 755 spectat
548 708 692 743 officium
722 710 938 741 comittenteS.
968 706 1003 739 In
1033 708 1125 739 cuius
1154 707 1199 738 rei
1230 707 1445 737 testimonium
1475 708 1647 750 presentes
1675 702 1735 736 sibi
1765 702 1912 735 dedimus
1939 701 2050 734 literas

220 770 317 815 sigilli
351 772 465 804 vicarii
501 770 668 814 generalis
704 767 856 801 Ecclesie
892 766 1133 800 Olomucensis.
1169 776 1231 810 quo
1266 767 1392 807 utimur,
1426 767 1630 810 appensione
1668 765 1817 796 munitas.
1873 762 1991 796 Actum
2021 765 2051 794 et

219 831 326 864 datum
365 833 396 864 in
430 830 577 864 Modricz
615 840 701 862 anno
739 828 868 861 Domini
904 827 1076 860 millesimo
1114 828 1340 859 trecentesimo
1377 828 1540 859 tricesimo
1578 828 1704 870 quarto,
1739 822 1847 856 XlIlI.
1884 821 2050 856 Kalendas

220 890 433 937 Septembris.

524 969 589 998 (Das
615 969 687 1002 Orig.
718 969 741 993 in
775 967 822 993 der
852 967 877 992 k.
910 967 935 992 k.
967 964 1286 991 L'iiivcrsitatsbibliothek
1315 973 1343 990 zu
1374 964 1449 997 Prag.
1482 963 1657 997 Abgedruckt
1688 963 1728 988 bei
1753 960 1867 988 Dobner
1890 961 2050 987 Monument.

626 1020 670 1046 w.
697 1020 723 1045 S.
750 1019 820 1046 295.
845 1027 870 1044 n.
896 1018 1048 1050 cxxxiii.)

1102 1120 1177 1155 24.

220 1203 293 1237 Der
325 1202 523 1246 Troppcmer
549 1201 653 1234 Farst
681 1199 849 1234 Niholaus
879 1198 1022 1243 beli-eie!
1051 1199 1136 1232 zoves
1161 1198 1233 1231 (lem
1267 1196 1487 1232 Welelaerader
1516 1195 1656 1229 Kloster
1681 1194 1844 1239 yeleoriye
1872 1193 1988 1227 Lalme
2016 1194 2048 1226 in

220 1255 394 1297 Zalkowz'c
404 1274 465 1296 ron
474 1260 877 1295 allemilzmznstelaemlen
884 1260 978 1294 Rech
984 1263 1028 1292 le.
1038 1259 1097 1292 Dt.
1110 1258 1269 1291 Olonmtz'i
1275 1257 1329 1291 XI
1330 1257 1476 1290 ,Kalend
1480 1284 1485 1289 .
1495 1255 1684 1300 Septembr.
1692 1259 1708 1297 (
1714 1253 1957 1299 22.Auyast)1
1963 1253 2049 1287 334.

373 1338 418 1392 ¹11
446 1359 578 1391 nomine
607 1356 727 1390 domini
755 1367 862 1390 amen.
905 1354 973 1389 Nos
1002 1354 1158 1388 Nicolaus
1187 1352 1238 1386 dei
1265 1355 1374 1397 gracia
1403 1351 1478 1385 Dux
1509 1350 1670 1396 Oppauie,
1699 1349 1957 1384 Notumsacimus
1986 1353 2050 1382 tam

219 1418 437 1465 presentibus,
458 1428 553 1464 quani
582 1416 696 1451 suturis
723 1421 837 1450 tenore
863 1418 1070 1462 presencium
1097 1412 1334 1459 inspectoribus
1353 1414 1529 1448 vniuersis,
1554 1411 1647 1452 Quod
1668 1413 1830 1456 peticione
1851 1408 2050 1443 honorabilis

220 1491 259 1513 ac
288 1479 447 1523 Religiosi
475 1481 537 1512 viri
566 1478 675 1512 fratris
704 1477 861 1523 Stephani
890 1476 965 1509 dicti
993 1475 1130 1509 Abbatis
1151 1474 1338 1517 Monasterij
1360 1472 1635 1516 Welegradensis
1665 1471 1745 1505 duos
1773 1471 1886 1504 laneos
1915 1472 1946 1504 in
1975 1469 2051 1503 villa

221 1540 454 1573 Schukowicz.
484 1541 536 1584 qui
565 1538 639 1571 olim
669 1538 708 1571 ad
738 1538 889 1571 Castrum
926 1541 1070 1570 nostrum
1110 1535 1216 1569 Grecz
1250 1533 1386 1580 quodam
1416 1532 1550 1578 speciali
1586 1535 1655 1565 iure
1684 1530 1903 1577 pertinebant,
1931 1530 1992 1564 sibi
2021 1534 2053 1564 et

221 1601 305 1634 dicto
333 1599 535 1633 Monastcrio
564 1598 604 1633 ob
633 1598 813 1632 remedium
842 1600 948 1631 anime
977 1601 1088 1630 nostre
1117 1595 1156 1629 ab
1185 1597 1271 1629 omni
1299 1597 1379 1629 iure.
1409 1593 1492 1639 quod
1521 1592 1627 1635 nobis,
1649 1597 1702 1626 ant
1721 1595 1842 1626 nostris
1864 1590 2050 1629 heredibus,

222 1666 275 1695 aut
316 1659 563 1694 successoribus
597 1670 803 1705 quocumque
844 1657 940 1691 modo
975 1661 1163 1702 competere
1197 1655 1362 1689 videretur
1396 1657 1426 1687 in
1463 1653 1585 1687 eisdem
1620 1655 1738 1697 vigore
1766 1654 1974 1699 presencium
2011 1651 2052 1685 de

222 1722 422 1756 liberalitatis
450 1725 561 1754 nostre
590 1719 817 1753 munificencia
847 1722 1004 1764 perpetue
1033 1717 1232 1759 libertamus‚
1261 1715 1311 1750 Ex
1339 1725 1379 1748 eo
1408 1717 1562 1750 maxime„
1591 1713 1675 1759 quod
1704 1713 1789 1746 idem
1813 1712 1926 1747 Abbas
1954 1722 2053 1758 super

222 1782 369 1816 libertate
397 1781 564 1814 laneorum
594 1780 811 1826 predictorum
842 1779 1051 1812 Serenissimi
1080 1777 1241 1823 quondam
1268 1777 1421 1822 principis
1450 1774 1570 1807 domini
1600 1773 1756 1807 Otliakari
1778 1773 1882 1818 Regis
1903 1772 2050 1814 Boemie‚

223 1843 287 1876 Ani
317 1844 417 1875 nostri
447 1841 620 1884 karissimi,
650 1841 772 1874 litteras
801 1844 963 1885 patentes,
994 1850 1105 1881 sanas,
1135 1843 1167 1872 ct
1195 1841 1348 1881 integras,
1377 1838 1530 1881 omnique
1559 1837 1748 1880 suspicione
1776 1837 1930 1867 carentes
1958 1831 2051 1866 nobis

223 1903 467 1944 demonstrauit,
505 1912 585 1948 quas
619 1912 749 1946 semper
786 1903 873 1934 omni
911 1902 1116 1942 renerencia,
1152 1910 1214 1945 qua
1247 1897 1352 1939 decet,
1387 1907 1445 1941 per
1478 1907 1548 1937 nos,
1591 1900 1784 1940 nostrosque
1827 1893 1978 1936 heredes,
2014 1903 2052 1926 ac

223 1974 436 1998 successores
465 1962 640 2008 predictos,
670 1966 757 1995 ratas
785 1972 825 1994 ac
852 1965 963 2005 gratas
992 1965 1104 1993 tenere
1137 1959 1285 1993 volumus
1317 1961 1474 2003 perpetuo
1510 1960 1606 2001 atque
1641 1955 1750 1989 saluas
1785 1954 1905 1988 nullum
1933 1953 1992 1988 Jus
2020 1955 2052 1986 in

223 2024 325 2057 laneis
354 2022 507 2069 predictis
536 2022 631 2056 nobis
661 2027 716 2056 aut.
743 2020 992 2056 successoribus
1022 2022 1140 2054 nostris
1169 2018 1342 2065 sepedictis
1370 2016 1613 2063 quomodolibet
1642 2015 1859 2049 vendicando.
1897 2014 1931 2048 ln
1960 2016 2051 2047 cuius

223 2087 270 2118 rei
299 2086 516 2118 testimonium
545 2087 577 2116 et
605 2082 704 2116 robur
731 2086 887 2128 perpetue
917 2082 1073 2115 firmitatis
1100 2084 1271 2126 presentes
1295 2077 1390 2112 scribi
1412 2081 1444 2110 et
1463 2076 1650 2120 Sigillorum
1671 2081 1854 2110 nostrorum
1876 2077 2052 2108 munimine

224 2144 448 2178 mandauimus
476 2146 680 2178 communiri.
736 2142 854 2176 Actum
891 2146 921 2175 et
949 2141 1057 2175 datum
1093 2143 1123 2174 in
1153 2140 1308 2174 Olomucz
1342 2138 1400 2171 xl.
1432 2137 1596 2171 Kalendas
1626 2136 1840 2182 Septembris,
1870 2135 1937 2169 Sub
1966 2146 2052 2169 anno

224 2204 342 2238 domini
371 2202 702 2239 M‘JGCCOXXXWO.
732 2204 894 2248 Scriptum
924 2214 982 2248 per
1010 2212 1125 2235 manus
1154 2201 1238 2235 Petri
1265 2199 1305 2234 de
1332 2197 1537 2232 Mestcndors
1563 2197 1660 2231 Curie
1689 2201 1800 2230 nostre
1828 2195 1964 2240 Notarij.

528 2284 599 2315 (Ans
623 2282 681 2308 dem
706 2281 771 2307 (lod.
797 2282 842 2307 illst
869 2281 916 2307 des
941 2281 1009 2307 xlv.
1035 2280 1243 2306 Jalirliundcrtes
1267 2278 1283 2304 l'.
1308 2278 1356 2304 46.
1383 2279 1414 2303 im
1441 2277 1554 2303 Arclnive
1579 2276 1721 2301 desselben
1746 2276 1876 2308 Klosters,
1902 2276 1936 2301 lm
1960 2283 1992 2300 m.
2017 2278 2049 2300 st.

630 2333 862 2365 Landesarcluve.)

1100 2443 1174 2477 25.

376 2503 581 2567 Markgraf
604 2523 680 2556 Karl
716 2522 889 2567 bestatigct
923 2522 984 2555 (len
1014 2520 1138 2565 l'ragcr
1167 2521 1314 2561 Biirffern
1352 2517 1410 2551 aul'
1435 2517 1493 2551 (lor
1521 2516 1700 2550 Kt‹·ins‹=no
1729 2517 1786 2550 «las
1815 2527 1889 2549 vom
1919 2514 2049 2559 Konige

224 2583 354 2619 Johann
383 2595 422 2617 zu
452 2583 583 2617 Landau
612 2595 662 2616 ani
692 2584 893 2627 Plingsttage
925 2581 1020 2616 1333
1050 2581 1242 2614 verlicliene
1272 2579 1477 2617 l’rivileginni
1508 2589 1628 2619 wvgen
1650 2576 1956 2620 Nic-litaul'riclitung
1984 2587 2049 2609 von
