2184 2828
988 101 1060 136 969

105 220 241 254 duorum
271 229 431 252 annorum
459 222 606 264 spacium
635 221 832 254 continuatis
866 218 1144 253 numerandorum
1174 218 1376 264 temporibus
1406 221 1581 252 eximimus
1611 223 1642 252 et
1671 218 1872 252 ahsoluimus
1901 217 1940 252 ab

105 283 192 315 omni
221 280 438 313 exsolucione
467 291 590 313 census
619 284 650 313 et
679 279 800 313 Steure
828 290 872 313 ex
901 284 990 313 certa
1023 284 1136 313 nostra
1165 281 1311 312 sciencia
1340 284 1371 313 et
1400 279 1440 312 de
1467 282 1582 324 gracia
1611 279 1755 324 speciale
1792 279 1941 313 uolentes

105 344 137 373 ut
179 338 284 372 nullus
321 337 361 372 ab
396 338 518 372 eisdem
553 338 637 370 infra
667 338 786 370 dictum
822 342 978 383 temporis
1007 341 1153 383 spacium
1181 339 1232 371 uel
1262 343 1405 372 steni-am
1434 341 1586 384 recipere
1616 339 1733 373 audeat
1760 341 1941 373 maiestatis

104 401 217 431 nostre
247 400 378 430 nomine
408 397 458 430 uel
487 397 623 431 alterius
653 400 899 443 cuiuscumque,
928 398 986 432 sed
1016 401 1180 444 permittat
1208 408 1266 431 eos
1295 399 1433 444 pacifice
1462 403 1493 432 et
1521 402 1642 445 quiete.

258 457 377 490 Datum
409 462 471 491 etc.

250 517 441 551 Restitucio
468 519 588 562 qracz'e
615 521 649 551 et
677 519 954 552 assecuraciouis
981 522 1015 552 et
1043 520 1200 562 reeepez'o
1229 520 1261 552 in
1293 519 1515 563 Capellamtm
1544 520 1601 554 uel
1624 521 1795 564 famulum.

257 577 336 612 Nos.
371 577 428 611 W.
472 577 523 611 dei
558 581 671 622 gracia
706 589 767 612 rex
802 578 966 613 Bohemie
1002 582 1036 612 et
1073 578 1234 621 Potonie,
1272 583 1382 612 notum
1419 579 1555 613 facimus
1592 583 1758 616 vniuersis
1787 580 1826 614 ad
1860 591 1943 626 quos

104 650 244 684 presens
275 641 430 684 scriptum
460 642 661 684 peruenerit,
695 639 798 684 quod.
818 644 884 673 .et.
904 641 974 684 ,qui
1010 638 1049 672 ad
1084 642 1198 673 nostre
1227 640 1346 672 cultum
1377 639 1451 673 fidei
1480 641 1650 674 redierunt
1684 652 1800 675 omnes
1833 645 1944 675 reatus

103 704 136 732 et
169 699 313 732 otl'ensas
349 710 429 743 quas
468 703 500 732 et
529 710 609 744 quos
638 704 751 733 contra
782 711 842 734 nos
871 711 888 733 a
918 704 1067 745 tempore
1095 710 1158 744 quo
1188 704 1281 745 pater
1315 705 1430 734 noster
1459 701 1620 735 dominus.
1653 702 1692 736 0.
1721 703 1851 736 inclitus
1879 713 1945 735 res

104 759 267 793 Bolecmie
309 758 348 792 ab
384 758 445 792 liae
484 760 557 793 luce
598 762 744 804 migrans
783 763 929 805 spiritum
960 759 1087 793 tradidit
1116 763 1241 805 requiei
1272 770 1375 804 usque
1405 760 1444 794 ad
1475 761 1534 795 hec
1565 767 1714 808 tempora
1744 767 1946 809 peregerunt

103 831 184 866 pure
226 822 429 864 ignoscimus
464 819 504 853 de
538 824 650 853 nostre
687 819 870 854 clemencie
905 821 1040 854 lenitate
1081 825 1112 854 et
1141 823 1300 854 restitutis
1336 826 1449 856 nostre
1477 826 1593 866 gracie
1621 827 1652 856 et
1682 823 1798 857 fauori.
1829 828 1944 857 tenore

104 883 312 926 presencium
342 883 558 925 promittimus
587 880 673 925 quod
702 885 813 914 reatus
843 885 956 915 contra
986 892 1046 915 nos
1072 881 1268 915 commissos
1289 892 1454 926 nunquam
1480 882 1520 916 ad
1541 886 1682 916 animum
1704 888 1734 917 et
1754 887 1945 918 memoriam

101 951 300 974 reuocemus
330 945 372 974 et.

257 1001 376 1034 Datum
407 1006 468 1034 etc.

716 1061 769 1095 Dc
789 1062 915 1096 eodem.
942 1062 1157 1105 (Restz'tueio
1175 1064 1329 1108 gracie.)

255 1121 334 1155 Nos.
377 1122 428 1157 Πῖ
464 1126 527 1158 etc.
565 1125 645 1156 viris
680 1121 840 1155 nobilibus
875 1127 928 1156 et.
952 1127 1088 1166 .g1·acie
1126 1128 1240 1158 nostre
1278 1123 1392 1158 damus
1421 1125 1655 1170 plenitudinem
1685 1138 1729 1160 ex
1759 1125 1875 1160 affectu
1906 1138 1944 1160 ac

101 1185 190 1216 omni
219 1182 333 1216 fraude
362 1188 394 1216 et
423 1183 496 1216 dolo
526 1183 640 1229 procul
668 1185 797 1228 positis.
829 1186 994 1217 vniuersis
1025 1187 1073 1217 eis
1102 1195 1278 1227 excessus,
1308 1185 1421 1231 culpas
1452 1191 1483 1220 et
1511 1186 1657 1221 offensas
1686 1186 1804 1232 quibus
1831 1191 1944 1221 contra

101 1247 227 1288 patrem
263 1248 408 1277 nostrum
446 1243 622 1277 dominum.
660 1244 696 1277 Ο.
735 1244 1064 1287 excellentissimum,
1094 1255 1204 1289 quon-
1234 1246 1249 1289 [
1353 1246 1369 1289 ]
1398 1246 1470 1280 dam
1508 1259 1618 1292 regem
1658 1247 1839 1290 ΒοΙιεηιὶε,
1874 1251 1945 1282 siue

103 1308 217 1337 contra
250 1315 329 1346 nos‚
376 1307 447 1338 siue
487 1309 601 1337 contra
638 1308 757 1337 terram
804 1315 1010 1349 quocumque
1046 1305 1142 1339 modo
1178 1307 1230 1340 uel
1265 1306 1353 1340 facto
1387 1311 1610 1342 excesserint.
1645 1308 1684 1342 de
1719 1309 1820 1342 corde
1861 1320 1942 1354 puro

105 1364 363 1398 misericorditer
392 1369 423 1398 et
452 1364 612 1398 stabiliter
639 1365 858 1409 indulgemus.

786 1451 1029 1486 Consessiones
1059 1464 1105 1486 ex
1132 1456 1265 1498 qraeia.

259 1502 298 1536 V.
330 1503 381 1536 dei
409 1507 524 1547 gracia
555 1507 617 1538 etc.

253 1564 431 1610 Cupientes
461 1565 560 1609 digne
588 1564 702 1597 facere
731 1576 769 1598 ac
799 1564 937 1598 honeste
966 1568 1108 1599 seruicia
1138 1566 1247 1600 dilecti
1277 1569 1394 1600 notarii
1424 1570 1543 1600 nostri.
1564 1579 1645 1612 ‚que
1673 1572 1828 1602 continue
1850 1568 1944 1602 nobis

101 1628 225 1670 prestat
261 1630 292 1658 et
330 1625 477 1670 perhibet
519 1629 678 1670 prouenta
715 1625 954 1670 quodammodo
990 1631 1155 1662 secutura.
1191 1627 1252 1660 sibi
1290 1631 1450 1661 notariam
1484 1628 1622 1662 collecte
1651 1640 1710 1674 per
1738 1632 1943 1674 prouinciam

101 1689 333 1719 concessimus
362 1686 513 1730 quamdiu
544 1688 665 1719 uixerit
693 1686 872 1729 gerendam
902 1690 933 1719 et
962 1687 1192 1732 possidendam
1223 1688 1360 1733 pacitice
1389 1693 1421 1722 et
1449 1691 1557 1733 quiete
1578 1694 1607 1722 et
1629 1689 1715 1733 quod
1738 1693 1815 1735 ipsis
1836 1693 1941 1735 perti—

100 1749 218 1779 nencia
257 1751 289 1780 et
326 1752 438 1780 nostre
475 1758 607 1780 camere
650 1751 805 1793 opertura
848 1747 962 1780 damus
1013 1747 1072 1781 sibi
1113 1749 1274 1782 statuendi
1315 1751 1471 1782 uisarium
1520 1760 1760 1795 quemcumque
1807 1751 1946 1784 uoluerit

105 1806 380 1852 quandocumque
414 1808 551 1840 collecta
588 1808 638 1840 uel
676 1812 785 1840 steura
827 1808 990 1849 colligitur
1028 1808 1158 1853 plenam
1201 1813 1234 1842 et
1280 1809 1415 1842 liberam
1455 1809 1641 1843 facultatem
1684 1810 1944 1844 contradictione

103 1867 248 1911 qualibet
276 1879 340 1901 non
370 1868 541 1909 obstante3
576 1868 770 1902 mandantes
804 1872 918 1901 tenore
954 1873 1119 1914 presentis
1157 1870 1318 1914 priuilegii
1348 1870 1580 1904 collectoribus
1615 1876 1727 1904 steure
1762 1874 1792 1904 in
1829 1871 1943 1905 eadem

108 1931 275 1972 prouincia
305 1931 501 1974 quicumque
529 1940 588 1974 pro
617 1933 764 1974 tempore
792 1928 909 1961 suerint
940 1929 1024 1973 quod
1054 1932 1211 1963 uicarium
1234 1930 1308 1964 dicti
1336 1942 1576 1977 quemcumqnc
1597 1935 1676 1977 ipsis
1698 1935 1944 1977 presentauerit

109 1986 246 2022 honeste
273 1992 431 2035 recipient
461 1994 491 2022 et
522 1993 723 2034 pertractent
751 1994 783 2022 et
812 2000 876 2023 vna
907 2001 980 2023 cum
1015 1993 1086 2035 ipso
1115 1995 1258 2024 stenram
1289 1991 1428 2025 fideliter
1462 1993 1617 2036 colligant
1646 1997 1741 2037 prout
1769 2004 1841 2026 cum
1871 1993 1943 2026 aliis

108 2050 242 2081 notariis
270 2049 339 2083 lieri
370 2054 555 2083 consueuit.

257 2108 369 2143 Nullus
405 2121 487 2153 ergo
521 2110 662 2143 fidelium
705 2115 890 2143 nostrorum
929 2122 1066 2155 presens
1096 2112 1282 2145 mandatum
1319 2112 1500 2150 infrinecre
1531 2113 1581 2146 uel
1612 2114 1736 2147 uiolare
1766 2119 1942 2160 presumat.

105 2169 138 2200 Si
179 2171 250 2213 quis
285 2175 405 2204 autem.
441 2174 470 2204 in
506 2175 624 2203 tantam
659 2173 848 2203 temeritatis
885 2171 1054 2204 audaciam
1089 2176 1310 2217 prornmperit
1343 2178 1375 2207 ut
1409 2179 1521 2206 contra
1553 2174 1697 2219 predicta
1728 2175 1778 2208 uel
1809 2175 1944 2219 predic-

105 2234 207 2261 torum
250 2229 366 2274 aliquid
398 2231 509 2264 facere
538 2232 590 2264 uel
619 2234 784 2264 contraire
813 2235 1057 2276 presumpserit.
1088 2244 1151 2266 non
1182 2234 1286 2266 solum
1311 2238 1422 2277 gracia
1445 2239 1555 2267 nostra
1577 2246 1614 2267 se
1634 2238 1795 2280 priuatum
1816 2239 1943 2269 nouerit

103 2290 159 2322 sed
202 2294 353 2333 tanquam
382 2292 557 2325 uoluntatis
586 2296 698 2325 nostre
728 2295 936 2325 temerarium
966 2297 1225 2338 contemptorem
1256 2298 1284 2326 et
1315 2297 1417 2339 ipsum
1448 2306 1531 2339 pena
1562 2294 1670 2327 debita
1700 2298 1882 2340 puniemus.

257 2349 375 2383 Datum
405 2356 468 2385 etc.

817 2412 1035 2446 tv'eudiciones
1069 2413 1241 2447 bonorum.

257 2460 326 2495 Nos
356 2461 398 2495 V.
427 2463 478 2496 dei
506 2467 619 2508 gracia
649 2470 712 2497 etc.

259 2521 376 2555 Notum
407 2522 544 2557 facimus
574 2528 737 2559 vniuersis
767 2529 829 2557 tam
865 2525 1072 2570 presentibus
1101 2537 1196 2570 quam
1234 2527 1349 2561 suturis
1378 2527 1463 2573 quod
1500 2538 1560 2561 nos
1597 2531 1734 2562 tercium
1768 2529 1937 2561 denarium

106 2582 145 2614 de
180 2581 305 2615 duobus
334 2583 476 2616 denariis
505 2585 773 2629 prouenientibus
802 2585 896 2618 nobis
925 2597 966 2618 ex
998 2586 1196 2620 uendicione
1226 2591 1280 2621 iu—
1308 2590 1323 2631 (⁷
1432 2590 1444 2630 )
1474 2587 1548 2622 dicii
1591 2590 1622 2622 i'n
1658 2591 1709 2622 tali
1745 2589 1818 2622 loco
1849 2600 1938 2622 ven-
