2184 2828
957 156 963 163 ,
995 120 1069 155 265

111 246 265 285 tractam,
300 242 472 286 cupientes
500 241 654 284 utrinque
681 240 804 273 nostris
831 248 1018 284 precavere
1045 235 1244 283 dispendiis.
1273 238 1479 282 nostrisque,
1509 240 1543 270 et
1578 239 1738 269 terrarum
1767 239 1954 269 nostrarum

111 302 260 336 comodis
288 300 463 336 salubriter
489 298 687 346 providere,
717 298 992 333 consideracione
1020 309 1121 339 sana.
1150 301 1183 330 et
1211 299 1321 330 animo
1350 295 1553 339 deliberato,
1581 298 1712 330 vicisim
1740 306 1801 329 nos
1830 298 1954 329 astrin-

110 366 242 405 ximus,
271 365 305 395 et
331 362 543 405 astringimus
568 370 627 405 per
658 364 852 405 presentes,
886 359 1029 393 manuali
1056 358 1121 392 fide
1147 360 1224 391 vice
1247 358 1427 401 juramenti
1447 356 1581 390 firmiter
1600 359 1839 402 promittentes,
1869 356 1954 402 quod

111 427 138 458 si
165 433 248 468 quos
267 421 354 456 idem
374 420 453 455 Dux
472 419 643 462 Albertus,
673 420 727 453 vel
755 419 929 453 fratrueles
950 422 999 453 sui
1024 424 1183 453 terrarum
1212 429 1345 452 suarum
1365 416 1521 458 barones,
1550 416 1795 459 ministeriales,
1826 416 1953 458 milites,

110 483 257 518 milit-aris
291 481 498 516 condicionis
534 480 705 522 homines,
748 479 894 523 nobiles,
932 480 988 514 vel
1020 478 1202 525 ignobiles,
1239 488 1436 524 quocunque
1471 480 1604 511 nomine
1637 481 1859 518 censeantur,
1897 487 1955 510 seu

109 546 336 589 quuscunque
363 541 568 576 condicionis
597 542 753 583 existant,
781 551 841 586 pro
869 543 937 575 suis
957 541 1124 575 demeritis
1153 550 1192 573 ac
1210 538 1401 573 rebellionis
1421 537 1630 571 excessibus.
1660 549 1719 572 seu
1748 539 1856 571 causis
1885 537 1957 570 aliis

109 603 362 650 quibuscunque
394 613 480 649 pena
515 611 712 647 quacunque
745 604 929 646 corrigere,
958 612 1018 636 seu
1045 599 1224 635 emendare
1252 602 1472 644 contingeret,
1502 598 1609 632 eidem
1637 599 1691 632 vel
1720 598 1846 632 eisdem
1875 609 1957 631 cor-

108 664 248 710 rigendo
275 663 334 699 vel
361 662 570 708 corrigendis
597 661 718 709 nullius
740 663 925 706 juvamenti
959 673 1018 708 per
1045 672 1127 704 nos,
1161 661 1216 694 vel
1244 664 1377 694 nostros
1405 659 1564 693 debemus
1593 659 1733 704 prebere
1763 658 1955 694 subsidium.

108 736 173 760 nec
190 728 308 772 ipsum,
337 724 393 758 vel
419 726 511 770 ipsos
530 726 563 757 in
582 725 691 765 terriS,
720 726 795 757 sive
815 722 987 756 domiciliis
1006 724 1128 756 nostris
1147 720 1278 763 fovere,
1308 725 1361 754 aut
1382 724 1413 754 in
1434 724 1564 753 nostros
1585 722 1770 754 servitores
1791 723 1955 765 recipere.

110 797 170 820 seu
199 786 340 830 alicujus
366 783 489 829 refugii
516 783 696 830 presidium
725 782 898 825 exhibere,
928 783 986 817 sed
1014 786 1133 829 potius,
1163 793 1236 815 cum
1266 781 1414 827 predicto
1435 781 1567 814 domiuo
1598 780 1692 814 duce.
1722 780 1777 813 vel
1806 780 1957 813 fratrue-

110 846 195 880 libus
222 848 312 889 suis,
341 856 400 879 seu
429 844 612 879 substitutis
641 855 774 886 eorum,
803 854 863 889 per
897 854 973 885 nos,
1013 847 1044 876 et
1077 847 1210 877 nostros
1247 842 1511 888 quandocunque
1544 845 1575 874 et
1610 844 1870 886 quotiescunque
1899 852 1957 886 per

110 910 202 953 ipsos
229 909 377 953 requisiti
405 904 577 947 fuerimus,
607 909 722 938 contra
752 904 886 938 eosdem
916 904 1070 947 rebelles,
1099 913 1312 945 exoessores,
1343 901 1511 948 sepedicto
1541 901 1673 935 domino
1693 901 1779 934 Duci
1798 901 1853 934 vel
1881 901 1957 934 fra-

111 966 269 1001 truelibus
297 969 387 1009 suis,
417 969 491 1000 sive
520 965 702 1000 substitutis
732 976 868 1007 eorum,
904 976 1001 998 mauu
1035 967 1236 1010 potestativa
1272 965 1449 996 assistere.
1489 961 1663 995 adherere.
1694 966 1724 995 et
1753 961 1958 1006 coadjuvare

111 1027 306 1071 tenebimur,
326 1031 423 1073 prout
442 1015 681 1061 antedictorum
702 1026 825 1059 domini
845 1025 946 1059 Ducis
967 1029 998 1058 et
1018 1024 1220 1058 fratruelium
1241 1034 1372 1057 suorum
1394 1025 1582 1056 necessitas
1603 1025 1718 1067 exigit.
1749 1026 1779 1055 et
1809 1024 1955 1067 requirit.

110 1088 151 1122 ad
178 1087 266 1133 quod
293 1087 461 1134 predictus
489 1087 642 1121 dominus
672 1086 739 1120 dux
760 1086 927 1120 Albertus.
958 1090 988 1119 et
1017 1084 1190 1119 fratrueles
1219 1087 1279 1127 sui,
1310 1088 1342 1117 et
1371 1094 1484 1117 eorum
1514 1082 1688 1125 substituti.
1718 1082 1825 1116 nobis.
1855 1082 1910 1115 vet
1940 1095 1955 1115 a

111 1148 204 1183 nobis
233 1147 416 1183 substitutis
435 1147 635 1182 tenebuntur
663 1146 724 1181 sub
744 1151 926 1180 memorato
947 1148 1111 1192 promisso
1141 1145 1214 1179 fidei
1243 1147 1319 1178 vice
1340 1155 1453 1187 versa,
1483 1147 1514 1177 in
1545 1145 1640 1187 cujus
1664 1146 1712 1176 rei
1733 1145 1956 1176 testimonium

110 1213 284 1256 presentes
311 1209 436 1243 litteras
464 1208 548 1251 fieri,
578 1212 610 1242 et
637 1210 742 1242 nostri
763 1210 941 1241 munimine
961 1206 1058 1251 sigilli
1086 1205 1225 1240 fecimus
1245 1207 1452 1238 communiri.
1496 1204 1615 1237 Datum
1635 1203 1782 1237 VVienue
1812 1203 1863 1236 die
1893 1202 1956 1236 do-

111 1272 230 1304 minica
258 1273 334 1303 ante
361 1268 482 1303 festum
510 1268 597 1304 beati
626 1268 754 1303 Thome
782 1267 932 1313 Apostoli
961 1269 1111 1312 proxima
1130 1266 1230 1300 Anno
1260 1265 1383 1300 domini
1402 1264 1578 1299 Millesimo
1607 1266 1841 1298 trecentesimo
1871 1275 1955 1309 qua-

111 1329 301 1375 dragesimo
329 1332 447 1377 primo.

419 1408 610 1444 (Ahgedruckt
634 1408 676 1434 bei
701 1409 830 1441 Steyerer
853 1409 876 1433 iu
892 1407 1070 1433 commentar.
1095 1406 1127 1432 ad
1152 1407 1244 1432 histor.
1265 1406 1369 1431 Alberti
1394 1405 1424 1431 ll.
1451 1405 1525 1430 ducis
1550 1405 1665 1430 Austriae
1691 1404 1717 1430 S.
1740 1402 1793 1429 131
1823 1411 1870 1428 aus
1895 1402 1954 1428 dem

523 1460 598 1494 Orig.
624 1460 673 1486 des
695 1460 721 1487 k.
747 1460 772 1486 k.
798 1459 859 1494 geli.
882 1459 1057 1485 llofareliives
1081 1467 1111 1484 zu
1135 1458 1224 1484 wien.
1255 1474 1284 1476 —
1315 1457 1494 1489 Liclinowslty
1519 1456 1563 1483 lll.
1589 1456 1635 1482 Bd.
1661 1455 1768 1489 Regest.
1796 1455 1823 1480 S.
1841 1454 1957 1481 CCCLll.

524 1521 550 1539 n.
577 1511 668 1539 1293.
709 1512 825 1538 Bohmcr
850 1512 900 1538 Ad.
927 1511 957 1537 ll.
983 1512 1009 1536 S.
1037 1509 1096 1536 345
1122 1519 1147 1536 u.
1172 1511 1237 1543 45.)

983 1631 1089 1666 372.

112 1715 250 1760 Herz-oq
286 1713 413 1748 Albert
448 1723 511 1747 ton
548 1710 767 1746 Oesterrez'clz
805 1710 993 1754 cerspre‘clel
1027 1710 1099 1742 dem
1133 1709 1356 1754 illarlryrafen
1392 1709 1483 1743 Kar!
1515 1720 1577 1741 τοι(
1612 1707 1774 1749 Miller-eu.
1805 1707 1885 1740 dass
1915 1717 1952 1739 er

110 1776 231 1810 keiuen
250 1776 311 1809 der
340 1785 402 1809 con
423 1773 487 1807 ilem
508 1785 548 1807 z-et
575 1772 775 1817 strafenden
795 1771 1027 1806 Ualerlltanen
1056 1770 1255 1813 aztfieelzmen
1277 1771 1359 1804 oder
1378 1770 1541 1803 selmlz-en
1571 1769 1678 1802 crolle.
1710 1767 1768 1801 Dt.
1796 1767 1952 1802 Wiesme.

395 1835 448 1869 die
476 1835 657 1884 dominica,
686 1844 752 1878 qua
782 1836 943 1866 cantatur
973 1831 1176 1874 „Gaadetffl
1209 1830 1289 1873 (16.
1320 1830 1529 1871 December)
1564 1829 1673 1863 1341.

266 1911 356 1965 Ros
392 1929 570 1970 Albertus,
606 1928 659 1963 dei
687 1931 824 1973 gracia,
861 1926 937 1961 Dux
966 1926 1122 1968 Austrie.
1153 1925 1282 1971 Styrie,
1319 1931 1349 1960 et
1377 1925 1566 1960 Karinthie.
1602 1924 1762 1958 Dominus
1792 1922 1957 1955 t'aruiole.

115 1991 262 2026 Marchie
291 2002 330 2025 ac
358 1991 610 2033 Portusnaonis,
641 1989 762 2023 Comes
791 1991 823 2022 in
852 1986 1050 2033 Habspurch
1087 1990 1118 2019 et
1147 1985 1343 2032 Chyhurch,
1373 1997 1437 2020 nec
1465 1997 1530 2020 non
1561 1984 1784 2029 Lautgrauius
1812 1983 1961 2025 Alsacie,

115 2052 341 2098 Dominusque
369 2051 624 2097 Phyrretarum,
655 2050 695 2083 ad
724 2052 956 2083 vniuersorum
986 2050 1157 2089 noticiam,
1187 2057 1324 2091 quorum
1361 2050 1526 2081 interesse
1555 2046 1671 2079 fuerit.
1701 2047 1849 2090 cupimus
1878 2053 1961 2088 per—

115 2115 241 2154 uenire,
270 2111 365 2153 Quod
394 2112 434 2146 ad
464 2112 642 2146 firmiorem
672 2113 867 2144 amiciciam.
899 2112 982 2142 iuter
1011 2118 1082 2149 noS,
1113 2112 1145 2140 et
1172 2106 1350 2141 fratrueles
1379 2112 1531 2141 nostros.
1562 2105 1779 2139 Fridericum.
1810 2107 1841 2136 ct
1870 2102 1959 2136 Leu-

115 2172 244 2219 poldum
280 2172 405 2215 Duces,
436 2183 475 2207 ac
503 2172 714 2217 magnificum
751 2170 934 2215 Principem
973 2168 1139 2201 dominum
1175 2166 1330 2201 Karolum
1366 2167 1592 2201 Mat-chionen]
1627 2165 1795 2200 Morauie.
1828 2162 1958 2197 affinem

115 2238 262 2267 nostrum
299 2232 468 2275 dilectum,
505 2244 549 2267 ex
583 2243 671 2266 nouo
707 2235 927 2266 contractam.
964 2231 1135 2273 cupientes
1178 2231 1342 2273 vtrimque
1380 2231 1503 2262 nostris
1545 2236 1726 2272 precaucrc
1768 2223 1961 2269 dispendijs,

115 2299 306 2339 nostreque.
336 2304 374 2326 ac
403 2297 562 2328 terrarum
592 2297 778 2327 nostrarum
806 2290 956 2325 comodis
986 2294 1017 2322 ct
1046 2288 1140 2322 saluti
1161 2287 1324 2321 salubrius
1344 2288 1532 2333 prouidere.
1563 2285 1845 2319 t‘oiisidcracione
1865 2294 1958 2317 sana.

114 2366 153 2388 ac
181 2353 362 2388 deliberato
391 2356 516 2395 animo,
545 2356 691 2387 vicissim
722 2364 783 2386 nos
812 2353 1043 2385 astrinximus.
1079 2353 1110 2382 et
1146 2350 1358 2392 astringimus
1393 2359 1452 2393 per
1480 2351 1674 2393 presentes.
1712 2344 1853 2378 manuali
1883 2343 1957 2386 lide,

114 2418 190 2449 vice
218 2416 405 2459 Juramenti.
436 2413 569 2448 firmiter
597 2413 829 2460 promittendo.
861 2410 953 2452 Quod
984 2413 1011 2443 si
1041 2420 1121 2454 quos
1151 2408 1235 2441 idem
1264 2407 1412 2441 Illarchio
1441 2413 1601 2441 terrarum
1633 2416 1766 2439 suarum
1795 2404 1958 2440 Barones.

115 2474 359 2509 Ministerialcs.
390 2472 519 2515 Milites,
549 2474 695 2508 militaris
721 2473 925 2507 condicionis
956 2470 1116 2504 homines.
1147 2468 1275 2502 nobiles
1304 2468 1358 2502 vel
1387 2468 1559 2513 ignobiles.
1590 2476 1797 2511 quocumque
1826 2468 1958 2499 nomine

114 2540 335 2570 censeantur.
364 2545 422 2567 seu
451 2535 686 2579 cujuscumque
715 2534 926 2568 Condit-ionis
956 2534 1111 2571 existant,
1142 2540 1201 2575 pro
1230 2531 1299 2563 suis
1328 2529 1513 2562 demeritis.
1543 2538 1581 2560 ac
1610 2526 1799 2560 rebellionis
1829 2536 1959 2559 exces-

116 2595 225 2638 sibus,
255 2606 314 2630 seu
350 2595 422 2638 alijs
455 2596 564 2627 causis
592 2594 867 2640 quibuscumque.
898 2602 983 2638 pena
1013 2600 1218 2636 quacumque
1247 2592 1416 2633 corrigere
1452 2599 1511 2621 scu
1549 2587 1726 2621 emendare
1761 2589 1958 2630 contigeret.

1817 2644 1856 2674 34
