2184 2828
1026 107 1072 141 83

127 228 286 262 Lucensis
312 227 504 271 Monasterij
525 225 711 260 Abbatihus
741 226 781 260 de
810 227 945 272 speciali
973 225 1213 265 beniuolencia.
1243 235 1338 270 quam
1367 224 1406 258 ad
1427 228 1529 270 ipsum
1550 225 1782 260 Monasterium
1804 229 1960 271 gerimus.

127 290 362 323 Concessimus
391 292 423 321 et
450 287 673 329 concedimus,
703 290 735 320 in
764 287 825 321 hiis
854 289 981 332 scriptis
1008 286 1066 319 Jus
1087 285 1260 319 Ciuitatum
1289 296 1376 328 esse,
1406 289 1475 319 siue
1495 286 1599 320 forum
1620 289 1652 320 in
1672 286 1746 320 uilla
1768 286 1961 320 Olakowicz

127 353 158 383 in
186 349 280 382 honis
307 347 451 382 Abbatie
479 347 627 381 eiusdem
654 348 758 381 semel
786 350 817 380 in
847 350 948 380 tercia
978 346 1059 380 feria
1086 344 1257 379 cuiuslibet
1285 349 1468 391 septimane
1495 346 1677 391 gerendum
1705 350 1737 380 in
1757 352 1960 393 perpetuum.

127 420 200 443 cum
229 408 380 442 omnibus
407 407 552 442 Juribus.
582 418 645 453 que
673 407 744 441 sora
773 412 960 441 nostrarum
990 407 1123 440 aliarum
1152 405 1299 440 obtinent
1328 405 1512 443 Ciuitatum.
1566 407 1727 442 Volentes
1755 407 1962 442 nihilominus

127 470 168 502 de
195 468 432 502 habundaciori
469 472 595 513 gracia,
631 472 665 502 vt
700 468 783 501 idem
819 467 925 502 forum
959 471 992 502 in
1026 466 1205 502 Olakouicz
1238 470 1319 512 ipsis
1355 470 1394 500 sit
1428 472 1633 513 perpetuum.
1669 480 1708 502 ac
1744 467 1784 502 ab
1813 468 1962 502 omnibus

126 529 315 572 Theloneis‚
344 529 506 575 pedagijs.
537 533 569 562 et
596 527 636 562 ab
665 528 717 562 illa
745 531 938 562 exaccione.
969 539 1031 574 que
1058 532 1217 562 noceatur
1244 527 1399 569 Louchie‚
1422 532 1453 561 et
1473 527 1512 562 ab
1533 532 1621 562 omni
1640 540 1765 574 genere
1784 532 1961 563 seruitutis.

125 600 331 636 quocumque
360 593 492 623 nomine
521 594 708 632 censeatur„
739 591 779 622 sit
805 588 955 622 liberum.
985 593 1017 622 et
1043 591 1195 622 immune.
1250 587 1298 622 Ita
1328 588 1414 633 quod
1443 588 1593 622 omnibus
1622 592 1727 635 ipsum
1755 589 1862 623 forum
1891 589 1962 623 fre-

125 650 358 696 quentantibus
387 653 429 684 sit
454 649 592 684 facultas
622 649 661 683 ad
690 649 766 683 illud
801 649 903 683 libere
937 648 1126 692 accedendi,
1161 660 1224 682 nec
1253 648 1372 694 aliquid
1402 652 1534 683 nomine
1562 649 1706 695 pedagij.
1735 651 1789 684 vel
1817 650 1961 684 thelonei

127 710 181 745 vel
209 714 435 756 cuiuscunque
470 709 688 756 predictarum
725 712 953 744 exaccionum.
989 720 1205 756 quocumque.
1238 714 1274 743 vt
1307 709 1427 743 dictum
1464 714 1514 743 est
1541 713 1674 744 nomine
1708 715 1893 754 censeatur,
1923 710 1962 744 ab

123 774 172 805 eis
202 771 363 805 vllatenus
391 774 557 815 exigatur.
587 770 784 804 Adicientes
813 770 853 804 de
881 771 1016 816 speciali
1051 771 1176 815 gracia.
1205 774 1239 803 vt
1267 781 1492 816 quoscumque
1521 770 1752 804 malefactores
1783 772 1822 805 de
1850 776 1962 805 cetero

123 835 154 865 in
182 831 278 866 bonis
306 831 392 865 dicte
421 830 563 865 Abbatie
591 834 768 875 contigerit
801 833 833 864 in
874 834 1009 865 crimine
1043 830 1253 876 deprehendi.
1290 831 1371 864 tales
1407 831 1640 865 malefactores
1669 832 1708 866 ad
1737 832 1812 865 dicti
1840 832 1901 866 fori
1930 835 1961 865 in

124 891 320 926 Olakowicz
347 892 511 925 Judicium
539 892 700 925 ducantur
728 895 759 925 et
787 890 905 925 ibidem
935 891 1112 925 secundum
1148 891 1232 937 quod
1262 892 1401 937 qualitas
1429 895 1598 926 commissi
1625 895 1770 926 criminis
1799 895 1961 937 exegerit.

124 963 209 998 pena
237 952 346 986 debita
374 955 560 998 puniantur.
590 951 643 986 Ad
672 951 840 997 amplioris
875 963 1006 997 quoque
1041 954 1152 996 gracie
1181 950 1353 985 Cumulum
1381 964 1595 999 quoscunque
1624 956 1815 998 empciones
1843 957 1903 987 rite
1932 957 1963 987 et

124 1012 368 1047 racionabiliter
395 1011 511 1055 factas.
541 1024 601 1058 per
628 1012 749 1046 dictum
776 1011 940 1046 Abbatem
969 1012 1116 1058 predicto
1144 1012 1286 1046 Lucensi
1314 1012 1517 1047 Monasterio
1547 1013 1587 1047 de
1614 1013 1709 1047 bonis
1739 1013 1777 1047 ad
1806 1025 1867 1048 nos
1895 1025 1961 1047 non

124 1073 362 1118 pertinentibus
381 1078 469 1107 ratas
490 1072 648 1107 habentes
669 1077 701 1106 et
728 1077 854 1118 gratas.
883 1077 914 1106 et
942 1078 976 1106 vt
1003 1073 1252 1107 successoribus
1282 1076 1382 1119 ipsius
1411 1074 1475 1107 loci
1504 1073 1687 1108 Abbatibus
1707 1075 1823 1108 similia
1843 1075 1962 1108 liceant

124 1136 172 1167 eis
200 1138 347 1167 nostrum
367 1133 511 1178 benigne
531 1138 716 1179 prestamus
737 1145 919 1167 assensum.
941 1133 1168 1180 Suscipientes
1188 1134 1417 1168 nichilominus
1437 1138 1466 1168 in
1489 1139 1600 1168 nostre
1620 1138 1772 1169 tuicionis
1793 1137 1962 1180 singulare

123 1194 301 1240 presidium
331 1194 447 1228 dictam
478 1195 587 1228 villam
615 1197 646 1228 in
674 1193 878 1230 Olakowicz.
908 1194 1012 1237 x-illaS.
1042 1197 1286 1240 possessiones.
1309 1194 1437 1237 Curias.
1457 1195 1657 1238 Molendina.
1679 1195 1800 1237 Siluas.
1821 1196 1961 1231 Rubeta.

124 1254 347 1297 Piscaciones‚
368 1259 399 1288 et
420 1254 528 1297 Prata.
550 1260 582 1289 et
601 1255 812 1299 singulariter
831 1258 938 1289 omnia
963 1254 1049 1289 bona
1068 1266 1138 1298 sua,
1158 1266 1224 1289 non
1244 1255 1450 1289 obstantibus
1470 1255 1630 1302 aliquibus
1649 1256 1764 1290 litteris
1784 1260 1961 1301 gratiarum

122 1327 182 1361 per
208 1326 269 1349 nos
297 1315 381 1349 datis
409 1316 481 1360 alijs
509 1319 581 1350 siue
609 1315 735 1358 dandis.
764 1315 955 1349 Inhibentes
983 1315 1132 1350 omnibus
1160 1319 1279 1350 nostris
1300 1316 1571 1351 prouincialibus.
1596 1322 1629 1351 et
1647 1317 1818 1350 Judicibus
1839 1328 1958 1363 supra-

122 1379 264 1422 scriptis.
293 1375 353 1410 sub
381 1376 517 1410 obtentu
545 1379 660 1421 gracie
688 1381 814 1419 nostre.
844 1388 886 1410 ne
914 1379 1019 1422 ipsum
1039 1376 1200 1411 Abbatem
1229 1382 1260 1411 et
1288 1377 1406 1411 dictum
1435 1388 1529 1411 suum
1555 1377 1791 1411 Mon-asterium
1812 1377 1961 1411 Luceuse

122 1439 154 1470 in
189 1436 282 1470 dictis
323 1436 418 1471 bonis
451 1448 657 1483 quocumque
692 1440 823 1471 nomine
859 1441 1069 1480 censeantur,
1104 1440 1136 1471 in
1177 1437 1284 1484 aliquo
1319 1438 1496 1471 molestare
1530 1443 1731 1484 presumant.
1767 1439 1821 1472 vel
1857 1441 1961 1472 eciam

123 1497 324 1543 perturbent.
354 1497 479 1531 Harum
507 1500 594 1531 serie
621 1502 653 1531 et
672 1501 858 1532 testimonio
878 1498 1055 1534 literarum.
1075 1497 1192 1544 quibus
1211 1503 1359 1532 nostruin
1380 1498 1530 1543 Sigillum
1551 1503 1600 1532 est
1621 1510 1812 1544 appensum.
1843 1498 1961 1532 Datum

123 1557 270 1592 Poerlicz
290 1557 371 1591 feria
392 1562 506 1604 quarta
527 1563 600 1604 post
620 1558 764 1592 Octauas
783 1558 923 1601 Pasche.
938 1558 1037 1592 Anno
1052 1558 1182 1593 Domini
1200 1559 1372 1593 Millesimo
1389 1559 1638 1593 Trecentesimo
1655 1559 1837 1593 Tricesimo
1854 1564 1958 1593 sexto.

1322 1619 1385 1653 Per
1412 1619 1453 1654 D.
1483 1620 1624 1665 Regem.
1654 1619 1711 1653 W.
1745 1641 1787 1644 —
1818 1620 1858 1654 R.

328 1697 394 1730 (Das
419 1696 492 1731 Orig.
519 1698 565 1724 aas
585 1698 741 1732 Pergament
767 1699 811 1724 mit
834 1699 918 1723 einem
942 1697 1170 1724 wohlerlialtenen
1194 1698 1389 1733 Doppelsigille
1414 1701 1445 1724 im
1472 1699 1586 1725 Archive
1611 1699 1753 1725 desselben
1772 1699 1903 1725 Klosters.
1929 1701 1960 1725 im

529 1758 562 1776 m.
588 1754 621 1777 st.
644 1750 865 1777 Landesarcbive.
892 1750 936 1776 Lit.
963 1750 995 1776 Α.
1021 1758 1044 1775 n.
1072 1750 1099 1775 4.
1129 1765 1158 1769 —-
1186 1750 1280 1785 Vergl.
1305 1751 1587 1778 DobuerMonument.
1613 1751 1658 1777 lv,
1684 1752 1711 1777 S.
1737 1751 1807 1777 299.
1835 1760 1858 1777 n.
1874 1751 1960 1783 ch.)

993 1871 1094 1907 113.

121 1947 233 1993 Ko‘niq
259 1947 397 1982 Johann
426 1960 487 1982 ron
523 1949 674 1983 Bohmen
710 1949 872 1983 seleenlret
907 1950 977 1983 dem
1015 1949 1169 1983 Brut-lter
1198 1950 1339 1984 Kloster
1367 1951 1428 1984 das
1458 1950 1697 1995 Stadlgyerae'cht
1725 1962 1788 1983 con
1817 1950 1957 1995 Zuaym.

346 2009 406 2043 Dt.
436 2011 469 2043 in
497 2009 692 2053 Palladios,
722 2009 878 2044 Sabbata
902 2013 981 2054 post
1009 2014 1150 2043 octavas
1179 2010 1322 2045 Pascleae
1352 2011 1433 2053 (13.
1464 2011 1587 2056 April)
1620 2010 1729 2045 1336.

271 2084 464 2138 «lohannes
493 2104 543 2139 dei
572 2108 685 2150 gracia
714 2104 850 2139 Bocmie
878 2105 964 2147 Rex.
995 2116 1032 2139 ac
1059 2104 1358 2151 Lucemburgensis
1384 2105 1514 2141 Comes.
1537 2106 1662 2140 deuotis
1683 2109 1802 2140 nostris
1831 2105 1959 2140 dilectis

121 2162 263 2198 Johanni
304 2164 412 2199 abbati
447 2170 479 2199 et
520 2165 703 2200 Conuentui
738 2166 931 2200 Monastcrii
972 2165 1144 2209 Lucensis,
1187 2166 1319 2201 Ordinis
1360 2167 1685 2201 Premonstratensis.
1729 2166 1959 2201 olomucensis

121 2224 289 2270 dyocesis.
318 2229 463 2270 graciam
493 2230 619 2271 regiam
649 2232 680 2261 et
717 2227 847 2261 Christo
882 2238 962 2261 vere
996 2227 1059 2260 luci
1095 2227 1223 2261 laudum
1253 2240 1311 2273 per
1346 2231 1489 2272 insignia
1518 2228 1628 2261 lucere
1657 2227 1958 2261 animadvertentes

123 2290 235 2319 vestre
264 2285 456 2320 deuocionis
485 2292 518 2321 et
545 2288 660 2321 domus
688 2293 801 2323 vestre
830 2287 956 2334 prefate
982 2286 1141 2322 Lucensis
1161 2292 1380 2322 constantiam
1402 2292 1639 2334 puritatemque
1660 2287 1733 2321 lidei
1754 2290 1957 2330 immensam.

123 2345 242 2391 quihus
290 2349 321 2379 in
369 2349 512 2381 instante
550 2353 662 2382 nostra
698 2359 845 2393 gwerra.
882 2359 977 2394 quam
1010 2347 1169 2382 adversus
1202 2349 1316 2382 hostes
1357 2354 1491 2383 nostros
1533 2348 1696 2382 australes
1738 2348 1778 2382 ad
1819 2359 1958 2394 presens

121 2409 278 2451 gerimus.
317 2409 347 2440 in
386 2409 534 2452 inspectu
570 2411 663 2453 regio
698 2412 856 2455 expositis
890 2411 1042 2454 personis
1076 2413 1107 2443 et
1134 2409 1231 2443 rebus
1268 2413 1387 2443 vestris
1416 2409 1569 2455 perieulis
1597 2419 1662 2442 non
1691 2409 1852 2443 modicum
1881 2409 1958 2455 pla-

121 2470 244 2509 cuistis,
273 2467 480 2501 attendentes
507 2479 637 2514 quoque
670 2472 770 2515 ipsius
806 2470 920 2503 domus
955 2473 1068 2502 vestre
1101 2475 1133 2503 et
1168 2473 1414 2515 possessionum
1457 2480 1590 2503 suarum
1629 2468 1714 2503 bona
1749 2474 1781 2504 et
1809 2469 1957 2504 homines

122 2527 261 2571 grandia
296 2528 472 2574 pertulisse
508 2533 540 2562 et
575 2533 706 2574 portare
739 2529 908 2576 dispendia
946 2530 1076 2563 cottidie
1111 2534 1143 2564 et
1184 2533 1338 2563 iacturas.
1374 2530 1410 2563 In
1452 2541 1694 2575 reeonpensam
1735 2535 1767 2564 et
1808 2531 1956 2564 solamen

122 2592 314 2633 perpetuum
349 2587 553 2622 Monasterio
587 2594 700 2624 vestro
740 2591 892 2624 iudicium
933 2590 1080 2624 Ciuitatis
1120 2590 1281 2636 Znoyme.
1324 2590 1491 2624 dumtaxat
1533 2590 1657 2636 absque
1697 2590 1848 2624 thelonco
1883 2601 1955 2624 eum

1797 2650 1851 2678 tl*
