2184 2828
197 218 231 248 et
256 214 378 258 fideles
406 215 543 258 imperii
570 213 733 248 aduersus
763 225 825 248 nos
855 219 888 248 et
923 225 1029 260 regna
1064 218 1177 248 nostra
1215 217 1341 248 excitat
1376 218 1410 247 ut
1438 224 1478 247 ea
1508 224 1572 259 que
1601 217 1827 249 successionis
1856 214 2060 259 hereditarie

197 275 303 320 tytulo
333 273 374 308 ad
404 284 466 307 nos
495 277 640 319 pertinet
668 285 728 308 sue
757 274 879 308 dicioni
907 274 1060 310 subiiciat
1089 279 1122 308 et
1149 285 1214 308 non
1243 278 1420 309 contentus
1449 273 1574 308 iuribus
1609 278 1750 321 propriis
1788 285 1905 310 manus
1943 274 2060 309 auidas

196 334 237 367 ad
266 334 376 368 aliena
405 337 519 367 contra
550 334 731 379 imperialis
761 334 896 369 honoris
926 335 1057 380 fastigia
1087 334 1272 368 extendere
1305 345 1371 369 non
1408 338 1556 377 veretur,
1591 339 1625 368 ut
1658 339 1766 369 autem
1804 338 1931 369 iusticia
1960 345 2058 380 quam

197 394 260 429 deo
288 395 305 440 s
408 394 425 440 )
455 399 541 429 teste
569 395 709 428 colimus
739 400 888 429 nostram
918 400 1049 430 tueatur
1077 397 1307 429 innocenciam
1337 406 1399 430 vos
1427 406 1545 428 omnes
1584 399 1616 428 et
1650 396 1800 441 singulos
1836 406 1918 441 quos
1947 395 2059 429 fideli-

199 458 274 490 tatis
310 460 428 490 natura
471 455 661 489 consolidat
698 459 851 490 excitare
883 456 979 490 decet
1016 459 1106 490 uires
1147 460 1179 489 et
1213 459 1353 499 animos,
1389 455 1428 489 ad
1458 455 1681 489 resistendum
1709 460 1897 490 nostrorum
1930 455 2059 490 aduer-

197 518 362 550 sariorum
398 515 671 561 impugnantibus
706 519 761 561 qui
796 516 966 551 libertates
1005 520 1137 550 nostras
1172 521 1203 550 et
1238 519 1349 561 gentis
1387 521 1523 550 nostrae
1564 518 1596 549 in
1636 516 1875 550 seruitudincm
1903 515 2059 561 redigere

200 576 388 610 moliuntur.

1013 655 1244 699 Responsina.

354 722 408 757 Ex
438 723 604 758 fidelitatis
633 723 744 758 debito
774 733 840 758 non
870 724 976 758 solum
1006 726 1129 757 uestris
1158 723 1386 758 obsecundare
1415 728 1569 757 tenemur
1596 722 1781 757 iusionibus
1809 734 1926 758 verum
1955 725 2057 758 etiam

195 784 375 831 ydiomatis
404 787 510 819 nostri
538 787 768 819 consonancia
797 787 903 829 exigit
931 789 962 818 et
989 787 1126 830 requirit
1153 788 1187 817 ut
1214 783 1301 818 fideli
1330 787 1541 818 execucione
1570 783 1713 818 mandati
1750 787 1853 819 uestri
1887 783 2057 818 obstemus

195 849 319 880 uestris
348 845 552 880 aduersariis
580 848 634 890 qui
669 845 826 879 uiolentis
860 844 1037 879 insultibus
1072 848 1218 879 nituntur
1253 849 1441 879 nostrorum
1475 847 1546 878 iura
1584 847 1826 891 principatuum
1855 844 2057 879 conculcare

198 905 502 952 apprehendemus.
532 907 576 940 N.
612 905 818 940 defensionis
848 916 939 939 arma
967 906 1106 940 uiriliter
1134 905 1412 952 quandocumque
1448 905 1610 939 celsitudo
1644 906 1768 950 regalis
1797 910 1943 940 uestram
1971 908 2056 939 vni-

198 970 394 1001 uersitatem
423 967 610 1001 humaniter
639 969 830 1012 requisitam
861 969 1016 1011 exigerit.

609 1106 736 1139 Aliter.
769 1105 1009 1150 (Responsiua
1037 1105 1166 1139 Fidelis
1195 1105 1323 1150 cujusd.
1353 1105 1444 1150 Reyz'
1469 1104 1634 1149 Bohem.)

351 1173 506 1207 Rationis
535 1174 618 1208 ordo
648 1177 801 1220 exigeret
830 1179 863 1208 ut
891 1186 955 1220 quo
984 1174 1193 1208 excellencie
1213 1178 1326 1208 uestre
1346 1177 1561 1219 astringimur
1589 1174 1863 1209 satisfaceremus
1891 1172 2056 1208 fidelitatis

195 1234 306 1269 debito
336 1238 363 1268 si
393 1245 459 1268 non
489 1235 742 1280 prepediremur
770 1236 991 1281 promptitudo
1021 1240 1133 1269 nostre
1161 1235 1338 1269 uoluntatis
1368 1246 1428 1281 per
1457 1235 1664 1269 ablacionem
1683 1238 1839 1281 potencie
1859 1245 1923 1280 que
1942 1237 2058 1268 nititur

194 1299 311 1329 nostre
341 1294 587 1329 beneuolencie
616 1299 796 1330 contraire.
826 1296 1063 1342 lmpugnamur
1092 1297 1313 1329 Arutiuorum
1343 1295 1479 1341 perfidia
1506 1299 1561 1340 qui
1589 1298 1621 1329 in
1651 1295 1855 1329 multitudine
1884 1298 2056 1329 exercitus

193 1360 341 1390 nostram
372 1360 495 1389 terram
525 1355 687 1401 dissipant
716 1356 794 1389 nulli
823 1362 1001 1401 parcentes
1031 1360 1129 1390 sexui
1158 1357 1209 1390 uel
1240 1360 1329 1399 etati,
1360 1356 1417 1390 sed
1447 1359 1571 1390 occisis
1591 1356 1739 1402 paruulis
1760 1360 1790 1389 et
1811 1355 1948 1390 senibus
1969 1355 2057 1389 ado-

194 1418 363 1451 lescentes
394 1415 562 1450 abducunt
590 1420 624 1450 ut
653 1427 712 1450 eas
740 1421 902 1462 perpetue
932 1417 1109 1451 subiiciant
1137 1420 1299 1452 seruituti.

808 1555 889 1588 Rex
918 1554 1148 1589 Romanorum
1176 1556 1269 1590 Daci
1295 1557 1452 1590 Austrie.

349 1623 402 1658 Ex
431 1627 668 1658 insinuacione
696 1623 914 1670 quorumdam
944 1623 1088 1657 fidelium
1116 1630 1305 1659 nostrorum
1334 1628 1524 1672 accepimus
1544 1625 1631 1670 quod
1652 1625 1786 1670 quidam
1805 1636 1851 1658 ecc
1871 1623 2058 1659 baronibus

192 1686 348 1729 Austrie,
379 1685 444 1719 fide
473 1689 609 1727 mutata,
638 1696 699 1731 per
727 1685 873 1719 infidiam
903 1685 995 1729 Reqz'
1020 1684 1185 1718 Bohemie
1212 1690 1439 1732 promiserunt
1467 1689 1629 1720 assistere
1648 1688 1681 1719 in
1701 1696 1848 1732 persone
1867 1690 1900 1719 et
1919 1684 2056 1720 honoris

193 1751 247 1782 cui
275 1749 494 1793 precipicium
524 1746 675 1780 occultas
710 1746 850 1780 insidias
892 1750 1140 1788 construentes,
1182 1756 1199 1778 a
1236 1757 1372 1792 quorum
1407 1752 1439 1782 te
1468 1748 1595 1781 alienes
1625 1750 1800 1782 consorcio
1830 1757 1873 1780 ne
1901 1749 1935 1780 in
1963 1750 2057 1782 actus

193 1807 404 1841 deducantur
433 1806 583 1841 nefarios
611 1817 696 1850 quos
725 1809 878 1852 nequiter
906 1810 1147 1851 conceperunt.

702 1955 828 1988 Aliter.
862 1955 965 1998 (Rem
997 1955 1224 1989 Romanorum
1255 1954 1348 1988 Dnei
1373 1955 1552 1998 Austrie.)

350 2023 613 2058 lnsurrexerunt
642 2028 757 2057 contra
789 2029 818 2057 te
847 2024 988 2058 occultis
1020 2024 1328 2058 machinacionibus
1358 2025 1491 2069 quidam
1521 2023 1651 2058 nobiles
1685 2025 1832 2058 Austrz‘e
1864 2035 1925 2070 pro
1959 2024 2054 2069 largo

192 2085 327 2119 sollario
364 2085 456 2129 Reyi
489 2088 720 2130 promittentes
757 2088 919 2118 assistere
960 2085 1201 2127 Bohemorum,
1244 2095 1346 2130 super
1388 2084 1450 2118 hiis
1488 2087 1599 2129 itaque
1635 2095 1745 2118 curam
1782 2085 1793 2127 (
1910 2085 1924 2129 )
1954 2094 2055 2130 geras

193 2145 368 2179 sollicitam
398 2150 431 2179 ut
461 2149 554 2178 actus
585 2156 699 2178 eorum
730 2148 815 2178 uites
845 2150 1022 2179 consortes
1051 2157 1190 2191 quorum
1220 2149 1342 2180 noticia
1373 2145 1456 2191 (sic)
1486 2150 1575 2179 tenet
1604 2144 1719 2179 cedula
1749 2146 1941 2180 interclusa.

1013 2267 1244 2312 Responsiua.

350 2336 542 2381 Antequam
572 2338 666 2380 regie
694 2339 885 2370 serenitatis
917 2336 992 2370 mihi
1025 2336 1136 2371 oblate
1169 2341 1284 2371 essent
1319 2337 1426 2370 littere
1456 2336 1615 2371 baronum
1646 2346 1795 2370 meorum
1825 2335 1940 2371 dolosa
1968 2346 2055 2370 con-

195 2399 340 2442 spiracio
369 2407 443 2429 mee
472 2396 531 2430 fuit
559 2399 683 2430 noticie
713 2396 890 2442 patefacta.
927 2397 980 2431 Ad
1017 2397 1270 2443 exprimendam
1299 2401 1408 2431 autem
1445 2397 1541 2431 huius
1575 2399 1843 2442 conspiracionis
1879 2396 2053 2430 formulam

194 2457 363 2501 condigna
393 2460 592 2490 reuerencia
622 2461 786 2491 maiestati
816 2462 909 2503 regie
937 2462 1107 2492 strenuum
1144 2460 1274 2491 uirum.
1295 2458 1554 2491 .de..destino
1584 2468 1644 2503 per
1672 2469 1769 2503 quem
1798 2458 1898 2503 plene
1932 2461 1964 2490 et
1998 2457 2054 2490 lu-

195 2517 269 2551 cide
301 2520 493 2563 exprimere
522 2522 747 2564 preconcepte
774 2517 902 2553 fraudis
930 2522 1069 2553 materia
1099 2524 1130 2554 et
1158 2518 1257 2553 finale
1286 2519 1502 2564 malignitatis
1530 2521 1737 2564 propositum
1771 2529 1836 2565 quo
1869 2528 1923 2552 me
1957 2522 2055 2552 sata-

195 2582 277 2623 gunt
307 2577 386 2612 dare
416 2580 524 2611 morti.
