2184 2828
1076 116 1147 150 102

189 235 369 279 diligenter
401 236 580 280 inquirere.
635 232 770 278 Nosque
812 233 852 267 de
886 235 1056 279 premissis
1092 243 1152 278 per
1187 231 1376 276 diligentem
1414 236 1446 265 et
1482 231 1610 266 fidelem
1651 231 1845 265 relationem
1886 231 2033 277 plenarie

189 294 371 329 informare
399 297 532 328 curetis.
561 298 594 327 ut
621 293 840 327 consideratis
860 293 1066 327 facultatibus
1087 297 1119 326 et
1137 292 1293 326 oneribus
1312 291 1507 337 supradictis
1528 297 1653 326 certum
1674 295 1704 325 in
1726 295 1774 325 eis
1794 291 2032 325 Monacliorum

190 366 362 389 numerum
392 359 539 389 statuere
566 354 751 388 valeamus.
780 353 920 399 Insuper
947 358 1057 387 certos
1086 357 1117 386 et
1144 357 1321 398 perpetuos
1349 352 1494 386 redditus
1523 364 1581 398 pro
1610 352 1835 397 pensionibus,
1864 351 2032 396 Magistris

190 427 250 450 seu
278 414 545 456 instructoribus„
575 425 614 447 ac
642 414 814 448 monachis
843 414 1008 448 mittendis
1038 414 1076 447 ad
1107 413 1224 453 studia,
1252 423 1314 446 nec
1344 423 1409 446 non
1445 423 1504 458 pro
1533 413 1762 458 supplectione
1790 412 1974 446 officiorum
2002 416 2034 446 et

190 476 506 510 administrationum
548 474 816 508 insufficientium
858 474 1053 519 assignandi
1090 472 1271 507 secundum
1316 473 1452 507 l'ormam
1488 478 1521 507 et
1557 473 1699 509 modum„
1738 475 1792 517 qui
1833 475 1864 506 in
1907 472 2032 506 eisdem

191 536 453 571 ordinationibus
482 538 721 581 exprimuntur,
751 547 812 569 nec
840 546 906 569 non
934 539 968 568 ut
995 538 1025 568 in
1056 533 1261 579 exequendis
1289 536 1459 579 premissis
1488 545 1550 567 vos
1579 544 1645 567 uon
1674 535 1845 577 contingat
1873 535 2033 578 expensis

191 600 336 643 propriis
371 599 580 642 pregravari‚
616 607 675 642 pro
713 596 827 629 diebus
863 595 1012 640 singulis,
1051 594 1166 639 quibus
1202 598 1275 639 post
1316 594 1497 639 predictum
1540 593 1722 639 Capitulum
1764 592 1965 627 celebratum
2001 596 2033 627 in

190 657 338 704 predicte
376 659 584 690 executionis
625 659 857 702 prosecutione
905 656 1032 689 fueritis
1075 654 1181 688 eundo
1217 654 1373 688 morando
1415 659 1448 688 et
1487 654 1669 688 redeundo.
1711 653 1844 687 cuilibet
1884 657 2033 687 vestrum

190 717 350 762 exigendi
390 722 421 750 et
462 717 642 762 recipiendi
682 716 881 761 Octuaginta
911 716 1098 750 Turonens.
1143 717 1271 759 argenti
1311 715 1482 748 dumtaxat
1525 714 1565 748 ab
1612 714 1766 748 ecclesiis
1806 713 2032 756 MonasterHs,

190 779 330 823 aliisque
367 778 447 811 locis
483 778 640 823 predictis
683 776 964 811 Conventualibus
1001 781 1034 810 et
1078 774 1232 809 membris
1275 786 1389 808 eorum
1426 786 1574 819 congrua
1610 786 1670 820 per
1700 785 1763 807 vos
1797 774 1851 808 vel
1887 778 2032 808 vestrum

189 839 327 872 alterum
356 838 396 872 de
424 838 487 872 illis
517 841 602 871 inter
631 838 804 872 ecclesias.
834 836 1048 871 Monasteria.
1079 837 1151 870 loca
1182 839 1212 869 et
1247 835 1391 869 membra
1428 835 1574 881 predicta
1603 835 1833 868 distributione
1862 835 1960 877 sacta,
1989 837 2033 868 ita

189 899 275 943 quod
310 899 407 932 nichil
445 899 530 932 aliud
567 899 647 931 ultra
684 898 851 943 predictos
893 898 1089 942 Octuaginta
1133 896 1316 930 Turonens.
1360 899 1488 940 argenti
1531 906 1593 929 vos
1628 900 1682 929 aut
1716 895 1894 929 familiares
1928 898 2033 929 vestri

188 960 228 993 ab
258 960 423 994 eeclesiis.
453 959 677 1002 Monasterijs,
708 959 800 992 loeis.
830 959 884 992 vel
914 958 1070 992 membris
1099 957 1264 1003 predictis
1295 957 1348 990 vel
1377 969 1395 990 a
1424 957 1558 1002 prelatis
1587 967 1646 989 seu
1675 956 1848 1001 quibusvis
1879 958 2033 1002 personis

187 1023 334 1065 ipsorum
366 1025 477 1065 petere
507 1022 647 1063 exigere
677 1020 730 1052 vel
759 1022 858 1052 etiam
886 1031 904 1052 a
933 1018 1121 1052 volentibus
1142 1017 1274 1051 solvere
1295 1029 1353 1051 seu
1374 1017 1464 1059 dare,
1485 1020 1636 1062 recipere
1659 1020 1868 1062 presumatis,
1890 1016 2033 1062 alioquin

188 1083 282 1126 penis
311 1085 425 1114 eontra
454 1082 643 1113 visitatores
682 1082 711 1113 in
749 1079 1009 1112 l’rovincialibus
1045 1078 1200 1123 Capitulis
1235 1077 1449 1123 deputandos‚
1486 1089 1525 1110 ac
1560 1077 1738 1110 familiares
1780 1088 1894 1110 eorum
1922 1081 2034 1123 preter

188 1152 359 1186 expensas
389 1144 436 1173 eis
466 1143 497 1173 in
526 1139 722 1174 victualibus
751 1140 994 1177 ministrandas„
1033 1141 1206 1185 pecuniam
1241 1143 1295 1171 aut
1323 1149 1456 1171 munera
1486 1140 1686 1183 recipientes
1716 1140 1747 1170 in
1777 1137 1871 1171 dictis
1900 1139 2033 1171 consti-

188 1201 366 1234 tutionibus
401 1206 431 1234 et
467 1200 728 1234 ordinationibus
763 1203 883 1234 nostris
925 1200 1068 1233 inllietis.
1104 1210 1166 1233 vos
1207 1203 1238 1232 et
1274 1198 1451 1232 familiares
1493 1203 1627 1231 vestros
1670 1198 1836 1243 predictos
1877 1198 2032 1232 volumus

186 1261 373 1296 subiacere.
405 1260 674 1294 Contradictores
703 1272 833 1306 quoque
862 1264 893 1294 in
924 1263 1092 1306 premissis
1128 1260 1180 1292 vel
1216 1259 1323 1305 aliquo
1359 1262 1596 1304 premissorum
1626 1269 1685 1305 per
1713 1269 1888 1292 censuram
1917 1258 2033 1293 eccle-

187 1324 368 1364 siasticam,
405 1326 437 1355 et
473 1321 536 1355 alia
572 1326 756 1367 opportuna
792 1321 938 1355 remedia
976 1320 1221 1366 compescendi.
1275 1319 1346 1354 Non
1377 1319 1584 1353 obstantibus
1613 1318 1875 1365 quilmseumque
1903 1322 2032 1353 statutis

185 1387 219 1416 et
247 1382 540 1416 consuetudinilms
579 1381 822 1416 cathedralium
860 1382 1090 1423 ecclesiarium
1128 1380 1414 1422 Monasteriorum,
1450 1380 1504 1413 vel
1533 1380 1670 1413 aliorum
1708 1380 1855 1413 locorum
1884 1379 2032 1414 eiusdem

187 1443 322 1476 Ordinis
351 1454 409 1476 seu
440 1443 624 1487 Religionis
654 1443 761 1487 Regni
791 1442 928 1488 predicti
962 1444 1139 1475 contrariis
1175 1444 1374 1478 iuramentis„
1405 1440 1707 1474 confirmationilms
1743 1440 1946 1486 apostolicis,
1977 1445 2033 1474 aut

186 1503 360 1548 quibusvis
396 1503 598 1537 firmitatibus
636 1504 706 1537 aliis
742 1503 915 1537 roboratis.
974 1504 1041 1536 Seu
1079 1506 1105 1536 si
1140 1503 1238 1547 aliqui
1272 1512 1371 1547 snper
1407 1500 1653 1546 provisionibus
1691 1500 1751 1535 sibi
1788 1500 1950 1535 faciendis
1991 1500 2032 1535 de

186 1564 359 1598 beueliciis
389 1564 639 1598 Monaclialibus
669 1564 817 1597 eiusdem
846 1564 969 1597 ordinis
1007 1567 1037 1597 in
1067 1563 1183 1597 eodem
1213 1563 1330 1607 Regno
1359 1561 1533 1607 speciales.
1563 1562 1615 1594 vel
1645 1561 1822 1605 generales
1851 1561 2032 1607 apostolice

187 1625 289 1662 sedis*
320 1626 374 1659 vel
404 1629 475 1659 eius
504 1625 687 1666 legatorum
717 1625 840 1658 litteras
869 1627 1085 1670 impetrarint,
1116 1626 1242 1657 etiamsi
1272 1633 1329 1668 per
1352 1633 1409 1655 eas
1436 1622 1475 1655 ad
1497 1621 1732 1664 inliibitioneun
1755 1625 2030 1665 reservationem,

186 1690 219 1719 et
247 1686 416 1719 decretum
447 1686 500 1720 vel
529 1687 609 1719 alias
638 1684 881 1731 quomodolibet
911 1688 952 1719 sit
981 1696 1183 1730 processum.
1213 1694 1294 1729 quas
1322 1682 1451 1727 quidem
1480 1682 1605 1716 litteras
1635 1687 1667 1716 et
1695 1693 1876 1728 processus
1902 1682 2031 1717 habitos

186 1758 245 1792 per
274 1746 408 1780 easdem
438 1746 477 1780 ad
513 1746 675 1780 beneficia
712 1757 775 1791 que
804 1757 863 1791 per
899 1758 960 1779 vos
1002 1757 1060 1791 pro
1096 1747 1264 1791 premissis
1305 1747 1394 1777 iuxta
1429 1742 1565 1776 casdem
1604 1743 1831 1777 ordinationes
1860 1746 2031 1788 assignata

187 1807 319 1840 suerint.
351 1807 502 1840 volumus
532 1818 597 1840 non
627 1806 774 1848 extendi⁷
805 1811 858 1840 aut
886 1809 911 1840 si
933 1805 1130 1845 Abbatibus„
1153 1804 1308 1851 Capitulis
1329 1815 1387 1837 seu
1409 1803 1575 1837 Prioribus
1596 1803 1793 1848 supradictis
1814 1807 2032 1838 communiter

185 1868 239 1901 vel
269 1867 399 1900 divisim
429 1867 469 1900 ab
499 1867 614 1901 eadem
643 1870 682 1901 sit
712 1867 793 1900 sede
822 1878 1032 1903 coneessuun
1064 1866 1147 1912 quod
1177 1856 1224 1900 eis
1252 1876 1309 1898 seu
1340 1867 1483 1910 ipsorum
1504 1863 1717 1897 Monasteriis
1738 1868 1793 1897 aut
1812 1865 1893 1898 loeis
1923 1864 2031 1909 alique

186 1931 366 1974 pensiones
395 1930 516 1972 imponi
547 1928 599 1961 vel
629 1930 658 1961 in
689 1928 751 1961 illis
781 1930 946 1962 constitui.
975 1938 1033 1960 seu
1061 1927 1145 1973 quod
1167 1926 1205 1960 ad
1226 1925 1497 1959 coniribumm‘em
1520 1925 1573 1958 vel
1595 1925 1790 1957 solutionem
1812 1924 2032 1969 quarumlibet

185 1991 454 2034 procurationum
485 2000 544 2022 seu
573 1988 744 2029 talliarum,
776 1988 828 2021 vel
858 1990 1099 2033 impositionum
1131 1986 1310 2021 huiusmodi
1342 1988 1472 2019 minime
1502 1989 1675 2018 teneantur
1701 1985 1790 2018 etad
1813 1985 1842 2018 id
1863 1985 2028 2030 compelli,

185 2061 244 2083 seu
275 2051 302 2082 si
333 2052 411 2094 ipsis
443 2051 641 2083 coniunctim
672 2049 725 2082 vel
755 2051 935 2093 separatim
965 2061 981 2082 a
1011 2048 1137 2094 prefata
1167 2047 1246 2081 sede
1281 2046 1436 2080 indultum
1466 2048 1599 2082 existat,
1630 2045 1715 2090 quod
1745 2048 2030 2079 excmmnuuicari

186 2110 343 2154 suspendi
373 2110 426 2143 vel
457 2110 604 2143 interdici
634 2121 698 2143 non
729 2112 854 2154 possint
883 2120 941 2154 per
970 2109 1094 2142 litteras
1123 2108 1321 2154 apostolicas
1350 2118 1414 2140 non
1445 2107 1604 2139 facientes
1631 2106 1758 2150 plenam
1780 2110 1811 2139 et
1832 2117 2029 2152 expressam

185 2181 224 2202 ac
253 2170 293 2202 de
324 2170 426 2203 verbo
457 2170 495 2204 ad
526 2169 662 2203 verbum
693 2169 732 2202 de
760 2169 1036 2203 concessionibus
1057 2174 1089 2203 et
1110 2169 1240 2202 indultis
1261 2167 1441 2201 liuiusmodi
1464 2169 1674 2203 mentionem,
1696 2170 1749 2199 aut
1769 2165 2030 2212 quilniscumque

185 2230 484 2270 constitutionibus,
523 2229 796 2265 ordinationibus.
834 2231 887 2263 vel
923 2233 1065 2264 statutis.
1109 2230 1301 2275 privilegiis„
1339 2228 1548 2271 indulgentiis
1588 2227 1640 2259 vel
1682 2227 1795 2260 litteris
1837 2227 2029 2273 apostolicis

184 2291 398 2333 generalibus
429 2292 481 2324 vcl
511 2290 711 2337 specialibus
740 2293 913 2324 contrariis
949 2301 1227 2335 quorumcumque
1261 2294 1410 2323 tenorum
1447 2290 1601 2323 existant.
1633 2298 1691 2332 per
1725 2298 1788 2332 que
1818 2286 2029 2333 presentibus

184 2362 250 2384 non
287 2362 461 2395 expressa.
501 2352 554 2385 vel
593 2352 733 2385 totaliter
768 2363 831 2384 non
874 2354 1008 2393 insci-ta,
1048 2351 1184 2384 cll'ectus
1221 2360 1330 2384 earum
1367 2348 1515 2394 impediri
1554 2347 1663 2381 valeat
1697 2347 1941 2393 ‹pioniodolibet
1973 2348 2028 2381 vel

185 2411 317 2453 ‹turm-ri,
348 2415 379 2444 et
407 2412 447 2444 ile
477 2412 593 2456 quibus
623 2423 824 2456 quorumque
854 2414 930 2445 totis
960 2410 1129 2444 tenoribus
1158 2410 1306 2444 habenda
1327 2412 1418 2442 sitin
1441 2411 1563 2442 uostris
1584 2408 1699 2441 litteris
1721 2411 1842 2442 mentio
1863 2408 2027 2454 specialis,

185 2472 314 2517 plenam
345 2476 440 2516 atquc
470 2473 605 2505 liberam
637 2477 750 2506 tenore
780 2475 979 2518 presentium
1009 2471 1221 2505 concedimus
1250 2474 1457 2516 potestatem.
1490 2468 1648 2501 Volumus
1678 2473 1784 2502 autem
1814 2468 1899 2513 quod
1929 2470 2027 2502 etiam

185 2533 226 2566 de
255 2531 315 2565 biis
343 2543 406 2577 que
436 2544 523 2565 eirca
553 2535 811 2573 assignationem
841 2533 1000 2565 dictorum
1031 2532 1212 2565 reddituum
1243 2542 1300 2576 pro
1330 2529 1542 2575 pensionibus
1571 2528 1732 2573 Magistro
1760 2540 1818 2563 seu
1840 2531 2027 2562 instructori

182 2593 404 2627 claustralium
436 2591 688 2636 Mouza-borum,
718 2605 755 2626 ac
793 2592 965 2626 ‚llonacliis
1001 2592 1166 2625 mittendis
1200 2591 1239 2624 ad
1279 2590 1422 2635 predicta
1457 2590 1561 2623 studia
1601 2590 1840 2635 impendendis,
1870 2599 1932 2622 nec
1962 2599 2027 2622 non
