2184 2828
1009 97 1082 132 495

125 219 341 263 impositionis
370 214 518 249 eiusdem
548 213 676 248 decime
706 215 882 259 colligetur
903 215 1083 248 Carissimo
1112 216 1143 248 in
1165 213 1295 248 Christo
1325 213 1389 247 filio
1418 219 1533 248 nostro
1554 213 1673 248 Carolo
1703 214 1849 248 eiusdem
1870 214 1973 259 Regis

125 279 347 322 l'rimogenito
383 279 414 309 in
444 275 574 320 Regem
603 275 828 309 Romanorum
867 275 1130 321 promovendum
1165 277 1197 308 in
1232 274 1470 320 Imperatorem
1505 275 1632 314 electo„
1669 285 1708 308 ae
1745 275 1851 308 eidem
1888 275 1974 318 Regi

124 338 271 379 Romule,
302 337 356 371 vel
384 347 499 370 eorum
521 340 614 369 certo
635 339 758 369 nuncio
780 338 957 380 assignari.
987 336 1181 369 fraternitati
1203 339 1316 369 vestre
1337 346 1396 380 per
1416 336 1597 380 apostolica
1622 338 1743 381 scripta
1765 336 1973 370 mandamus.

122 400 275 443 quatinus
305 399 479 442 pecuniam
509 396 709 430 decimarum
741 400 899 442 ipsarum.
929 408 992 441 que
1021 400 1097 430 ante
1125 395 1247 429 dictum
1275 395 1397 429 festum
1426 398 1458 429 iu
1488 396 1614 429 eisdem
1635 398 1759 429 vestris
1781 395 1974 430 Civitatibus

121 463 153 492 et
182 456 400 500 Dioeesibus⁷
436 468 496 503 per
531 468 592 490 vos
622 457 677 490 vel
707 457 928 495 Collectorest
959 461 1014 491 aut
1042 456 1312 491 Subcollectores
1342 467 1444 501 super
1473 456 1534 489 hoe
1564 460 1760 490 auctoritate
1789 456 1974 502 apostoliea

121 518 296 563 deputatos
333 517 454 551 ibidem
489 517 627 551 collecta
657 518 772 560 suerit,
811 529 869 552 seu
905 518 1016 562 colligi
1045 517 1195 551 debuerit
1221 527 1281 562 pro
1318 519 1464 550 terminis
1500 521 1576 550 tunc
1606 519 1772 563 preteritis
1803 517 1975 550 solutionis

120 581 222 624 ipsius
250 582 366 612 nostro
396 582 427 611 et
449 577 592 611 Camere
622 583 737 611 nostre
765 581 900 612 nomine
921 582 1179 620 conservantes,
1207 582 1241 611 et
1260 588 1334 610 eant
1355 577 1395 610 ad
1417 576 1592 611 Camerata
1623 581 1740 623 ipsam7
1771 582 1806 612 ut
1834 580 1866 611 in
1897 588 1975 611 usus

121 639 161 672 ad
191 650 274 685 quos
304 638 458 684 deputata
487 643 537 672 est
565 638 753 684 dispensari
783 640 893 672 valeat
923 642 1182 672 transmittentes
1211 642 1311 672 totam
1341 638 1429 671 illam
1458 641 1647 684 pecuniam.
1677 650 1740 684 que
1769 638 1810 672 de
1838 638 1975 672 decimis

123 699 280 745 predictis
310 710 368 744 pro
398 701 546 732 terminis
575 700 750 732 solutionis
780 702 896 745 ipsius,
926 702 979 744 qui
1009 699 1218 733 obvenerunt
1246 711 1263 732 a
1285 699 1372 732 dicto
1392 698 1479 732 festo
1508 699 1780 733 Resurrectionis
1801 699 1976 733 Dominice

121 763 203 794 citra
227 764 258 793 et
282 759 462 794 obvenient
484 770 588 805 usque
611 759 651 793 ad
675 760 771 794 finem
795 762 1014 806 impositionis
1035 760 1132 803 illius,
1162 762 1245 793 sicut
1269 762 1421 805 superius
1444 764 1496 793 est
1518 771 1715 805 expressum
1738 760 1778 793 de
1802 760 1864 794 illis
1893 770 1976 805 pro-

122 820 275 854 ventibus
311 820 466 854 videlicet
501 820 757 862 ecclesiasticis‚
794 823 847 865 qui
878 823 1063 854 consistunt
1091 820 1176 854 Infra
1206 820 1385 854 dominium
1414 820 1520 864 Regis
1550 820 1686 854 Boemie
1717 820 1914 866 supradictiff
1946 824 1976 853 et

122 881 350 915 Vassallorum
376 881 479 922 Regis
501 882 648 914 eiusdem
678 881 818 915 collecta
842 880 949 923 suerit,
979 882 1034 915 vel
1054 884 1151 915 etiam
1172 881 1347 925 colligetur
1366 880 1492 915 eisdem
1521 880 1639 915 Electo
1668 885 1699 914 et
1720 881 1804 925 Regi
1827 881 1975 914 Boemie.

122 942 176 976 vel
213 953 326 976 eorum
361 947 453 976 certo
491 941 622 975 Nuncio
659 945 839 986 assignetis
875 953 933 976 seu
963 942 1092 976 faciatis
1122 942 1332 986 integraliter
1360 944 1544 986 assignari.
1581 942 1670 976 nullo
1706 942 1770 975 alio
1800 945 1976 987 expectato

121 1002 286 1037 mandato.
318 1002 590 1037 Contradictores
620 1007 682 1036 etc.
714 1002 792 1036 Dat.
823 1004 994 1037 Avinione
1025 1003 1085 1036 llll
1114 1002 1189 1037 Idus
1219 1002 1365 1047 Augusti
1394 1003 1495 1036 Anno
1526 1001 1658 1043 Quinto.

432 1082 517 1114 (Nat-li
543 1082 601 1107 dem
629 1082 703 1109 Orien
731 1082 847 1110 fleuisti*
865 1082 966 1108 Palist's
993 1082 1117 1108 t'lrmrns
1142 1081 1186 1107 Vl.
1213 1080 1239 1107 J.
1266 1081 1298 1107 V.
1331 1081 1372 1108 ΒΓ.
1400 1081 1460 1107 3ῖ4
1493 1083 1525 1107 im
1552 1081 1759 1107 Vaticanisclieu
1794 1081 1911 1107 Areliive
1943 1089 1972 1107 zu

535 1135 609 1160 ttoni.
659 1135 754 1160 vistim.
782 1135 919 1160 Abs-chriti
945 1136 976 1160 im
1004 1143 1036 1160 m.
1063 1138 1096 1160 st.
1121 1134 1361 1165 Lanilesarcliix'e.)

997 1254 1105 1289 (373.

123 1333 287 1366 Heinrich
320 1345 380 1367 ron
411 1333 496 1378 Lipa
526 1333 716 1378 rer-spriehl
752 1335 867 1366 seium}
900 1333 1272 1370 Ges-(⁴71wislel'ltz'mlern
1303 1333 1474 1367 Bertleold
1507 1345 1568 1366 ron
1606 1332 1689 1376 Lipa
1720 1333 1785 1366 wid
1813 1332 1977 1366 Heinrich

124 1406 186 1427 ron
218 1395 310 1427 (lima
330 1398 414 1438 jene
435 1394 594 1427 Scln'itlen
624 1406 665 1428 zu
696 1398 869 1438 ramalem.
901 1394 1026 1427 welche
1054 1396 1104 1427 sie
1133 1406 1195 1427 aas
1224 1395 1284 1427 der
1309 1396 1367 1438 fiii·
1396 1394 1603 1429 Isullwriim.
1641 1394 1762 1428 ll'ilwe
1783 1394 1840 1426 (les
1862 1393 1978 1426 [lart-

122 1454 188 1487 liet,
216 1466 280 1488 ron
311 1455 502 1488 Baskon-ie.
534 1454 709 1500 bez-iigylt'ele
740 1455 799 1488 det·
822 1456 930 1487 (iuter
951 1456 981 1487 in
1005 1454 1162 1499 (Ῑίηώηνῃ
1189 1455 1397 1499 (χθῖθῖείθΙθη
1418 1455 1629 1499 Bm‘yselmfl
1658 1455 1808 1488 erleitlen
1831 1454 1976 1488 trio-(len.

190 1516 246 1549 Dt.
278 1517 309 1549 in
340 1515 617 1549 Selmnenlmrele.
648 1515 806 1550 Sahlmlo
831 1519 911 1560 post
940 1516 1026 1548 diem
1055 1515 1085 1549 Ι).
1117 1515 1332 1550 Rartolomee'
1359 1520 1469 1561 apost.
1503 1515 1584 1557 (26.
1616 1516 1769 1559 Anffltsl)
1805 1515 1912 1548 1376.

278 1592 368 1645 Ros
396 1611 573 1645 Heinricus
603 1611 643 1645 de
673 1611 763 1657 Lypa
794 1614 1014 1656 promittimus
1044 1610 1130 1644 bona
1161 1610 1224 1645 side
1255 1611 1394 1645 Patruos
1424 1616 1560 1645 nostros
1591 1611 1787 1645 karissimos
1817 1611 1978 1644 Domitios

123 1671 312 1705 Bertoldum
351 1672 391 1705 de
427 1672 520 1717 Lypa
556 1677 588 1706 et
625 1672 817 1705 Heinricuin
847 1671 887 1704 de
918 1672 1041 1704 Ossow
1071 1671 1111 1704 ab
1141 1672 1294 1706 omnibus
1324 1672 1496 1718 dampnisff
1528 1673 1563 1706 Si
1593 1684 1657 1718 que
1685 1675 1813 1705 ratione
1842 1671 1977 1715 obliga-

120 1735 226 1767 eionis
249 1732 417 1766 Bonorum
447 1738 635 1767 nostrorum
665 1736 696 1767 in
718 1732 967 1777 Czynnenbure*
987 1731 1129 1765 Domine
1150 1732 1334 1766 Katlierine
1354 1733 1485 1767 Relicte
1506 1732 1671 1779 quondam
1699 1732 1820 1766 domini
1842 1731 1979 1765 llartlibi

123 1794 164 1827 de
196 1793 400 1828 Bozlmwicz
429 1805 489 1840 per
517 1805 579 1827 nos
609 1794 696 1827 facte
725 1805 784 1840 per
812 1792 963 1837 obstagia
995 1793 1046 1826 vel
1077 1793 1139 1826 alio
1169 1804 1379 1839 quocumque
1419 1793 1516 1827 modo
1552 1797 1726 1840 percipere
1755 1796 1978 1829 contingeret.

123 1859 217 1900 prout
247 1867 305 1901 pro
335 1854 430 1888 nobis
461 1866 497 1888 se
527 1854 742 1888 fideiussores
772 1853 857 1900 apud
887 1853 1026 1887 eandem
1049 1853 1213 1887 dominam
1235 1859 1418 1888 statuerunt
1440 1857 1470 1888 in
1493 1855 1633 1888 solidum
1664 1857 1796 1899 eripere
1817 1858 1847 1886 et
1868 1856 1980 1886 oinni-

125 1915 220 1949 mode
259 1914 465 1960 disbrigare,
503 1915 718 1959 Indole-entes
755 1918 892 1960 insuper
921 1917 980 1960 ipsi
1017 1914 1136 1947 Pati-uo
1166 1919 1279 1949 nostro
1314 1914 1458 1949 Domino
1494 1915 1651 1949 Bet-toldo
1687 1914 1857 1950 beniuolo„
1895 1913 1979 1959 quod

125 1975 346 2010 Municionem
383 1981 530 2010 nostram
568 1976 812 2010 Sunnenbiircli
849 1988 865 2009 a
901 1975 1046 2008 Sti-enno
1082 1974 1187 2009 Milite
1222 1975 1365 2009 Domino
1408 1975 1610 2010 Mai-scholio
1644 1975 1683 2009 (le
1719 1975 1883 2019 Radonyi
1920 1985 1979 2020 pro

126 2036 262 2070 Centum
293 2036 539 2082 Quinquaginta
569 2038 762 2081 Sexagenis
792 2048 866 2070 rum
896 2035 1048 2069 omnibus
1079 2038 1147 2069 suis
1175 2038 1392 2081 pertinencijS
1422 2041 1454 2071 et
1483 2036 1677 2071 vtilitatibus
1705 2034 1980 2081 quandocumque

127 2097 287 2141 placuerit
322 2099 501 2132 exsoluere
540 2098 651 2132 valeat
680 2103 776 2143 atque
807 2100 929 2143 possit.
961 2096 1002 2130 Et
1038 2099 1143 2142 ipsam
1173 2107 1246 2130 cum
1277 2101 1321 2130 tot
1348 2097 1530 2131 redditibus
1559 2102 1589 2131 et
1620 2095 1833 2143 prouentibus
1862 2095 1980 2141 quibus

126 2167 213 2190 nunc
243 2159 312 2202 ipse
340 2158 491 2192 dominus
520 2158 677 2193 Marselio
706 2163 809 2201 tenet,
840 2159 973 2191 nomine
1003 2159 1152 2202 pignoris
1182 2156 1304 2190 delicat
1332 2158 1504 2203 possidere
1540 2159 1593 2191 tali
1629 2160 1733 2191 eciam
1769 2156 1978 2199 condicione,

126 2221 153 2251 si
188 2228 252 2262 que
287 2217 426 2264 dampna
455 2220 708 2266 qualiacumque
737 2219 875 2253 suerint.
905 2220 965 2262 ipsi
997 2217 1106 2251 l'atrui
1146 2221 1249 2251 nostri
1286 2228 1345 2262 per
1373 2218 1617 2263 obligacionem
1653 2217 1892 2250 lideiussoriam
1922 2227 1983 2262 per

125 2289 187 2312 uos
209 2277 328 2311 factam
350 2283 571 2325 perciperent,
601 2285 697 2314 etex
719 2285 812 2326 parte
841 2280 990 2313 domine.
1010 2279 1177 2324 ‚predicte
1207 2281 1319 2311 moniti
1349 2278 1470 2313 suerint
1499 2284 1574 2312 tnnc
1614 2281 1682 2323 ipse
1711 2277 1863 2311 dominus
1892 2277 1981 2311 Ber-

127 2338 233 2372 teldus
263 2338 303 2371 de
332 2339 448 2373 eadem
477 2340 669 2375 Municione
698 2341 794 2375 nobis
824 2340 1100 2374 condescendere
1130 2350 1196 2372 non
1225 2338 1369 2374 debebit.
1400 2340 1467 2374 Sed
1489 2340 1572 2374 lianc
1603 2343 1718 2372 tenere
1747 2343 1778 2372 et
1807 2339 1980 2384 possidere

126 2410 200 2433 cum
229 2398 383 2432 omnibus
414 2404 444 2432 et
473 2402 613 2445 singulis
643 2405 712 2436 suis
742 2403 958 2448 pertinencijs
988 2399 1206 2446 prouentibus
1236 2403 1267 2432 et
1296 2400 1488 2434 vtilitatibus
1517 2400 1683 2443 obligatis,
1712 2399 1767 2433 vel
1796 2410 1860 2433 non
1890 2399 1979 2432 obli-

126 2463 214 2499 gatis
245 2463 274 2493 in
305 2459 564 2506 quibuscumque
592 2462 693 2496 rebus
723 2474 810 2497 nunc
830 2460 1088 2495 consistentibus
1108 2460 1163 2493 vel
1191 2463 1222 2494 in
1244 2457 1384 2494 futurum
1406 2464 1591 2495 consistere
1613 2459 1813 2505 potentibus,
1843 2463 1979 2505 quesitis

127 2520 180 2553 vel
209 2531 274 2553 non
306 2523 456 2564 quesitis.
486 2524 571 2554 sicut
601 2522 639 2555 ad
670 2527 740 2569 ipsa
772 2523 862 2557 Bona
892 2524 1122 2568 pertinuerunt
1159 2524 1336 2565 antiquitus
1365 2532 1404 2555 ac
1438 2523 1535 2567 pleno
1564 2520 1709 2555 dominio
1739 2522 1782 2555 nil
1813 2523 1904 2561 iuris„
1935 2522 1977 2554 nil

129 2584 352 2625 priiprietzitiS‚
389 2580 432 2614 nil
462 2580 593 2625 dominij
625 2594 682 2627 pro
712 2583 807 2618 nobis
836 2586 1064 2625 reseruantes,
1094 2592 1265 2628 quousque
1294 2581 1427 2616 Domini
1456 2584 1516 2628 ipsi
1547 2581 1721 2616 Bertoldus
1750 2586 1783 2616 et
1802 2581 1979 2616 lleinrieus
