2184 2828
1062 124 1132 158 142

1050 267 1151 302 19⁴.

174 348 366 393 Markyraf
377 348 468 382 Karl
485 346 630 380 rerleilct
658 347 730 380 dem
759 358 831 380 z-um
857 345 1082 381 ll'elehrader
1101 344 1243 377 Kloster
1259 343 1445 388 qeko'riqen
1465 343 1575 388 Dorse
1595 343 1762 377 Friselmn
1790 342 1852 375 das
1876 341 2019 374 Markl-

315 409 422 443 recht.
453 408 511 442 Dt.
543 408 693 449 Brmme,
723 409 756 440 in
784 407 838 440 (Ie'e
867 406 1147 439 Annuntiationis
1175 404 1217 437 B.
1248 404 1360 437 Marie
1387 405 1471 448 rit-9.
1504 404 1586 446 (25.
1616 404 1735 443 Ma'rz)
1769 400 1878 436 1338,

321 485 491 537 Karolus
521 502 640 536 domini
670 530 676 536 .
709 530 715 536 .
746 502 851 546 Regis
880 501 1017 534 Boemie
1052 500 1302 544 Primogenitus,
1337 499 1484 533 Mareliio
1522 499 1681 539 Morauim
1712 496 1871 530 Omnibus
1900 496 2020 530 Christi

174 564 324 598 fidelibus
353 562 563 610 presentibus
594 568 626 596 et
655 562 783 596 futuris.
823 562 907 595 lianc
940 564 1091 607 paginam
1130 562 1340 605 inspecturis,
1377 559 1522 593 Salutem
1555 562 1586 592 in
1618 570 1669 594 eo.
1705 561 1756 603 qui
1786 562 1836 591 est
1874 560 2020 591 omnium

175 636 255 659 vera
284 624 381 658 salus.
413 623 493 657 Cum
523 623 739 657 condiciones
769 622 933 656 hominum
964 626 996 655 et
1024 623 1150 663 meritm
1181 623 1317 654 internis
1347 621 1461 663 oculis,
1500 620 1610 654 solerti
1640 619 1815 663 diligencia
1845 621 2020 660 intuemur,

174 685 209 719 Id
239 689 354 719 nostre
382 684 648 718 consideracioni
678 684 719 716 de
748 685 951 716 necessitate
979 684 1134 717 occari-ih
1169 681 1253 726 quod
1291 681 1332 725 bij
1363 685 1437 714 sunt
1465 680 1610 714 vberiori
1646 682 1757 724 gracia
1785 677 2021 725 prosequendi,

174 749 227 791 qui
257 747 377 791 spretis
407 745 534 789 delicijs
569 744 662 778 liuius
696 743 806 777 mundi
840 743 992 787 legerunt
1020 742 1148 776 Christo
1184 741 1314 775 domino
1352 741 1513 783 famulari,
1549 740 1640 774 Sane
1676 750 1805 786 quoque
1839 742 2020 785 pensantes

174 806 313 851 qualiter
342 805 431 839 Ordo
461 805 547 839 beati
577 804 759 838 Bernliardi
790 804 1035 845 Cisterciensis.
1066 806 1151 836 inter
1179 806 1308 835 ceteros
1337 801 1483 836 ordines.
1505 813 1522 835 a
1542 803 1668 835 sanetis
1689 799 1836 846 patribus
1856 801 2022 832 institutos

174 869 242 900 vita
271 870 302 900 et
331 869 594 900 conuersacione
623 865 753 902 deuota,
784 875 860 898 esse
889 867 1037 897 noscitur
1065 863 1234 909 specuium
1263 867 1293 896 et
1329 863 1512 908 exemplar.
1556 861 1700 906 Dignum
1729 864 1843 894 nostra
1872 859 2023 893 decreuit

174 926 375 971 benignitas,
404 926 554 960 Eundem
583 925 731 959 ordinem
761 937 778 958 a
808 924 902 958 nobis
928 924 1061 963 debere,
1083 925 1248 969 precipuis
1269 922 1446 957 honoribus
1467 927 1497 956 et
1518 923 1634 968 amplis
1654 920 1822 955 fauoribus
1844 922 2022 966 preueniri,

175 986 354 1033 Cupientes
383 990 492 1033 itaque
521 989 635 1020 intuitu
666 989 900 1031 premissorum
929 984 1133 1018 Monasterio
1166 983 1262 1017 beate
1295 986 1436 1028 virginis
1465 983 1569 1017 Marie
1606 986 1635 1015 in
1664 981 1860 1026 &Velegraib
1891 980 2023 1031 Ordinis

175 1047 408 1081 Cisterciensis
438 1046 577 1093 predicti
607 1049 753 1091 graciam
784 1045 897 1079 facere
931 1045 1122 1091 specialem,
1156 1048 1192 1078 vt
1224 1047 1342 1089 ipsum,
1378 1043 1593 1089 hominesque
1622 1045 1684 1086 sui,
1721 1042 1819 1076 adiuti
1847 1040 2023 1085 heneficijs

176 1112 298 1142 nostris
332 1108 506 1155 proficiant
539 1109 765 1149 incrementis,
801 1106 1011 1140 Auctoritate
1048 1107 1259 1151 presencium
1296 1104 1501 1149 indulgemus
1543 1108 1576 1138 et
1611 1104 1776 1146 volumus,
1813 1107 1849 1136 vt
1890 1112 2024 1136 exnunc

176 1172 320 1212 inantea,
350 1168 387 1202 ln
416 1168 493 1202 villa
522 1167 715 1210 Vrisclmw,
746 1167 785 1200 ad
814 1166 996 1212 predictum
1017 1165 1286 1210 Welegradense
1305 1164 1542 1199 Monasterium
1564 1167 1760 1210 pertinente,
1781 1174 1845 1208 quc
1865 1162 2024 1209 deinceps

177 1229 318 1276 Opidum
347 1240 424 1263 esse
453 1228 645 1263 censebitur
673 1227 780 1261 sorum
809 1227 948 1272 singulis
978 1226 1070 1271 ferijs
1092 1225 1233 1270 Quintis,
1262 1228 1452 1272 septimanis
1482 1224 1689 1272 quibuslibet2
1718 1224 1818 1258 liceat
1846 1228 1879 1258 et
1906 1222 2026 1257 debeat

175 1293 345 1337 perpetuis
374 1289 575 1335 temporibus
604 1288 776 1331 celebrari,
806 1287 932 1322 Dantes
959 1290 1128 1321 Vniuersis
1155 1290 1185 1320 et
1211 1287 1347 1331 singulis
1366 1286 1492 1332 populis
1512 1285 1651 1319 eandem
1672 1285 1782 1319 villam
1802 1296 1864 1319 sev
1885 1283 2025 1330 Opidum

176 1351 332 1397 predictis
361 1350 477 1384 diebus
507 1348 696 1384 forensibus
726 1360 826 1383 causa
855 1348 985 1382 emendi
1010 1349 1061 1382 uel
1082 1347 1248 1382 vendendi
1266 1358 1320 1381 res
1341 1358 1419 1381 suas
1440 1346 1670 1392 frequentandi
1689 1346 1819 1392 plenam
1839 1349 1870 1379 et
1888 1343 2025 1378 liberam

176 1412 376 1446 facultatem.
407 1410 562 1445 Ceterum
592 1411 742 1449 volentes
772 1409 975 1456 sepedictum
996 1408 1232 1442 Monasterium
1261 1407 1517 1442 habundanciori
1537 1410 1649 1451 gracia
1669 1406 1794 1452 perfrui
1815 1409 1847 1441 et
1865 1404 2024 1450 gaudere,

176 1473 289 1506 harum
319 1475 406 1506 serie
434 1472 599 1505 literarum
628 1473 799 1505 statuimus
828 1474 861 1504 et
889 1469 1111 1511 decernimus,
1139 1474 1172 1503 vt
1199 1468 1356 1502 decetcro
1377 1467 1538 1513 prefatum
1559 1467 1808 1510 Monasterium„
1829 1469 1859 1500 in
1880 1464 2026 1512 predicta

177 1533 252 1567 villa
283 1532 474 1576 Vrischovv,
509 1543 567 1566 seu
597 1530 739 1577 Oppido,
768 1530 906 1577 Cippum
941 1535 973 1563 et
1005 1530 1183 1576 patibulum
1217 1529 1339 1563 habere
1367 1528 1497 1571 debeat,
1534 1532 1630 1574 atque
1659 1530 1773 1573 possit,
1804 1526 1844 1561 ad
1872 1525 2023 1561 animad-

175 1593 372 1628 vertendum
405 1604 464 1626 seu
498 1592 662 1626 Judicium
699 1591 899 1633 faciendum,
934 1594 966 1624 in
995 1590 1158 1636 quoslibet
1191 1590 1398 1624 facinorosos
1427 1594 1459 1623 ct
1489 1589 1605 1623 malos.
1635 1593 1670 1622 vt
1698 1593 1776 1634 puta
1804 1587 2024 1634 Spoliatores‚

175 1654 266 1689 fures
296 1658 327 1688 et
347 1653 587 1695 luceiuliarios,
617 1653 768 1686 homines
796 1651 1001 1685 condicionis
1031 1651 1199 1697 simplicis,
1228 1661 1287 1685 sev
1309 1649 1485 1684 Rusticalis
1514 1661 1572 1695 per
1592 1649 1783 1683 Conuersus
1814 1659 1874 1682 seu
1894 1647 2026 1694 Laycos

175 1715 323 1757 Judices‚
353 1718 454 1760 ipsius
483 1714 689 1758 Monasterij‚
720 1712 767 1746 lta
788 1712 872 1758 quod
894 1723 959 1745 non
981 1716 1044 1746 sint
1063 1714 1188 1746 astricti
1214 1710 1348 1745 eosdem
1373 1710 1565 1744 iudicandos
1585 1709 1737 1754 Zudarijs
1758 1707 2025 1755 prouincialibus,

177 1787 236 1811 seu
266 1775 394 1817 villicis„
425 1779 478 1809 aut
506 1775 579 1819 alijs
609 1779 697 1808 terre
725 1772 874 1807 Morauie
902 1772 1073 1807 Judieibus
1102 1772 1154 1806 uel
1189 1771 1397 1815 Justiciarijs‚
1432 1774 1486 1815 qui
1521 1782 1607 1804 nunc
1635 1775 1722 1811 sunt,
1759 1774 1814 1804 aut
1840 1773 1937 1803 erunt
1964 1778 2023 1815 pro

177 1841 336 1883 tempore.
367 1836 522 1869 decetero
552 1839 757 1881 presentare.
789 1834 823 1867 Si
853 1838 961 1867 autem
990 1834 1088 1880 aliqui
1124 1832 1331 1875 Bladicones,
1360 1843 1419 1866 seu
1455 1843 1599 1877 persone
1627 1830 1787 1865 Militares
1815 1835 1848 1864 et
1875 1829 2023 1872 Nobiles,

177 1901 209 1932 in
238 1897 333 1931 bonis
364 1899 464 1943 ipsius
493 1895 685 1940 Monasterij
722 1900 855 1941 propter
889 1895 1009 1929 delicta
1047 1904 1251 1940 quecumque
1285 1895 1408 1926 inuenti
1441 1891 1562 1926 fuerint
1598 1891 1773 1934 iudicandi,
1810 1891 1961 1925 volumus
1989 1893 2025 1924 vt

178 1959 257 1993 tales
292 1958 450 1992 dictorum
487 1957 703 1991 Zudariorum
741 1956 990 2002 prouincialium
1026 1955 1210 1990 villicorum
1245 1958 1277 1987 et
1317 1952 1467 1987 Judicum
1511 1964 1571 1987 sev
1613 1952 1875 1986 Justiciariorum
1918 1950 2025 1984 Terre

176 2019 326 2054 Morauie
354 2020 484 2054 Judicio
513 2022 740 2064 assignentur,
775 2017 826 2051 Ad
864 2017 948 2062 quod
984 2016 1114 2063 quidem
1148 2015 1308 2049 Judicium
1346 2025 1407 2048 sev
1441 2013 1728 2051 Jurisdiccimicm,
1765 2012 1826 2046 bec
1855 2011 1918 2045 due
1947 2011 2025 2045 ville

176 2080 368 2126 Monaslerij
408 2081 557 2127 predicti,
594 2084 628 2113 vt
661 2083 736 2125 puta
773 2078 892 2112 Lubicz
928 2082 960 2111 et
994 2076 1195 2122 Wulkquicz
1231 2079 1390 2121 perpetuo
1427 2073 1647 2119 pertinebunt,
1688 2072 1885 2107 Mandamus
1927 2075 2026 2117 igitur

177 2146 343 2177 vniuersis
379 2146 411 2175 et
445 2141 583 2185 singulis
620 2139 824 2173 Ol‘licialibus
859 2144 892 2172 et
925 2138 1073 2172 lidelibus
1111 2139 1233 2171 nostris
1268 2146 1328 2181 per
1360 2133 1543 2168 Morauiam
1582 2133 1792 2179 presentibus
1828 2137 1860 2167 et
1897 2132 2024 2176 suturis,

179 2205 314 2238 lirmiter
343 2208 374 2237 et
402 2202 559 2243 ‹listi-ieie,
590 2200 762 2242 Quatenus
792 2198 1026 2233 Monasterium
1058 2196 1327 2243 Welegradcnse
1355 2195 1571 2241 sepedictum„
1592 2205 1649 2227 seu
1672 2193 1833 2227 Abbatem
1855 2198 1888 2227 et
1908 2193 2026 2227 fratres

179 2267 293 2310 ipsius,
323 2267 374 2310 qui
405 2275 462 2309 pro
494 2267 642 2308 tempore
671 2260 802 2299 suerink
841 2263 871 2294 in
910 2260 971 2294 liae
1008 2262 1109 2293 nostri
1146 2258 1257 2292 indulti
1291 2259 1418 2301 gracia,
1455 2255 1612 2300 impedire
1642 2266 1704 2287 non
1735 2254 1887 2297 audeant,
1917 2265 1977 2288 sev
2006 2265 2024 2287 a

179 2336 386 2371 quocumque
423 2324 571 2370 impediri
609 2325 805 2369 permittant,
842 2325 954 2355 nostre
988 2323 1104 2363 gracie
1142 2319 1201 2353 sub
1243 2317 1386 2351 obtentu.
1444 2315 1566 2349 llarum
1610 2320 1794 2349 nostrarum
1838 2317 2024 2349 testimonio

179 2386 369 2419 litterarum.
401 2385 517 2418 Datum
549 2384 682 2417 Brunne
712 2385 742 2416 in
771 2382 824 2416 (lie
850 2382 1130 2416 Annunciationis
1160 2379 1252 2413 beate
1281 2379 1419 2421 virginis
1444 2375 1548 2410 Marie
1569 2376 1668 2409 Anno
1697 2376 1817 2410 domini
1837 2375 2023 2418 Millesimo,

180 2446 431 2480 Trecentesimo
461 2445 646 2479 Tricesimo
676 2443 815 2476 Octauo.

488 2524 555 2551 (nus
580 2523 652 2556 (li-ig.
679 2522 725 2547 aas
747 2522 904 2555 pergament
928 2522 972 2546 mit
995 2521 1081 2546 einem
1105 2519 1296 2553 gebrocbenen
1322 2516 1515 2550 Doppelsigillc
1540 2517 1572 2541 im
1592 2516 1705 2541 Areliive
1730 2515 1872 2542 desselben
1890 2514 2023 2546 Klosten,

593 2584 623 2600 im
650 2583 681 2600 ηι.
708 2578 739 2600 st.
766 2573 976 2600 Lnndesnrehivt·
1001 2572 1046 2597 Lit.
1073 2571 1101 2597 G.
1130 2571 1159 2596 ll.
1186 2579 1208 2596 n.
1237 2568 1300 2600 21.)
