2184 2828
1115 126 1189 161 698

231 253 419 283 commutat.
477 248 666 292 Verumque
702 246 777 280 licet
806 246 1053 291 solempnitates
1083 243 1331 277 dedieacionum
1361 242 1576 277 eeclesiarum
1605 254 1664 289 per
1694 253 1802 276 annos
1831 242 1979 286 singulos
2008 244 2071 276 sint

232 310 446 355 solempniter
474 307 688 345 celebrande„
718 310 790 352 ipso
810 307 943 340 domino
964 304 1152 350 exemplum
1182 304 1292 345 dante,
1322 306 1374 349 qui
1396 302 1513 336 festum
1535 303 1757 337 dedicacionis
1786 303 1894 348 templi
1920 302 2072 336 omnibus

231 371 260 404 id
296 368 492 404 facientibus
530 369 666 401 formam
704 367 784 402 dans
817 378 890 400 cum
925 366 1058 410 reliquis
1094 364 1224 409 populis
1260 364 1399 397 eandem
1430 363 1638 397 l'estiuitatein
1668 363 1895 397 celebraturus
1924 362 2070 405 aduenit,

233 433 318 465 sicut
354 432 510 474 scriptum
547 432 614 469 est,
651 426 752 460 Facta
781 431 856 461 sunt
884 428 1022 460 encenia
1052 424 1291 469 Jerosotymis„
1321 429 1352 457 et
1380 434 1498 469 yemps
1526 429 1606 466 erat,
1635 429 1667 457 et
1695 423 1883 457 ambulabat
1911 423 2012 456 Jesus
2040 425 2072 456 in

235 494 362 537 porticu
392 490 589 523 Salomonis.
622 486 781 521 Volumus
810 491 843 520 et
870 484 1081 532 presentibus
1110 484 1345 518 inviolabiliter
1365 487 1547 525 statumms,
1576 489 1610 517 ut
1638 495 1702 517 non
1724 483 1878 516 obstante
1906 483 2074 516 obserua-

231 554 328 585 cione
366 550 526 582 hactenus
562 546 690 590 hahita,
727 547 845 581 festum
882 546 1105 579 dedicacionis
1143 544 1287 577 ecclesie
1322 555 1447 590 sponse
1482 548 1514 577 et
1548 547 1658 578 matris
1692 548 1804 577 nostre
1840 542 2073 576 Olomucensis

231 614 381 657 proxima
411 609 573 642 dominica
604 612 678 653 post
706 612 842 641 octavas
870 608 1020 651 corporis
1050 604 1167 639 Christi
1196 607 1292 638 annis
1320 603 1498 649 singulis1)
1518 603 1636 637 Christi
1655 603 1804 637 fidelibus
1823 605 1943 636 votiuis
1963 602 2073 636 cordis

231 670 414 712 affectibus,
444 674 475 703 et
503 668 721 714 corporalium
752 668 898 701 laborum
919 665 1089 700 itineribus
1109 665 1278 699 effectibus
1298 667 1438 698 sinceris
1467 664 1679 698 deuotissime
1707 661 2002 709 s1·cqucntemus.2)
2032 662 2075 695 Vt

231 736 338 766 autem
368 729 519 764 omnibus
547 740 630 763 vere
658 727 880 774 penitentibus
910 731 942 760 et
970 728 1117 759 contritis
1146 728 1249 771 ipsam
1280 730 1416 758 matrem
1438 729 1583 758 nostram
1612 725 1787 758 ecclesiam
1817 722 1933 756 eadem
1962 722 2015 755 die
2043 726 2076 755 et

231 791 374 837 qualibet
402 787 568 834 dierumssj
599 793 682 822 inter
708 793 845 822 oetauas
875 787 1098 821 dedicacionis
1127 785 1413 830 frequentantibus
1441 789 1474 818 et
1501 784 1708 818 visitantibus
1738 787 1809 817 eius
1838 782 2074 828 stipendiorum

231 851 448 898 spiritualium
486 861 614 884 merces
649 860 714 882 non
743 848 826 882 desit
854 847 998 893 proficua
1029 846 1085 880 XL
1114 846 1184 880 dies
1213 846 1253 879 de
1282 848 1425 879 iniuncta
1456 848 1504 879 eis
1532 848 1716 891 penitencia
1746 847 1777 878 in
1807 844 1939 877 domino
1968 845 2073 877 mise-

230 912 403 947 ricorditer
430 911 631 944 relaxamus.
680 912 686 922 ⁸

918 960 958 986 De
981 961 1177 985 immmacione
1201 959 1391 985 ecclesiarum.

384 1024 476 1058 Licet
504 1034 611 1057 canon
641 1021 854 1068 provincialis
883 1023 991 1055 statuti
1020 1020 1126 1053 felicis
1147 1019 1394 1053 recordacionis
1415 1017 1578 1062 domini4]
1599 1017 1811 1051 wenerabilis
1833 1015 2075 1062 archiepiscopi

231 1085 475 1130 Magutinensis
511 1086 590 1117 satis
626 1082 764 1128 prouide
801 1081 861 1116 sub
890 1092 975 1127 pena
1005 1082 1366 1113 excommunicacionis
1395 1082 1459 1112 iam
1488 1078 1552 1112 late
1581 1081 1751 1112 sentencie
1779 1079 1947 1119 statuerit,
1984 1080 2021 1110 vt
2049 1078 2076 1109 si

227 1145 359 1192 quando
388 1145 528 1190 spolium
558 1144 864 1177 ecclesiastieorum
893 1141 1053 1175 bonorum
1076 1140 1196 1174 factum
1222 1140 1331 1180 fuerit„
1363 1140 1416 1174 vel
1436 1150 1611 1186 personam
1631 1140 1890 1172 eeclesiasticam
1911 1139 2075 1182 captiuam

227 1206 267 1240 ad
298 1206 437 1251 aliquem
476 1204 583 1237 locum
612 1203 729 1236 deduci
759 1205 951 1247 contigerit,
988 1212 1031 1235 ex
1060 1206 1136 1235 tunc
1166 1201 1360 1235 sacerdotes
1389 1200 1453 1234 hoc
1488 1203 1632 1234 scientes
1660 1210 1722 1232 nee
1752 1202 1946 1244 exspectato
1974 1207 2075 1242 super

227 1277 267 1300 eo
305 1268 512 1311 superiorum
550 1264 704 1297 mandato
739 1262 908 1296 abstinere
937 1261 1080 1296 debeant
1109 1273 1126 1295 a
1156 1261 1285 1296 diuinis.
1331 1260 1414 1301 Quia
1444 1265 1553 1294 tamen
1582 1263 1665 1293 sicut
1693 1259 1771 1292 facti
1807 1269 1867 1292 nos
1900 1257 2073 1291 euidencia

228 1326 373 1366 edocuit,
404 1325 547 1359 nondum
577 1324 708 1370 plenum
737 1328 853 1357 contra
883 1322 1065 1356 eorundem
1095 1323 1311 1368 spoliancium
1332 1324 1549 1355 temeritatem
1578 1325 1611 1354 et
1630 1319 1799 1354 audaciam
1821 1323 1872 1352 est
1891 1320 2074 1364 provisum.

227 1386 333 1428 Quum
358 1391 472 1419 contra
496 1385 682 1418 huiusmodi
703 1387 977 1418 constitucionem
1007 1386 1180 1427 exquisitis
1203 1382 1372 1416 fraudibus
1393 1381 1505 1415 facere
1524 1381 1717 1415 molliantur.
1748 1379 1870 1412 Verum
1892 1381 1966 1424 quia
1986 1381 2075 1412 tanto

226 1450 330 1481 maior
359 1449 419 1480 erit
448 1445 708 1491 presbiterorum
738 1444 909 1480 confusio„
939 1448 1060 1488 quanto
1095 1443 1192 1477 fuerit
1220 1454 1334 1477 eorum
1370 1442 1464 1487 culpa
1494 1444 1678 1488 pateneior.
1714 1440 1866 1474 volumus
1896 1443 1928 1472 et
1956 1442 2076 1472 statuto

226 1510 373 1553 presenti
403 1506 604 1542 addicimus„
634 1510 668 1539 ut
697 1505 736 1538 ad
766 1515 1006 1550 quemcumque
1034 1504 1141 1538 locum
1172 1504 1331 1549 deinceps
1359 1503 1494 1548 predicti
1523 1502 1735 1547 spoliatores,
1764 1511 1823 1534 seu
1852 1503 2076 1545 captiuatores

226 1569 335 1601 talium
353 1577 569 1613 personarum
587 1563 873 1609 declinauerint.5]
893 1565 946 1598 vel
967 1568 1071 1598 eciam
1092 1567 1198 1610 ipsum
1220 1564 1358 1609 spolium
1380 1563 1477 1609 plene
1496 1567 1528 1596 et
1546 1565 1675 1606 integre
1690 1561 1787 1594 fuerit
1802 1563 2000 1601 restitutum,
2020 1563 2075 1592 aut

227 1628 267 1661 de
296 1631 369 1673 ipso
398 1628 479 1660 alias
509 1638 659 1671 congrue
687 1625 887 1660 satisfactum
918 1628 1023 1658 teneri
1052 1625 1149 1658 debet
1170 1624 1287 1658 ibidem
1308 1623 1539 1658 inviolabiliter
1567 1622 1829 1655 ecclesiasticum
1854 1620 2072 1654 interdictum.

615 1722 653 1748 Ne
677 1723 773 1748 clerice?
797 1723 884 1756 iynoli
907 1726 933 1747 el
956 1725 1083 1756 apostate
1107 1720 1279 1747 secularibus
1303 1721 1425 1755 *neglectis
1449 1728 1478 1745 se
1501 1719 1680 1745 animast-eant.

383 1783 423 1817 Ut
454 1783 639 1828 periculosa
671 1782 815 1827 vagandi
845 1784 980 1815 materia
1011 1792 1051 1814 eo
1081 1781 1220 1826 amplius
1251 1780 1291 1813 de
1320 1785 1433 1813 cetero
1467 1779 1634 1823 religiosis
1663 1780 1733 1811 siue
1763 1788 1823 1811 sue
1852 1775 2075 1823 professionis

228 1845 373 1878 habitum
404 1842 638 1877 dimittentibus
667 1845 802 1877 occasio
832 1841 1058 1884 subtraliatur‚
1088 1853 1151 1887 quo
1182 1844 1286 1874 maior
1315 1843 1393 1886 ipsis
1422 1839 1582 1874 suhfuerit
1602 1840 1739 1871 materia
1761 1835 1980 1879 discurrendi,
2010 1846 2074 1880 que

230 1906 398 1951 plerisque
428 1903 549 1938 aditum
579 1903 710 1949 prebet„
741 1906 914 1936 statuimus
944 1907 978 1936 vt
1007 1903 1114 1936 nullus
1145 1901 1303 1947 deinceps
1332 1900 1544 1947 plebanorum
1580 1899 1633 1932 uel
1662 1898 1744 1932 alius
1773 1900 1970 1943 quicumque
1999 1896 2074 1929 cle-

229 1969 317 1999 ricus
356 1969 540 2011 apostatam
577 1967 813 2008 cuiuscumque
852 1963 975 1997 ordims
1011 1974 1070 2008 pro
1106 1965 1197 1996 socio
1233 1965 1264 1995 in
1299 1973 1358 1995 sua
1394 1961 1535 1995 ecclesia
1572 1961 1725 2004 recipiat„
1762 1963 1793 1992 et
1827 1968 1901 1991 euin
1931 1959 2075 1990 scienter

228 2030 375 2060 retinens
406 2031 517 2071 preter
545 2036 662 2070 penam
693 2036 710 2057 a
742 2027 812 2057 iure
841 2027 997 2069 scriptam
1027 2034 1127 2057 vnam
1157 2033 1304 2056 marcam
1333 2021 1427 2055 nobis
1457 2025 1488 2054 et
1516 2019 1750 2053 archidiacono
1779 2018 1842 2052 loci
1871 2028 1971 2052 vnum
2000 2016 2073 2050 fer-

229 2092 338 2120 tonem
362 2087 494 2120 soluere
515 2089 676 2119 teneatur.
709 2084 854 2118 Similem
876 2095 996 2130 penam
1030 2083 1177 2117 decanus
1207 2087 1237 2116 et
1259 2082 1417 2129 plebanus
1446 2083 1585 2115 vicinior
1613 2079 1674 2113 hee
1704 2082 1815 2113 sciens
1836 2083 1867 2112 et
1888 2077 1949 2112 hec
1977 2076 2073 2125 nobi-s

224 2147 435 2183 denunciare
464 2146 674 2180 dissimulans
705 2148 907 2179 incursurus.

788 2232 840 2265 De
869 2236 1027 2265 rectore
1055 2232 1251 2265 scolarum
1281 2228 1515 2275 eligendo}ss

386 2302 469 2344 Quia
499 2314 598 2348 super
627 2302 780 2346 eligendo
809 2302 997 2335 scholarum
1026 2305 1157 2335 rectore
1186 2304 1270 2334 inter
1295 2299 1484 2346 plebizanos
1513 2302 1543 2331 et
1574 2300 1718 2343 ipsarum
1748 2297 1963 2331 ecclesiarum
1993 2305 2074 2328 ree-

235 2368 323 2396 tores
353 2366 533 2397 suscitatur
562 2366 695 2396 materia
725 2373 823 2407 super
844 2362 997 2407 eligendo
1018 2366 1148 2395 rectore
1169 2364 1349 2406 questionis
1368 2363 1471 2406 ipsam
1493 2363 1648 2404 quantum
1670 2363 1720 2392 est
1734 2356 1896 2404 possibile
1917 2356 2073 2390 decidere

290 2466 312 2497 ¹)
335 2468 508 2502 solempniter
539 2469 691 2494 celebretur
719 2471 745 2493 et
776 2468 960 2494 ab'omnilms
991 2467 1102 2500 sing-uiis
1128 2467 1223 2492 Christi
1253 2470 1304 2492 etc.
1336 2463 1360 2497 2)
1391 2464 1584 2497 freqententur.
1616 2461 1640 2492 3)
1666 2465 1847 2498 sequencium.
1881 2460 1906 2496 ⁴)
1936 2460 2073 2487 Burcheri.

337 2517 360 2548 ᾖ)
386 2521 425 2545 vel
450 2522 532 2546 eciam
566 2522 650 2554 ipsum
675 2520 786 2554 spolium
812 2520 952 2545 deductum
978 2519 1069 2549 fuerit,
1102 2519 1224 2552 quamdiu
1249 2519 1298 2552 ipsi
1322 2517 1356 2543 ibi
1385 2518 1591 2551 permanserint,
1624 2524 1656 2541 eo
1689 2517 1748 2550 ipso
1779 2518 1903 2542 cessetur
1933 2523 1947 2540 a
1977 2512 2073 2539 divinis

338 2571 423 2596 donec
449 2573 530 2604 ipsum
561 2572 674 2606 spolium
708 2571 785 2606 plene
817 2575 841 2597 et
866 2571 1033 2605 integraliter
1060 2570 1138 2596 fuerit
1162 2571 1309 2596 restitutum
1341 2572 1384 2594 aut
1408 2568 1438 2593 (le
1464 2569 1522 2601 ipso
1548 2569 1611 2593 alias
1636 2577 1756 2602 congrue
1781 2568 1954 2594 satisfactum.
1990 2564 2015 2597 ⁴³)
2041 2565 2074 2590 de

340 2624 481 2656 magistris.
508 2623 551 2648 Bei
576 2624 705 2649 Fas-scau:
731 2623 768 2649 De
794 2623 933 2649 Electione
958 2623 1098 2649 Rectorum
1124 2623 1284 2649 scholarum.
