2184 2828
1071 130 1091 160 t?
1098 129 1143 161 42

184 250 269 296 quod
298 262 316 282 a
345 249 501 295 predictis
530 248 665 282 Civibus·
697 248 749 280 vel
779 258 892 280 eoi-uin
927 246 1033 291 aliquo
1068 250 1211 278 steni-am
1247 245 1299 278 vel
1334 245 1506 279 collectam
1540 246 1812 290 qualemcumque
1849 245 1901 278 vel
1933 244 2028 278 The-

185 311 315 344 loneum
345 309 475 354 aliquod
503 308 545 342 de
574 309 797 341 mercimoniis
833 311 863 340 et
898 306 999 340 rebus
1034 316 1114 350 quas
1144 305 1321 339 detulerint
1350 305 1434 339 infra
1464 305 1584 339 dictum
1613 309 1740 352 tempus
1770 316 1834 339 non
1864 308 2020 350 exigant.

183 370 243 405 sed
277 380 336 404 eos
370 379 508 403 manere
543 373 640 414 atque
675 371 816 401 transire
854 367 974 401 liberos
1010 370 1040 399 et
1076 368 1148 399 sine
1185 365 1378 399 difficultate
1418 367 1608 411 permittant
1642 367 1725 399 sicut
1761 364 2028 409 indignacionem

184 435 331 464 nostram
360 432 545 476 cupiverint
573 428 714 462 debitam
744 431 884 462 evitare.
916 427 1136 461 decernentes
1165 428 1290 459 irritum
1325 430 1355 458 et
1386 428 1482 459 inane
1518 427 1654 471 quitqnit
1682 430 1797 459 contra
1828 425 1890 458 hoc
1919 430 2028 459 actum

185 490 282 524 fuerit
311 491 363 524 vel
392 501 452 536 per
480 490 620 534 aliquem
650 493 885 534 attemptatum.
918 488 1036 520 Datum
1066 486 1201 521 Brunne
1230 491 1293 520 etc.

1061 676 1166 710 4⁰4.

192 757 250 792 Ψ.
270 784 276 790 .
296 784 322 799 .‚
355 757 466 800 [soni-q
497 768 557 789 ron
589 756 751 790 Bolemen.
782 755 895 788 stelle!
925 755 995 788 dem
1028 754 1182 786 Rraul..
1221 755 1287 797 aas
1311 754 1426 786 (ΙΙ-111111
1459 754 1519 785 der
1548 753 1847 797 tea(:leqeit·z'exete‹ete
1878 751 2031 785 Sclmld—

239 818 398 862 losiylz‘eil
427 817 481 850 die
512 828 573 850 1·οη
603 817 721 849 dessen
759 816 862 849 l'ater
889 815 1042 849 {wlhelm
1073 813 1275 847 besem-enen
1307 814 1413 847 Gsller
1444 813 1577 846 zurt‘t'els.
1609 813 1668 846 Dc.
1698 813 1837 847 Bramme
1869 811 1980 846 1237.

368 892 413 946 111
448 915 582 946 nomine
617 914 718 956 patris
755 916 784 944 el
825 912 876 944 lilii
916 915 946 943 et
982 913 1115 955 spiritns
1151 913 1255 943 sancti
1293 910 1413 942 Amen.
1453 909 1533 942 Cum
1572 908 1678 953 Regie
1714 910 1893 941 maiestatis
1929 906 2035 941 honor

187 973 353 1017 dilig-tendo
383 973 537 1006 iudiciuin
567 977 598 1006 et
627 972 780 1006 faciendo
810 974 969 1005 iusticiam
1000 982 1016 1003 a
1048 973 1227 1004 iustissimo
1257 970 1381 1003 celeste
1411 969 1517 1002 iudice
1547 969 1609 1003 deo
1638 969 1751 1002 credat
1781 973 1811 1001 et
1835 972 1947 1014 speret
1974 978 2035 1013 pro

187 1033 344 1079 operibus
373 1036 501 1067 iusticie
529 1044 711 1078 congruam
740 1035 770 1065 111
800 1032 909 1065 futuro
938 1042 975 1065 se
1004 1035 1214 1076 recepturum
1245 1030 1445 1066 mci-cedem,
1475 1033 1593 1063 iustum
1627 1034 1678 1063 est
1705 1034 1739 1062 ut
1766 1032 1797 1062 in
1827 1029 1889 1062 liiis
1918 1028 2035 1074 quibus

188 1094 308 1140 aliquid
337 1097 454 1127 iniuste
484 1093 627 1127 ablatum
657 1103 734 1127 esse
763 1093 961 1126 discernitur
989 1091 1106 1125 ordine
1134 1091 1305 1124 iudiciario
1334 1093 1539 1133 restituatur„
1569 1093 1691 1123 terreni
1719 1092 1806 1123 enim
1836 1089 1938 1134 Regis
1968 1088 2036 1122 hu-

189 1154 306 1188 militas
344 1157 449 1188 eterni
492 1154 607 1187 iudicis
646 1158 734 1187 terre
776 1153 935 1186 Bolieniie
971 1151 1148 1186 metuendo
1184 1154 1411 1186 sentenciam.
1451 1150 1604 1184 omnibus
1641 1149 1848 1196 payientibus
1886 1151 2038 1183 iniuriam

190 1219 433 1260 competentem
463 1214 561 1248 debet
588 1215 701 1248 facere
730 1216 903 1253 iusticiam„
932 1224 994 1247 1105
1023 1217 1131 1246 autem
1162 1212 1216 1244 W.
1248 1212 1323 1245 Rex
1354 1211 1513 1244 Bohemie
1547 1215 1695 1257 quartus,
1725 1215 1758 1244 ut
1786 1210 1884 1244 decet
1910 1211 2039 1254 regiam

189 1280 336 1308 nostram
366 1278 572 1308 maiestatem
600 1285 661 1320 pro
690 1274 821 1307 modulo
850 1277 962 1307 nostro
992 1273 1135 1306 divinam
1165 1276 1338 1306 veritatem
1375 1275 1514 1316 exsequi
1548 1276 1700 1317 potentes
1729 1276 1759 1304 et
1789 1271 1910 1305 domini
1938 1269 2040 1303 Braat

190 1338 419 1369 innocenciam
449 1346 493 1368 ex
523 1334 671 1368 credibili
700 1334 908 1379 ydoneorum
937 1336 1083 1367 virorum
1120 1337 1307 1367 testimonio
1343 1332 1594 1366 considerantes
1629 1332 1701 1366 loca
1735 1332 1789 1365 illa
1823 1342 1888 1376 que
1916 1330 2039 1364 domini

198 1423 205 1429 .
224 1423 231 1429 .
251 1401 318 1429 .et.
337 1400 386 1429 ,et
415 1398 463 1429 eis
493 1397 686 1435 attinencia„
716 1406 779 1439 que
808 1398 902 1440 pater
930 1405 1010 1428 suus
1038 1393 1237 1428 XVillielmus
1265 1393 1412 1439 pluribus
1443 1395 1539 1426 annis
1568 1392 1768 1426 hereditario
1796 1394 1868 1425 iure
1891 1389 2041 1438 possedit

190 1461 222 1490 et
249 1460 281 1490 in
311 1459 482 1502 pristinum
510 1467 605 1489 usum
634 1460 772 1501 paterne
800 1458 1025 1501 possessionis
1055 1454 1196 1488 reddere
1225 1454 1437 1488 decrevimus
1466 1454 1565 1498 sigilli
1590 1456 1692 1487 nostri
1717 1455 1923 1498 appensione
1942 1461 2041 1485 com—

191 1520 380 1551 munientes
409 1528 451 1550 110
479 1519 728 1551 restitucionein
758 1520 906 1550 nostram
934 1515 1157 1561 predictorum
1188 1516 1336 1549 locorum
1364 1515 1481 1559 aliquis
1517 1525 1600 1548 ausu
1629 1516 1804 1547 temerario
1832 1515 1865 1546 in
1892 1511 2041 1556 fringere

191 1582 372 1623 presumat.
403 1577 461 1611 sed
485 1582 519 1611 ut
545 1577 608 1611 hoc
634 1580 664 1610 ei
689 1576 775 1622 quod
803 1576 1010 1610 iusticialiter
1029 1578 1232 1610 restituimus
1258 1580 1363 1609 ratum
1391 1579 1422 1608 et
1448 1574 1565 1609 stabile
1585 1577 1814 1620 inperpetuum
1833 1575 2041 1619 permaneat,

192 1637 345 1684 Capellas
375 1649 439 1684 que
475 1640 507 1671 in
542 1637 668 1671 eisdem
704 1642 779 1671 sunt
815 1641 1006 1670 construe-te
1039 1636 1219 1670 secundum
1256 1638 1428 1681 pristinam
1463 1635 1683 1668 donacionem
1716 1633 1838 1668 domini
1870 1632 2042 1666 'Wilhelmi

191 1702 293 1746 patris
324 1699 513 1744 Wratizlay
539 1698 693 1732 Ecclesie
722 1697 920 1731 Cunicensis
955 1697 1108 1731 omnibus
1140 1699 1209 1730 vite
1236 1696 1374 1740 (vice‘ffl
1408 1698 1576 1742 presentis
1610 1695 1842 1729 ecclesiastico
1876 1695 1948 1727 iure
1981 1703 2041 1726 re-

192 1764 380 1794 stauramus
409 1763 443 1793 ut
470 1762 575 1793 eciam
611 1759 755 1792 ecclesia
788 1758 840 1791 illa
876 1762 1025 1792 nostrum
1060 1758 1254 1791 memoriale
1282 1760 1314 1790 in
1344 1757 1407 1791 hoc
1436 1760 1629 1802 perpetuum
1658 1756 1760 1801 possit
1787 1753 1924 1793 habere,
1954 1752 2042 1787 Acta

194 1824 267 1854 sunt
298 1820 360 1854 hec
387 1819 428 1853 ab
458 1822 693 1853 incarnacione
722 1819 843 1853 domini
872 1818 924 1853 Μυ
952 1817 1035 1852 CCO.
1065 1817 1175 1852 XXX.
1206 1817 1277 1851 Vll.
1309 1817 1428 1851 Datum
1458 1816 1592 1850 Brunne
1620 1826 1680 1861 per
1705 1825 1822 1848 manus
1851 1819 1915 1848 etc.

1065 2017 1170 2052 405.

194 2097 420 2141 Bezcilliqzttiq
456 2108 516 2130 zur
549 2095 749 2140 Abhaltmzq
782 2098 875 2129 eines
916 2094 1220 2130 Woeleemnarlctes
1255 2106 1299 2128 (m
1324 2094 1438 2138 J'edem
1470 2093 1710 2136 Donnerstaqe
1745 2092 1777 2123 in
1806 2091 1866 2124 der
1901 2088 2039 2125 Woeke.

918 2156 957 2191 O.
986 2156 1030 2190 D.
1063 2156 1101 2190 0.
1131 2156 1198 2189 med
1223 2155 1324 2189 Jahr.

352 2225 411 2278 Ε.
441 2244 493 2277 dei
520 2246 636 2288 gracia
664 2248 728 2277 etc.
758 2243 833 2277 licet
867 2243 906 2277 ad
942 2242 1151 2277 exaudienda
1185 2242 1389 2288 regularium
1424 2242 1614 2288 precamina
1648 2249 1688 2272 ca
1724 2249 1821 2284 quam
1849 2237 2044 2284 profitentur

197 2305 327 2349 Religio
356 2315 453 2350 quam
483 2304 656 2350 plurimum
684 2314 746 2338 nos
775 2303 908 2338 inducat
936 2314 1004 2337 non
1031 2305 1139 2337 minus
1167 2307 1278 2337 tamen
1306 2307 1342 2336 ut
1369 2313 1483 2336 eorum
1513 2309 1696 2335 annuamus
1722 2297 1942 2344 peticionibus
1960 2307 2045 2343 pre-

194 2367 300 2409 signis
330 2364 514 2399 honestatis
543 2364 660 2410 quibus
689 2364 888 2398 decorantur
916 2366 1059 2408 insignia
1087 2363 1169 2397 fides
1204 2367 1236 2397 et
1264 2362 1406 2397 devocio
1440 2371 1501 2396 nos
1527 2359 1710 2405 impellunt,
1739 2366 1838 2404 quam
1870 2357 1912 2392 ad
1938 2358 2045 2391 nostri

196 2429 317 2470 gerunt
345 2425 496 2459 culminis
527 2428 747 2467 maiestatem,
777 2423 945 2458 Presentis
973 2426 1074 2468 igitur
1100 2429 1218 2458 tenore
1246 2423 1414 2470 privilegii
1447 2425 1560 2456 notum
1594 2419 1666 2454 fieri
1694 2419 1848 2454 volumus
1876 2418 2046 2452 universis

197 2490 264 2519 tam
293 2485 503 2532 presentibus
538 2496 636 2530 quain
670 2485 788 2519 futuris
825 2484 918 2526 Quod
955 2495 1152 2530 quamquam
1184 2487 1258 2518 viro
1294 2486 1450 2528 gracioso
1485 2485 1517 2515 et
1550 2485 1646 2525 grato
1675 2476 2046 2514 domino..venerabili

196 2549 386 2592 preposito.
405 2545 463 2579 .de
493 2545 616 2580 Cunicz
645 2546 765 2580 dilecto
795 2545 976 2591 Capellano
1004 2550 1118 2579 nostro
1147 2547 1264 2578 intuitu
1293 2554 1354 2578 sue
1382 2542 1499 2587 regule
1527 2544 1713 2587 peticiones
1735 2551 1818 2586 quas
1840 2538 1936 2573 nobis
1961 2548 2046 2584 por-

198 2609 287 2640 rexit
320 2606 491 2640 admittere
525 2605 706 2640 debeamus
742 2610 849 2640 tamen
886 2605 1094 2640 attendentes
1128 2616 1188 2639 sue
1217 2605 1414 2639 devocionis
1441 2604 1667 2636 sinceritatem
1696 2606 1728 2636 et
1755 2600 1832 2635 fidei
1859 2601 2044 2646 puritatem,
