2184 2828
992 102 1064 136 925

980 252 1086 286 330.

104 312 148 344 0.
167 338 172 343 .
193 311 324 354 ,Ist'iniq
352 321 415 343 ton
446 311 596 345 Balanea
627 311 803 356 iiberlrti'gsl
833 314 904 346 dene
934 312 1161 356 :llarlrssrafen
1190 311 1257 343 ‘ztml
1284 306 1355 343 dem
1388 310 1559 343 Olmulz-er
1590 309 1751 353 Bs'selzose
1771 309 1870 342 Β...
1901 309 1956 342 die

103 371 284 415 Bereclungs
313 372 371 404 des
399 372 566 405 zet-,iselam
587 372 651 406 ilem
674 374 740 406 und
761 375 833 406 dem
854 374 952 407 Rom.
974 365 1157 406 ‹leaisehe'n
1177 371 1310 415 Konisse
1333 371 1379 405 R.
1400 370 1757 404 .ab:-a.s·ehliessenden
1780 370 1953 403 Frietlens.

826 434 864 469 0.
894 434 938 468 D.
970 434 1008 468 0.
1038 433 1105 466 ‘ared
1130 432 1230 466 Jakr.

255 482 344 537 Nos
374 502 482 536 O.dei
511 507 625 547 gracia
657 504 732 538 Rex
761 503 922 538 Bohemie
952 507 983 537 in
1014 502 1176 549 publicam
1215 501 1375 535 devenire
1413 505 1567 534 noticiam
1605 504 1754 547 cupimus
1783 512 1842 547 per
1870 512 1954 547 pre-

100 567 214 598 sentes
242 562 327 609 quod
347 574 407 597 nos
433 568 497 597 tam
526 565 666 599 consilio
695 564 817 599 salubri
846 567 1035 598 communiti
1064 574 1161 609 quam
1191 565 1296 596 eciam
1323 561 1454 595 domino
1474 561 1511 595 B.
1534 561 1717 596 venerabili
1739 561 1955 596 Olomucensi

99 623 270 670 Episcopo
303 624 551 658 ordinacionem
592 629 686 671 pacis
724 630 757 659 et
794 625 974 659 concordie
1012 628 1097 658 inter
1130 624 1295 657 dominum
1332 622 1371 656 R.
1408 622 1534 667 Regem
1570 623 1795 657 Romanorum
1834 627 1866 656 et
1892 634 1954 656 nos

99 688 332 719 committimus
360 689 475 719 tenore
504 689 712 731 presencium
743 686 929 720 faciendam
960 690 993 719 ut
1031 685 1150 718 hiidem
1180 684 1301 717 domini
1337 682 1486 717 Marchio
1526 689 1557 717 et
1585 684 1772 730 Episcopus
1802 685 1956 719 ordinent

101 751 133 780 et
161 746 337 792 disponant
363 745 404 779 de
433 746 493 780 liiis
523 747 674 780 omnibus
703 759 766 792 que
796 747 834 781 ad
864 758 980 793 pacem
1011 751 1043 780 et
1072 745 1285 779 concordiam
1315 748 1539 790 spectaverint
1574 745 1632 779 sed
1667 745 1752 790 quod
1788 748 1869 792 ipsis
1898 749 1956 780 vi-

101 806 229 840 debitur
257 807 428 853 expefflre,
458 813 561 841 ratum
592 812 624 841 ct
652 808 781 842 firmum
812 807 972 841 habentes
1002 806 1146 852 quitquid
1179 805 1295 851 prefati
1328 805 1449 838 domini
1479 805 1627 839 Mareliio
1657 811 1686 839 ct
1707 805 1894 852 Episcopus
1915 807 1955 840 ad

100 879 217 914 pacem
245 878 305 902 seu
333 868 546 902 concordiam
578 868 761 902 huiusmodi
791 868 946 902 duxerint
974 868 1201 901 ordinandam.

978 998 1085 1033 352.

101 1058 271 1103 0.Ko'm‘9
298 1069 362 1092 vole
391 1058 541 1092 Bolemen
571 1058 696 1103 besreit
725 1059 779 1093 ‹Ic'e
816 1059 953 1103 Baryel·
987 1070 1048 1092 rou
1084 1058 1188 1091 Il'ole'm
1224 1057 1342 1101 heltelss
1379 1058 1439 1091 ‹ler-
1474 1058 1700 1103 Bes‘csle'fflmq
1728 1059 1822 1092 ilcrer
1850 1059 1954 1093 Sladl

98 1120 164 1163 auf
183 1121 257 1153 vier
283 1119 392 1153 Jahre
423 1130 486 1153 con
506 1119 597 1153 allen
617 1119 813 1163 Kolleltten,
836 1119 997 1163 Sleewru,
1023 1119 1151 1152 Zinsen
1171 1119 1236 1152 mal
1264 1118 1553 1163 illitectleabgyczbefft.
1578 1120 1616 1153 O.
1639 1120 1683 1154 D.
1708 1121 1745 1154 Ο.
1767 1122 1834 1154 und
1852 1121 1953 1154 Jahr.

252 1178 340 1232 'Ros
377 1197 486 1231 O.dei
523 1201 636 1241 gracia
676 1203 738 1232 etc.
778 1203 889 1232 notum
926 1198 995 1231 lieri
1034 1199 1186 1231 volumus
1220 1202 1284 1231 etc.
1322 1197 1407 1242 quod
1446 1198 1597 1232 volentes
1631 1203 1663 1232 ut
1691 1202 1810 1233 civitas
1840 1205 1954 1235 nostra

95 1258 233 1293 Colonie
261 1258 354 1293 fortis
383 1259 460 1292 valli
491 1262 670 1292 munimine
699 1259 884 1293 roboretur.
917 1263 1018 1305 ipsius
1050 1260 1202 1292 Civitatis
1232 1258 1360 1292 civibus
1391 1270 1408 1291 a
1437 1258 1523 1292 festo
1553 1259 1638 1293 beati
1670 1259 1757 1294 Petri
1784 1260 1893 1295 futuro
1914 1262 1954 1295 ad

95 1324 235 1365 quatuor
268 1331 427 1353 annorum
466 1323 614 1365 spacium
653 1320 915 1366 percompletum
952 1320 1133 1365 plenariam
1170 1323 1401 1353 concessimus
1439 1319 1637 1361 libertatem,
1674 1320 1721 1354 Ita
1752 1322 1837 1367 quod
1868 1323 1953 1356 infra

97 1380 278 1426 predictum
316 1385 455 1425 quatuor
489 1392 650 1414 annorum
688 1386 816 1426 tempus
853 1380 893 1413 ab
931 1383 1018 1413 oinni
1054 1381 1273 1414 exsolucione
1302 1379 1444 1414 collecte
1473 1391 1531 1413 seu
1561 1385 1673 1415 stem-c
1702 1393 1825 1416 census
1855 1388 1955 1429 atque

96 1441 240 1475 thelonei
269 1443 333 1475 sint
362 1441 453 1475 liberi
485 1446 517 1474 ct
545 1445 698 1475 inmunes
728 1453 790 1475 nec
819 1441 859 1474 ad
891 1442 1144 1475 exsolucioucm
1174 1440 1315 1474 collecte
1336 1451 1395 1474 seu
1417 1445 1530 1474 stcure
1550 1453 1671 1476 census
1691 1447 1790 1488 atque
1811 1443 1954 1478 thelonei

94 1502 299 1547 aliquatenus
335 1513 396 1548 per
433 1502 572 1547 aliquem
612 1502 867 1548 compellantur„
908 1502 967 1535 scd
1001 1504 1230 1548 permittantur
1268 1500 1362 1534 liberi
1400 1506 1432 1534 et
1466 1502 1562 1535 soluti
1597 1502 1795 1537 Mandantes
1839 1509 1955 1538 tenore

94 1564 260 1608 presentis
288 1564 497 1596 instrumenti
527 1565 693 1596 universis
723 1565 910 1609 purcraviis
940 1562 1125 1596 Bai-onibus
1154 1561 1310 1595 Militibus
1340 1566 1372 1595 et
1400 1562 1580 1596 Clientibus
1607 1563 1751 1597 thelonia
1772 1565 1955 1610 possiden-

95 1622 181 1657 tibus
210 1633 249 1656 ac
277 1626 399 1657 ceteris
429 1623 643 1657 theloneariis
673 1635 732 1669 per
760 1623 926 1657 districtus
956 1626 1061 1656 nostri
1090 1622 1223 1656 dominii
1253 1625 1445 1657 constitutis
1478 1635 1519 1657 nc
1540 1636 1556 1656 a
1579 1624 1672 1658 dictis
1693 1623 1829 1659 Civibus
1850 1625 1954 1660 Colo-

94 1682 266 1718 niensibus
294 1695 366 1717 cum
396 1687 621 1718 mercimoniis
652 1689 684 1717 et
711 1683 811 1717 rebus
841 1683 1039 1729 quibuslibet
1066 1683 1324 1730 procedentibus
1346 1684 1465 1729 aliquid
1494 1687 1630 1718 racione
1653 1685 1796 1719 thelonei
1817 1690 1955 1732 exigant

95 1745 154 1780 sed
183 1756 242 1779 eos
272 1747 411 1779 transire
440 1744 542 1779 libere
571 1749 603 1778 et
631 1745 741 1779 solute
769 1748 968 1790 permittant,
999 1744 1067 1790 Ipsi
1097 1749 1205 1778 autem
1236 1747 1330 1778 cives
1368 1745 1452 1778 inl'ra
1486 1745 1635 1791 prefatos
1672 1751 1813 1792 quatuor
1849 1759 1955 1782 annos

94 1805 255 1840 fossatum
285 1809 372 1839 circa
402 1808 570 1840 civitatem
599 1804 714 1839 fodent
743 1808 774 1839 in
804 1816 842 1839 ca
873 1805 1096 1851 profunditate
1135 1804 1220 1849 quod
1251 1816 1362 1838 murus
1401 1808 1452 1851 qui
1491 1806 1531 1839 ab
1561 1818 1637 1852 ymo
1673 1809 1774 1852 ipsius
1805 1808 1954 1843 Civitatis

94 1877 198 1912 usque
227 1869 380 1913 superius
408 1878 426 1899 a
456 1867 559 1900 latere
588 1869 732 1900 civitatis
762 1869 910 1909 erigetur
941 1866 993 1899 vcl
1024 1868 1139 1910 viginti
1170 1867 1319 1899 ulnarum
1350 1871 1536 1912 computato
1564 1867 1742 1901 bareliiano
1772 1872 1824 1914 qui
1854 1880 1955 1915 super

96 1927 235 1961 eundem
265 1938 390 1961 murum
421 1930 481 1960 erit
509 1937 605 1971 quem
644 1929 743 1960 ctiam
775 1938 899 1960 murum
930 1938 1003 1959 cum
1033 1926 1214 1960 barcliiano
1244 1926 1365 1960 hiidem
1400 1928 1501 1961 Cives
1538 1932 1765 1973 constringent
1803 1933 1954 1964 circum-

95 1997 224 2033 quaque
253 1991 387 2033 erigent
414 1991 509 2022 etiam
540 1998 666 2021 murum
706 1987 746 2021 ab
785 1987 835 2021 illa
870 1991 965 2033 parte
1001 1990 1082 2020 muri
1112 1990 1164 2033 qui
1194 1991 1339 2021 occurrit
1367 1992 1521 2034 pennitus
1551 1988 1649 2022 obvia
1679 1989 1852 2024 Civitatem
1882 2002 1950 2026 vo-

97 2047 238 2082 lentibus
274 2049 402 2094 ingredi
440 2048 480 2082 ab
515 2060 593 2095 ymo
628 2048 747 2083 fossati
782 2060 886 2094 usque
922 2048 962 2082 ad
998 2049 1209 2095 equalitatem
1246 2053 1334 2081 terre
1372 2053 1524 2094 superius
1554 2053 1729 2083 eminentis
1759 2051 1892 2095 facient,
1923 2057 1953 2086 et

96 2105 258 2142 fossatum
287 2111 392 2155 ipsum
422 2115 486 2144 tam
515 2109 669 2155 amplum7
699 2109 784 2155 quod
814 2110 992 2154 supercilio
1021 2112 1136 2150 lateris
1170 2108 1223 2142 ubi
1261 2108 1450 2143 barcltanus
1486 2113 1567 2145 crit.
1608 2122 1712 2156 usquc
1752 2114 1782 2144 in
1819 2112 1954 2147 alterius

98 2170 210 2212 lateris
239 2170 461 2214 supercilium,
490 2170 543 2204 ubi
573 2181 684 2203 murus
716 2173 777 2203 erit
806 2174 893 2203 terre
923 2169 1149 2204 tantummodo
1183 2174 1369 2215 exequatus
1405 2174 1468 2204 sint
1503 2173 1618 2214 viginti
1658 2172 1733 2205 ulnc
1769 2175 1799 2205 in
1837 2177 1953 2208 trans-

97 2240 232 2263 versum
268 2233 301 2263 et
335 2229 398 2264 hoc
430 2243 448 2265 a
484 2236 575 2277 parte
615 2232 779 2276 superiori
815 2230 955 2264 deducta
994 2242 1054 2276 per
1089 2241 1232 2264 vacuum
1267 2230 1352 2264 linea
1390 2232 1605 2265 transversali
1643 2232 1779 2266 inl'erius
1808 2244 1889 2268 vero
1919 2237 1951 2268 in

99 2288 201 2323 fundo
229 2291 334 2334 ipsius
362 2289 478 2325 rossan
508 2296 555 2325 tot
582 2292 732 2325 ulnarum
763 2293 910 2337 spacium
940 2293 1087 2325 intererit
1117 2302 1161 2324 ex
1191 2295 1384 2326 transverso
1413 2292 1498 2338 quod
1529 2292 1712 2325 secundum
1741 2295 1952 2340 equipollen-

99 2353 185 2384 ciam
230 2352 436 2394 superiorum
476 2355 783 2398 proporcionatam,
827 2352 1043 2397 amplitudine
1084 2350 1250 2385 videbitur
1289 2353 1472 2398 expedireq
1519 2352 1594 2386 huic
1630 2358 1738 2387 autem
1774 2359 1863 2400 operi
1903 2359 1952 2390 sic

100 2414 195 2445 erunt
223 2410 327 2444 seduli
357 2414 389 2443 et
417 2414 531 2446 intenti
561 2418 594 2446 ut
623 2413 707 2446 inl'ra
729 2411 890 2458 prefatum
912 2417 1053 2458 quatuor
1072 2423 1233 2446 annorum
1255 2416 1400 2458 spacium
1424 2413 1506 2446 idem
1528 2424 1611 2458 opus
1631 2417 1671 2447 sit
1691 2417 1949 2461 percompletum

100 2475 133 2504 et
167 2475 201 2504 ut
238 2474 327 2505 tanto
357 2471 472 2505 melius
501 2472 668 2507 deducere
702 2474 835 2506 valcant
864 2473 902 2506 ad
933 2473 1097 2515 ell'ectuim
1129 2473 1245 2507 damus
1275 2477 1323 2507 eis
1353 2479 1536 2520 proventus
1568 2485 1627 2507 nos
1655 2479 1888 2521 contingentes
1919 2480 1950 2510 in

100 2533 202 2577 ipsius
232 2530 384 2565 Civitatis
415 2531 532 2565 iudicio
562 2545 621 2579 per
650 2533 810 2580 prefatum
842 2537 971 2579 tempus
1001 2533 1221 2579 possidendos
1250 2538 1281 2568 et
1310 2534 1544 2581 percipiendos
1573 2539 1606 2569 et
1634 2538 1663 2569 in
1694 2538 1862 2570 utilitatem
1886 2548 1949 2571 an—

102 2591 214 2626 tedicti
244 2595 356 2638 operis
385 2594 644 2628 convertendos.

1751 2659 1805 2684 1¹?
