<?xml version="1.0" encoding="UTF-8"?>
<!DOCTYPE html PUBLIC "-//W3C//DTD XHTML 1.0 Transitional//EN"
    "http://www.w3.org/TR/xhtml1/DTD/xhtml1-transitional.dtd">
<html xmlns="http://www.w3.org/1999/xhtml" xml:lang="en" lang="en">
 <head>
  <title>
</title>
<meta http-equiv="Content-Type" content="text/html;charset=utf-8" />
  <meta name='ocr-system' content='tesseract 3.04.00' />
  <meta name='ocr-capabilities' content='ocr_page ocr_carea ocr_par ocr_line ocrx_word'/>
</head>
<body>
  <div class='ocr_page' id='page_1' title='image "./codexdiplomaticu07morauoft_1117.png"; bbox 0 0 2184 2828; ppageno 0'>
   <div class='ocr_carea' id='block_1_1' title="bbox 993 67 1060 102">
    <p class='ocr_par' dir='ltr' id='par_1_1' title="bbox 993 67 1060 102">
     <span class='ocr_line' id='line_1_1' title="bbox 993 67 1060 102; baseline 0 -1"><span class='ocrx_word' id='word_1_1' title='bbox 993 67 1060 102; x_wconf 71' lang='lat'>981</span> 
     </span>
    </p>
   </div>
   <div class='ocr_carea' id='block_1_2' title="bbox 965 120 1179 124">
    <p class='ocr_par' dir='ltr' id='par_1_2' title="bbox 965 120 1179 124">
     <span class='ocr_line' id='line_1_2' title="bbox 965 120 1179 124; baseline 0 0"><span class='ocrx_word' id='word_1_2' title='bbox 965 120 1179 124; x_wconf 95' lang='lat' dir='ltr'> </span> 
     </span>
    </p>
   </div>
   <div class='ocr_carea' id='block_1_3' title="bbox 99 183 1965 768">
    <p class='ocr_par' dir='ltr' id='par_1_3' title="bbox 99 183 1965 660">
     <span class='ocr_line' id='line_1_3' title="bbox 100 183 1962 231; baseline -0.004 -7"><span class='ocrx_word' id='word_1_3' title='bbox 100 193 262 226; x_wconf 87' lang='lat' dir='ltr'>stituo-et</span> <span class='ocrx_word' id='word_1_4' title='bbox 289 188 406 223; x_wconf 84' lang='lat' dir='ltr'>ordino</span> <span class='ocrx_word' id='word_1_5' title='bbox 435 189 619 222; x_wconf 77' lang='lat' dir='ltr'>discretum</span> <span class='ocrx_word' id='word_1_6' title='bbox 648 190 757 221; x_wconf 75' lang='lat' dir='ltr'>uirum</span> <span class='ocrx_word' id='word_1_7' title='bbox 784 190 980 231; x_wconf 86' lang='lat' dir='ltr'>magistrum</span> <span class='ocrx_word' id='word_1_8' title='bbox 1010 187 1203 231; x_wconf 84' lang='lat' dir='ltr'>presentem</span> <span class='ocrx_word' id='word_1_9' title='bbox 1232 187 1264 217; x_wconf 87' lang='lat' dir='ltr'>et</span> <span class='ocrx_word' id='word_1_10' title='bbox 1291 183 1481 218; x_wconf 85' lang='lat' dir='ltr'>mandatum</span> <span class='ocrx_word' id='word_1_11' title='bbox 1511 188 1630 229; x_wconf 82' lang='lat' dir='ltr'>sponte</span> <span class='ocrx_word' id='word_1_12' title='bbox 1657 188 1689 217; x_wconf 93' lang='lat' dir='ltr'>et</span> <span class='ocrx_word' id='word_1_13' title='bbox 1713 186 1962 230; x_wconf 65' lang='lat' dir='ltr'>suscipientem,</span> 
     </span>
     <span class='ocr_line' id='line_1_4' title="bbox 100 243 1962 295; baseline -0.005 -10"><span class='ocrx_word' id='word_1_14' title='bbox 100 261 209 286; x_wconf 87' lang='lat' dir='ltr'>meum</span> <span class='ocrx_word' id='word_1_15' title='bbox 236 260 354 283; x_wconf 90' lang='lat' dir='ltr'>verum</span> <span class='ocrx_word' id='word_1_16' title='bbox 383 253 416 282; x_wconf 89' lang='lat' dir='ltr'>et</span> <span class='ocrx_word' id='word_1_17' title='bbox 445 250 627 294; x_wconf 85' lang='lat' dir='ltr'>legitimum</span> <span class='ocrx_word' id='word_1_18' title='bbox 657 251 909 295; x_wconf 87' lang='lat' dir='ltr'>procuratorem</span> <span class='ocrx_word' id='word_1_19' title='bbox 931 246 972 280; x_wconf 88' lang='lat' dir='ltr'>ad</span> <span class='ocrx_word' id='word_1_20' title='bbox 993 243 1235 292; x_wconf 86' lang='lat' dir='ltr'>impetrandum</span> <span class='ocrx_word' id='word_1_21' title='bbox 1257 243 1384 278; x_wconf 79' lang='lat' dir='ltr'><strong>litteras</strong></span> <span class='ocrx_word' id='word_1_22' title='bbox 1413 249 1478 278; x_wconf 90' lang='lat' dir='ltr'>etc.</span> <span class='ocrx_word' id='word_1_23' title='bbox 1510 248 1543 278; x_wconf 87' lang='lat' dir='ltr'>ut</span> <span class='ocrx_word' id='word_1_24' title='bbox 1571 254 1670 289; x_wconf 88' lang='lat' dir='ltr'>supra</span> <span class='ocrx_word' id='word_1_25' title='bbox 1699 248 1825 279; x_wconf 86' lang='lat' dir='ltr'>stantes</span> <span class='ocrx_word' id='word_1_26' title='bbox 1854 243 1962 278; x_wconf 89' lang='lat' dir='ltr'>eidem</span> 
     </span>
     <span class='ocr_line' id='line_1_5' title="bbox 99 304 1962 359; baseline -0.005 -13"><span class='ocrx_word' id='word_1_27' title='bbox 99 313 312 359; x_wconf 84' lang='lat' dir='ltr'>procuratori</span> <span class='ocrx_word' id='word_1_28' title='bbox 340 309 471 356; x_wconf 79' lang='lat' dir='ltr'>plenam</span> <span class='ocrx_word' id='word_1_29' title='bbox 501 314 533 343; x_wconf 89' lang='lat' dir='ltr'>et</span> <span class='ocrx_word' id='word_1_30' title='bbox 561 309 699 344; x_wconf 80' lang='lat' dir='ltr'>liberam</span> <span class='ocrx_word' id='word_1_31' title='bbox 729 312 930 355; x_wconf 91' lang='lat' dir='ltr'>potestatem</span> <span class='ocrx_word' id='word_1_32' title='bbox 959 304 1180 341; x_wconf 89' lang='lat' dir='ltr'>substituendi</span> <span class='ocrx_word' id='word_1_33' title='bbox 1209 304 1307 338; x_wconf 92' lang='lat' dir='ltr'>alium</span> <span class='ocrx_word' id='word_1_34' title='bbox 1336 304 1387 338; x_wconf 93' lang='lat' dir='ltr'>uel</span> <span class='ocrx_word' id='word_1_35' title='bbox 1418 305 1500 340; x_wconf 91' lang='lat' dir='ltr'>alios</span> <span class='ocrx_word' id='word_1_36' title='bbox 1529 308 1767 350; x_wconf 83' lang='lat' dir='ltr'>procuratores</span> <span class='ocrx_word' id='word_1_37' title='bbox 1795 309 1829 339; x_wconf 89' lang='lat' dir='ltr'>et</span> <span class='ocrx_word' id='word_1_38' title='bbox 1855 306 1962 351; x_wconf 87' lang='lat' dir='ltr'>ipsum</span> 
     </span>
     <span class='ocr_line' id='line_1_6' title="bbox 99 365 1964 418; baseline -0.004 -12"><span class='ocrx_word' id='word_1_39' title='bbox 99 371 153 406; x_wconf 91' lang='lat' dir='ltr'>uel</span> <span class='ocrx_word' id='word_1_40' title='bbox 199 374 292 418; x_wconf 89' lang='lat' dir='ltr'>ipsos</span> <span class='ocrx_word' id='word_1_41' title='bbox 332 369 514 404; x_wconf 86' lang='lat' dir='ltr'>reuocandi</span> <span class='ocrx_word' id='word_1_42' title='bbox 549 372 710 416; x_wconf 82' lang='lat' dir='ltr'>quociens</span> <span class='ocrx_word' id='word_1_43' title='bbox 745 368 807 404; x_wconf 92' lang='lat' dir='ltr'>sibi</span> <span class='ocrx_word' id='word_1_44' title='bbox 849 366 1012 402; x_wconf 90' lang='lat' dir='ltr'>uidebitur</span> <span class='ocrx_word' id='word_1_45' title='bbox 1052 370 1262 413; x_wconf 80' lang='lat' dir='ltr'>oportunum,</span> <span class='ocrx_word' id='word_1_46' title='bbox 1300 370 1333 399; x_wconf 89' lang='lat' dir='ltr'>et</span> <span class='ocrx_word' id='word_1_47' title='bbox 1368 365 1408 399; x_wconf 90' lang='lat' dir='ltr'>ad</span> <span class='ocrx_word' id='word_1_48' title='bbox 1445 367 1556 400; x_wconf 88' lang='lat' dir='ltr'>omnia</span> <span class='ocrx_word' id='word_1_49' title='bbox 1594 369 1625 399; x_wconf 91' lang='lat' dir='ltr'>et</span> <span class='ocrx_word' id='word_1_50' title='bbox 1653 365 1782 410; x_wconf 87' lang='lat' dir='ltr'>singula</span> <span class='ocrx_word' id='word_1_51' title='bbox 1812 376 1876 411; x_wconf 89' lang='lat' dir='ltr'>que</span> <span class='ocrx_word' id='word_1_52' title='bbox 1903 375 1964 411; x_wconf 90' lang='lat' dir='ltr'>per</span> 
     </span>
     <span class='ocr_line' id='line_1_7' title="bbox 100 425 1964 477; baseline -0.004 -11"><span class='ocrx_word' id='word_1_53' title='bbox 100 443 220 467; x_wconf 88' lang='lat' dir='ltr'>verum</span> <span class='ocrx_word' id='word_1_54' title='bbox 249 436 282 466; x_wconf 89' lang='lat' dir='ltr'>et</span> <span class='ocrx_word' id='word_1_55' title='bbox 308 432 490 476; x_wconf 84' lang='lat' dir='ltr'>legitimum</span> <span class='ocrx_word' id='word_1_56' title='bbox 519 434 772 477; x_wconf 88' lang='lat' dir='ltr'>procuratorem</span> <span class='ocrx_word' id='word_1_57' title='bbox 802 428 873 463; x_wconf 88' lang='lat' dir='ltr'>fieri</span> <span class='ocrx_word' id='word_1_58' title='bbox 901 432 1043 475; x_wconf 83' lang='lat' dir='ltr'>possunt</span> <span class='ocrx_word' id='word_1_59' title='bbox 1071 431 1105 461; x_wconf 83' lang='lat' dir='ltr'>et</span> <span class='ocrx_word' id='word_1_60' title='bbox 1133 437 1197 472; x_wconf 89' lang='lat' dir='ltr'>que</span> <span class='ocrx_word' id='word_1_61' title='bbox 1224 428 1257 460; x_wconf 94' lang='lat' dir='ltr'>in</span> <span class='ocrx_word' id='word_1_62' title='bbox 1286 428 1421 472; x_wconf 89' lang='lat' dir='ltr'>propria</span> <span class='ocrx_word' id='word_1_63' title='bbox 1451 437 1598 472; x_wconf 89' lang='lat' dir='ltr'>persona</span> <span class='ocrx_word' id='word_1_64' title='bbox 1627 435 1761 471; x_wconf 89' lang='lat' dir='ltr'>possem</span> <span class='ocrx_word' id='word_1_65' title='bbox 1792 425 1907 460; x_wconf 87' lang='lat' dir='ltr'>facere</span> <span class='ocrx_word' id='word_1_66' title='bbox 1936 428 1964 460; x_wconf 89' lang='lat' dir='ltr'>si</span> 
     </span>
     <span class='ocr_line' id='line_1_8' title="bbox 100 486 1965 540; baseline -0.004 -13"><span class='ocrx_word' id='word_1_67' title='bbox 100 503 242 540; x_wconf 88' lang='lat' dir='ltr'>presens</span> <span class='ocrx_word' id='word_1_68' title='bbox 271 502 394 526; x_wconf 87' lang='lat' dir='ltr'>essem.</span> <span class='ocrx_word' id='word_1_69' title='bbox 424 490 623 525; x_wconf 88' lang='lat' dir='ltr'>Promittens</span> <span class='ocrx_word' id='word_1_70' title='bbox 652 501 705 524; x_wconf 90' lang='lat' dir='ltr'>me</span> <span class='ocrx_word' id='word_1_71' title='bbox 732 494 839 524; x_wconf 88' lang='lat' dir='ltr'>ratum</span> <span class='ocrx_word' id='word_1_72' title='bbox 869 493 901 523; x_wconf 88' lang='lat' dir='ltr'>et</span> <span class='ocrx_word' id='word_1_73' title='bbox 929 489 1056 523; x_wconf 84' lang='lat' dir='ltr'>firmum</span> <span class='ocrx_word' id='word_1_74' title='bbox 1086 486 1271 521; x_wconf 88' lang='lat' dir='ltr'>habiturum</span> <span class='ocrx_word' id='word_1_75' title='bbox 1301 486 1448 533; x_wconf 89' lang='lat' dir='ltr'>quidquit</span> <span class='ocrx_word' id='word_1_76' title='bbox 1483 497 1542 533; x_wconf 92' lang='lat' dir='ltr'>per</span> <span class='ocrx_word' id='word_1_77' title='bbox 1575 486 1759 532; x_wconf 89' lang='lat' dir='ltr'>predictum</span> <span class='ocrx_word' id='word_1_78' title='bbox 1796 497 1965 532; x_wconf 91' lang='lat' dir='ltr'>procura-</span> 
     </span>
     <span class='ocr_line' id='line_1_9' title="bbox 101 546 1965 597; baseline -0.004 -10"><span class='ocrx_word' id='word_1_79' title='bbox 101 558 220 597; x_wconf 79' lang='lat' dir='ltr'>torem,</span> <span class='ocrx_word' id='word_1_80' title='bbox 249 551 302 587; x_wconf 90' lang='lat' dir='ltr'>uel</span> <span class='ocrx_word' id='word_1_81' title='bbox 330 550 554 595; x_wconf 74' lang='lat' dir='ltr'>substitutum,</span> <span class='ocrx_word' id='word_1_82' title='bbox 586 555 640 585; x_wconf 90' lang='lat' dir='ltr'>aut</span> <span class='ocrx_word' id='word_1_83' title='bbox 670 549 867 584; x_wconf 86' lang='lat' dir='ltr'>substitutos</span> <span class='ocrx_word' id='word_1_84' title='bbox 896 548 936 584; x_wconf 91' lang='lat' dir='ltr'>ab</span> <span class='ocrx_word' id='word_1_85' title='bbox 972 552 1045 596; x_wconf 90' lang='lat' dir='ltr'>ipso</span> <span class='ocrx_word' id='word_1_86' title='bbox 1079 552 1111 582; x_wconf 92' lang='lat' dir='ltr'>in</span> <span class='ocrx_word' id='word_1_87' title='bbox 1141 549 1315 594; x_wconf 86' lang='lat' dir='ltr'>premissis</span> <span class='ocrx_word' id='word_1_88' title='bbox 1344 551 1375 580; x_wconf 86' lang='lat' dir='ltr'>et</span> <span class='ocrx_word' id='word_1_89' title='bbox 1404 546 1549 592; x_wconf 84' lang='lat' dir='ltr'>quolibet</span> <span class='ocrx_word' id='word_1_90' title='bbox 1592 549 1828 593; x_wconf 85' lang='lat' dir='ltr'>premissorum</span> <span class='ocrx_word' id='word_1_91' title='bbox 1866 546 1965 580; x_wconf 90' lang='lat' dir='ltr'>fuerit</span> 
     </span>
     <span class='ocr_line' id='line_1_10' title="bbox 101 617 325 660; baseline -0.013 -11"><span class='ocrx_word' id='word_1_92' title='bbox 101 617 325 660; x_wconf 82' lang='lat' dir='ltr'>acceptatum.</span> 
     </span>
    </p>

    <p class='ocr_par' dir='ltr' id='par_1_4' title="bbox 257 668 1938 717">
     <span class='ocr_line' id='line_1_11' title="bbox 257 668 1938 717; baseline -0.004 -10"><span class='ocrx_word' id='word_1_93' title='bbox 257 672 294 707; x_wconf 94' lang='lat' dir='ltr'>In</span> <span class='ocrx_word' id='word_1_94' title='bbox 323 676 416 706; x_wconf 90' lang='lat' dir='ltr'>cuius</span> <span class='ocrx_word' id='word_1_95' title='bbox 445 675 493 706; x_wconf 88' lang='lat' dir='ltr'>rei</span> <span class='ocrx_word' id='word_1_96' title='bbox 522 675 746 706; x_wconf 86' lang='lat' dir='ltr'>testimonium</span> <span class='ocrx_word' id='word_1_97' title='bbox 777 681 918 717; x_wconf 88' lang='lat' dir='ltr'>presens</span> <span class='ocrx_word' id='word_1_98' title='bbox 946 671 1209 716; x_wconf 81' lang='lat' dir='ltr'>procuratorium</span> <span class='ocrx_word' id='word_1_99' title='bbox 1240 670 1415 715; x_wconf 90' lang='lat' dir='ltr'>procuraui</span> <span class='ocrx_word' id='word_1_100' title='bbox 1446 668 1554 711; x_wconf 75' lang='lat' dir='ltr'>sigillo</span> <span class='ocrx_word' id='word_1_101' title='bbox 1584 668 1717 714; x_wconf 91' lang='lat' dir='ltr'>capituli</span> <span class='ocrx_word' id='word_1_102' title='bbox 1747 670 1938 714; x_wconf 90' lang='lat' dir='ltr'>premuniri.</span> 
     </span>
    </p>

    <p class='ocr_par' dir='ltr' id='par_1_5' title="bbox 258 733 471 768">
     <span class='ocr_line' id='line_1_12' title="bbox 258 733 471 768; baseline -0.009 0"><span class='ocrx_word' id='word_1_103' title='bbox 258 733 378 768; x_wconf 79' lang='lat' dir='ltr'>Datum</span> <span class='ocrx_word' id='word_1_104' title='bbox 407 738 471 767; x_wconf 89' lang='lat' dir='ltr'>etc.</span> 
     </span>
    </p>
   </div>
   <div class='ocr_carea' id='block_1_4' title="bbox 382 860 1681 906">
    <p class='ocr_par' dir='ltr' id='par_1_6' title="bbox 382 860 1681 906">
     <span class='ocr_line' id='line_1_13' title="bbox 382 860 1681 906; baseline -0.002 -12"><span class='ocrx_word' id='word_1_105' title='bbox 382 860 550 906; x_wconf 77' lang='lat' dir='ltr'>Princeps</span> <span class='ocrx_word' id='word_1_106' title='bbox 580 861 672 905; x_wconf 79' lang='lat' dir='ltr'>apud</span> <span class='ocrx_word' id='word_1_107' title='bbox 699 860 905 894; x_wconf 75' lang='lat' dir='ltr'>consiliares</span> <span class='ocrx_word' id='word_1_108' title='bbox 934 871 1148 895; x_wconf 77' lang='lat' dir='ltr'>roneanorum</span> <span class='ocrx_word' id='word_1_109' title='bbox 1179 860 1321 906; x_wconf 79' lang='lat' dir='ltr'>quedam</span> <span class='ocrx_word' id='word_1_110' title='bbox 1351 870 1440 894; x_wconf 77' lang='grc' dir='ltr'><em>ηοηα</em></span> <span class='ocrx_word' id='word_1_111' title='bbox 1469 861 1681 892; x_wconf 79' lang='lat' dir='ltr'>sciscitatur.</span> 
     </span>
    </p>
   </div>
   <div class='ocr_carea' id='block_1_5' title="bbox 99 929 1973 1342">
    <p class='ocr_par' dir='ltr' id='par_1_7' title="bbox 99 929 1973 1342">
     <span class='ocr_line' id='line_1_14' title="bbox 259 929 1972 977; baseline -0.002 -12"><span class='ocrx_word' id='word_1_112' title='bbox 259 930 364 965; x_wconf 84' lang='lat' dir='ltr'>Fama</span> <span class='ocrx_word' id='word_1_113' title='bbox 393 935 536 965; x_wconf 88' lang='lat' dir='ltr'>testante</span> <span class='ocrx_word' id='word_1_114' title='bbox 565 933 770 976; x_wconf 89' lang='lat' dir='ltr'>presumisse</span> <span class='ocrx_word' id='word_1_115' title='bbox 804 941 821 964; x_wconf 90' lang='lat' dir='ltr'>a</span> <span class='ocrx_word' id='word_1_116' title='bbox 850 929 1000 976; x_wconf 87' lang='lat' dir='ltr'>pluribus</span> <span class='ocrx_word' id='word_1_117' title='bbox 1029 930 1115 977; x_wconf 88' lang='lat' dir='ltr'>quod</span> <span class='ocrx_word' id='word_1_118' title='bbox 1145 929 1267 963; x_wconf 92' lang='lat' dir='ltr'>domini</span> <span class='ocrx_word' id='word_1_119' title='bbox 1296 931 1399 963; x_wconf 86' lang='lat' dir='ltr'>nostri</span> <span class='ocrx_word' id='word_1_120' title='bbox 1429 930 1522 973; x_wconf 67' lang='lat' dir='ltr'>regis</span> <span class='ocrx_word' id='word_1_121' title='bbox 1551 939 1765 962; x_wconf 75' lang='lat' dir='ltr'>romanorum</span> <span class='ocrx_word' id='word_1_122' title='bbox 1797 931 1972 962; x_wconf 86' lang='lat' dir='ltr'>transsitus</span> 
     </span>
     <span class='ocr_line' id='line_1_15' title="bbox 100 988 1972 1037; baseline -0.003 -11"><span class='ocrx_word' id='word_1_123' title='bbox 100 996 133 1026; x_wconf 94' lang='lat' dir='ltr'>in</span> <span class='ocrx_word' id='word_1_124' title='bbox 162 992 264 1026; x_wconf 92' lang='lat' dir='ltr'>multo</span> <span class='ocrx_word' id='word_1_125' title='bbox 294 994 467 1026; x_wconf 79' lang='lat' dir='ltr'>exercitus</span> <span class='ocrx_word' id='word_1_126' title='bbox 496 994 546 1025; x_wconf 88' lang='lat' dir='ltr'>sui</span> <span class='ocrx_word' id='word_1_127' title='bbox 574 991 697 1025; x_wconf 91' lang='lat' dir='ltr'>robore</span> <span class='ocrx_word' id='word_1_128' title='bbox 726 1002 744 1024; x_wconf 88' lang='lat' dir='ltr'>a</span> <span class='ocrx_word' id='word_1_129' title='bbox 780 995 892 1037; x_wconf 89' lang='lat' dir='ltr'>partes</span> <span class='ocrx_word' id='word_1_130' title='bbox 921 993 1102 1036; x_wconf 80' lang='lat' dir='ltr'>attingatur</span> <span class='ocrx_word' id='word_1_131' title='bbox 1135 990 1296 1035; x_wconf 76' lang='lat' dir='ltr'>Turinqz’e</span> <span class='ocrx_word' id='word_1_132' title='bbox 1331 989 1385 1023; x_wconf 89' lang='lat' dir='ltr'>vbi</span> <span class='ocrx_word' id='word_1_133' title='bbox 1422 988 1551 1023; x_wconf 90' lang='lat' dir='ltr'>nobiles</span> <span class='ocrx_word' id='word_1_134' title='bbox 1587 994 1677 1023; x_wconf 88' lang='lat' dir='ltr'>terre</span> <span class='ocrx_word' id='word_1_135' title='bbox 1711 989 1750 1022; x_wconf 85' lang='lat' dir='ltr'>ad</span> <span class='ocrx_word' id='word_1_136' title='bbox 1784 999 1843 1022; x_wconf 81' lang='lat' dir='ltr'>sua</span> <span class='ocrx_word' id='word_1_137' title='bbox 1886 999 1972 1035; x_wconf 92' lang='lat' dir='ltr'>pro-</span> 
     </span>
     <span class='ocr_line' id='line_1_16' title="bbox 99 1049 1971 1099; baseline -0.002 -12"><span class='ocrx_word' id='word_1_138' title='bbox 99 1056 193 1099; x_wconf 88' lang='lat' dir='ltr'>ponit</span> <span class='ocrx_word' id='word_1_139' title='bbox 227 1055 370 1087; x_wconf 87' lang='lat' dir='ltr'>inuitare</span> <span class='ocrx_word' id='word_1_140' title='bbox 405 1052 566 1098; x_wconf 84' lang='lat' dir='ltr'>obsequia</span> <span class='ocrx_word' id='word_1_141' title='bbox 603 1063 744 1097; x_wconf 88' lang='lat' dir='ltr'>regnum</span> <span class='ocrx_word' id='word_1_142' title='bbox 782 1051 948 1085; x_wconf 77' lang='lat' dir='ltr'>Bokemz’e</span> <span class='ocrx_word' id='word_1_143' title='bbox 982 1051 1155 1086; x_wconf 86' lang='lat' dir='ltr'>hostilibus</span> <span class='ocrx_word' id='word_1_144' title='bbox 1190 1049 1380 1085; x_wconf 83' lang='lat' dir='ltr'>incursibus</span> <span class='ocrx_word' id='word_1_145' title='bbox 1424 1060 1628 1095; x_wconf 81' lang='lat' dir='ltr'>agressurus</span> <span class='ocrx_word' id='word_1_146' title='bbox 1665 1054 1699 1083; x_wconf 89' lang='lat' dir='ltr'>ut</span> <span class='ocrx_word' id='word_1_147' title='bbox 1734 1052 1834 1094; x_wconf 88' lang='lat' dir='ltr'>igitur</span> <span class='ocrx_word' id='word_1_148' title='bbox 1876 1059 1971 1084; x_wconf 89' lang='lat' dir='ltr'>suam</span> 
     </span>
     <span class='ocr_line' id='line_1_17' title="bbox 99 1111 1971 1160; baseline -0.003 -12"><span class='ocrx_word' id='word_1_149' title='bbox 99 1116 312 1160; x_wconf 89' lang='lat' dir='ltr'>presenciam</span> <span class='ocrx_word' id='word_1_150' title='bbox 341 1124 437 1159; x_wconf 89' lang='lat' dir='ltr'>quam</span> <span class='ocrx_word' id='word_1_151' title='bbox 467 1117 688 1158; x_wconf 80' lang='lat' dir='ltr'>expectamus</span> <span class='ocrx_word' id='word_1_152' title='bbox 718 1111 987 1146; x_wconf 87' lang='lat' dir='ltr'>desiderabiliter</span> <span class='ocrx_word' id='word_1_153' title='bbox 1016 1124 1055 1146; x_wconf 89' lang='lat' dir='ltr'>ea</span> <span class='ocrx_word' id='word_1_154' title='bbox 1084 1123 1148 1157; x_wconf 89' lang='lat' dir='ltr'>qua</span> <span class='ocrx_word' id='word_1_155' title='bbox 1179 1112 1277 1145; x_wconf 85' lang='lat' dir='ltr'>decet</span> <span class='ocrx_word' id='word_1_156' title='bbox 1306 1111 1441 1145; x_wconf 86' lang='lat' dir='ltr'>honoris</span> <span class='ocrx_word' id='word_1_157' title='bbox 1463 1113 1581 1144; x_wconf 88' lang='lat' dir='ltr'>intueri</span> <span class='ocrx_word' id='word_1_158' title='bbox 1601 1112 1835 1144; x_wconf 85' lang='lat' dir='ltr'>reuerenciam</span> <span class='ocrx_word' id='word_1_159' title='bbox 1856 1114 1971 1144; x_wconf 91' lang='lat' dir='ltr'>uestre</span> 
     </span>
     <span class='ocr_line' id='line_1_18' title="bbox 99 1173 1971 1220; baseline -0.003 -11"><span class='ocrx_word' id='word_1_160' title='bbox 99 1174 263 1209; x_wconf 88' lang='lat' dir='ltr'>industrie</span> <span class='ocrx_word' id='word_1_161' title='bbox 297 1176 583 1220; x_wconf 84' lang='lat' dir='ltr'>preeminenciain</span> <span class='ocrx_word' id='word_1_162' title='bbox 627 1173 848 1219; x_wconf 88' lang='lat' dir='ltr'>deprecamur</span> <span class='ocrx_word' id='word_1_163' title='bbox 883 1177 1047 1218; x_wconf 90' lang='lat' dir='ltr'>quatenus</span> <span class='ocrx_word' id='word_1_164' title='bbox 1083 1173 1180 1207; x_wconf 92' lang='lat' dir='ltr'>huius</span> <span class='ocrx_word' id='word_1_165' title='bbox 1213 1182 1394 1219; x_wconf 89' lang='lat' dir='ltr'>processus</span> <span class='ocrx_word' id='word_1_166' title='bbox 1437 1174 1692 1216; x_wconf 42' lang='lat' dir='ltr'>cognicionemf</span> <span class='ocrx_word' id='word_1_167' title='bbox 1729 1181 1793 1216; x_wconf 89' lang='lat' dir='ltr'>que</span> <span class='ocrx_word' id='word_1_168' title='bbox 1822 1175 1971 1205; x_wconf 90' lang='lat' dir='ltr'>nostrum</span> 
     </span>
     <span class='ocr_line' id='line_1_19' title="bbox 99 1231 1973 1279; baseline -0.003 -10"><span class='ocrx_word' id='word_1_169' title='bbox 99 1238 247 1270; x_wconf 88' lang='lat' dir='ltr'>animum</span> <span class='ocrx_word' id='word_1_170' title='bbox 275 1246 320 1269; x_wconf 83' lang='lat' dir='ltr'>ex</span> <span class='ocrx_word' id='word_1_171' title='bbox 348 1235 456 1268; x_wconf 86' lang='lat' dir='ltr'>multis</span> <span class='ocrx_word' id='word_1_172' title='bbox 486 1237 688 1268; x_wconf 89' lang='lat' dir='ltr'>coniecturis</span> <span class='ocrx_word' id='word_1_173' title='bbox 717 1233 825 1268; x_wconf 86' lang='lat' dir='ltr'>reddit</span> <span class='ocrx_word' id='word_1_174' title='bbox 856 1233 1047 1279; x_wconf 83' lang='lat' dir='ltr'>ambiguum</span> <span class='ocrx_word' id='word_1_175' title='bbox 1086 1235 1319 1268; x_wconf 88' lang='lat' dir='ltr'>insinuacione</span> <span class='ocrx_word' id='word_1_176' title='bbox 1354 1237 1444 1266; x_wconf 91' lang='lat' dir='ltr'>certa</span> <span class='ocrx_word' id='word_1_177' title='bbox 1474 1236 1658 1266; x_wconf 89' lang='lat' dir='ltr'>uestrarum</span> <span class='ocrx_word' id='word_1_178' title='bbox 1689 1231 1870 1265; x_wconf 86' lang='lat' dir='ltr'>litterarum</span> <span class='ocrx_word' id='word_1_179' title='bbox 1899 1234 1973 1265; x_wconf 90' lang='lat' dir='ltr'>sine</span> 
     </span>
     <span class='ocr_line' id='line_1_20' title="bbox 99 1286 1503 1342; baseline -0.003 -12"><span class='ocrx_word' id='word_1_180' title='bbox 99 1286 250 1342; x_wconf 68' lang='lat' dir='ltr'>quolibet</span> <span class='ocrx_word' id='word_1_181' title='bbox 273 1295 448 1330; x_wconf 90' lang='lat' dir='ltr'>interuallo</span> <span class='ocrx_word' id='word_1_182' title='bbox 479 1298 638 1341; x_wconf 88' lang='lat' dir='ltr'>temporis</span> <span class='ocrx_word' id='word_1_183' title='bbox 668 1295 778 1329; x_wconf 87' lang='lat' dir='ltr'>uelitis</span> <span class='ocrx_word' id='word_1_184' title='bbox 808 1299 997 1329; x_wconf 89' lang='lat' dir='ltr'>nostrarum</span> <span class='ocrx_word' id='word_1_185' title='bbox 1028 1305 1164 1340; x_wconf 89' lang='lat' dir='ltr'>precum</span> <span class='ocrx_word' id='word_1_186' title='bbox 1193 1297 1308 1328; x_wconf 87' lang='lat' dir='ltr'>intuitu</span> <span class='ocrx_word' id='word_1_187' title='bbox 1339 1296 1503 1340; x_wconf 87' lang='lat' dir='ltr'>apperire.</span> 
     </span>
    </p>
   </div>
   <div class='ocr_carea' id='block_1_6' title="bbox 967 1443 1093 1476">
    <p class='ocr_par' dir='ltr' id='par_1_8' title="bbox 967 1443 1093 1476">
     <span class='ocr_line' id='line_1_21' title="bbox 967 1443 1093 1476; baseline -0.008 0"><span class='ocrx_word' id='word_1_188' title='bbox 967 1443 1093 1476; x_wconf 66' lang='lat' dir='ltr'>Aliter.</span> 
     </span>
    </p>
   </div>
   <div class='ocr_carea' id='block_1_7' title="bbox 97 1510 1974 1803">
    <p class='ocr_par' dir='ltr' id='par_1_9' title="bbox 97 1510 1974 1803">
     <span class='ocr_line' id='line_1_22' title="bbox 254 1510 1972 1557; baseline -0.003 -10"><span class='ocrx_word' id='word_1_189' title='bbox 254 1512 471 1547; x_wconf 88' lang='lat' dir='ltr'>Incumbente</span> <span class='ocrx_word' id='word_1_190' title='bbox 506 1515 630 1547; x_wconf 89' lang='lat' dir='ltr'>nostris</span> <span class='ocrx_word' id='word_1_191' title='bbox 667 1516 847 1557; x_wconf 83' lang='lat' dir='ltr'>terrigenis</span> <span class='ocrx_word' id='word_1_192' title='bbox 884 1512 1150 1546; x_wconf 87' lang='lat' dir='ltr'>meticulositatis</span> <span class='ocrx_word' id='word_1_193' title='bbox 1185 1510 1316 1545; x_wconf 88' lang='lat' dir='ltr'>turbine</span> <span class='ocrx_word' id='word_1_194' title='bbox 1351 1522 1394 1545; x_wconf 78' lang='lat' dir='ltr'>ex</span> <span class='ocrx_word' id='word_1_195' title='bbox 1425 1514 1564 1544; x_wconf 87' lang='lat' dir='ltr'>transitu</span> <span class='ocrx_word' id='word_1_196' title='bbox 1595 1510 1716 1543; x_wconf 84' lang='lat' dir='ltr'>domini</span> <span class='ocrx_word' id='word_1_197' title='bbox 1747 1512 1849 1543; x_wconf 86' lang='lat' dir='ltr'>nostri</span> <span class='ocrx_word' id='word_1_198' title='bbox 1881 1511 1972 1554; x_wconf 73' lang='lat' dir='ltr'>reyis</span> 
     </span>
     <span class='ocr_line' id='line_1_23' title="bbox 97 1571 1970 1620; baseline -0.003 -12"><span class='ocrx_word' id='word_1_199' title='bbox 97 1585 315 1608; x_wconf 85' lang='lat' dir='ltr'>romanorum</span> <span class='ocrx_word' id='word_1_200' title='bbox 352 1578 405 1620; x_wconf 86' lang='lat' dir='ltr'>qui</span> <span class='ocrx_word' id='word_1_201' title='bbox 442 1585 639 1620; x_wconf 83' lang='lat' dir='ltr'>processum</span> <span class='ocrx_word' id='word_1_202' title='bbox 678 1578 726 1607; x_wconf 84' lang='lat' dir='ltr'>sui</span> <span class='ocrx_word' id='word_1_203' title='bbox 764 1577 893 1619; x_wconf 74' lang='lat' dir='ltr'>copiosi</span> <span class='ocrx_word' id='word_1_204' title='bbox 930 1576 1102 1607; x_wconf 77' lang='lat' dir='ltr'>exercitus</span> <span class='ocrx_word' id='word_1_205' title='bbox 1138 1573 1178 1606; x_wconf 90' lang='lat' dir='ltr'>ad</span> <span class='ocrx_word' id='word_1_206' title='bbox 1221 1577 1335 1618; x_wconf 91' lang='lat' dir='ltr'>partes</span> <span class='ocrx_word' id='word_1_207' title='bbox 1379 1571 1540 1616; x_wconf 72' lang='lat' dir='ltr'>&#39;I&#39;uriuyz&#39;e</span> <span class='ocrx_word' id='word_1_208' title='bbox 1569 1572 1700 1615; x_wconf 67' lang='lat' dir='ltr'>diriget,</span> <span class='ocrx_word' id='word_1_209' title='bbox 1731 1575 1764 1604; x_wconf 85' lang='lat' dir='ltr'>ut</span> <span class='ocrx_word' id='word_1_210' title='bbox 1794 1571 1970 1604; x_wconf 90' lang='lat' dir='ltr'>multorum</span> 
     </span>
     <span class='ocr_line' id='line_1_24' title="bbox 97 1630 1974 1682; baseline -0.003 -13"><span class='ocrx_word' id='word_1_211' title='bbox 97 1639 238 1670; x_wconf 87' lang='lat' dir='ltr'>testatur</span> <span class='ocrx_word' id='word_1_212' title='bbox 266 1635 433 1682; x_wconf 90' lang='lat' dir='ltr'>eloquium</span> <span class='ocrx_word' id='word_1_213' title='bbox 463 1634 647 1681; x_wconf 83' lang='lat' dir='ltr'>prudencie</span> <span class='ocrx_word' id='word_1_214' title='bbox 676 1639 790 1668; x_wconf 89' lang='lat' dir='ltr'>uestre</span> <span class='ocrx_word' id='word_1_215' title='bbox 820 1633 1083 1668; x_wconf 74' lang='lat' dir='ltr'>exuberanciam</span> <span class='ocrx_word' id='word_1_216' title='bbox 1120 1636 1263 1679; x_wconf 89' lang='lat' dir='ltr'>petimus</span> <span class='ocrx_word' id='word_1_217' title='bbox 1299 1633 1477 1677; x_wconf 82' lang='lat' dir='ltr'>diligencia</span> <span class='ocrx_word' id='word_1_218' title='bbox 1513 1643 1576 1678; x_wconf 87' lang='lat' dir='ltr'>qua</span> <span class='ocrx_word' id='word_1_219' title='bbox 1613 1641 1792 1677; x_wconf 87' lang='lat' dir='ltr'>possumus</span> <span class='ocrx_word' id='word_1_220' title='bbox 1821 1630 1974 1677; x_wconf 89' lang='lat' dir='ltr'>ampliori</span> 
     </span>
     <span class='ocr_line' id='line_1_25' title="bbox 100 1691 1972 1742; baseline -0.003 -12"><span class='ocrx_word' id='word_1_221' title='bbox 100 1700 263 1742; x_wconf 88' lang='lat' dir='ltr'>quatenus</span> <span class='ocrx_word' id='word_1_222' title='bbox 294 1696 492 1730; x_wconf 83' lang='lat' dir='ltr'>hesitantem</span> <span class='ocrx_word' id='word_1_223' title='bbox 530 1706 632 1741; x_wconf 91' lang='lat' dir='ltr'>super</span> <span class='ocrx_word' id='word_1_224' title='bbox 661 1695 722 1729; x_wconf 85' lang='lat' dir='ltr'>hiis</span> <span class='ocrx_word' id='word_1_225' title='bbox 753 1699 902 1728; x_wconf 85' lang='lat' dir='ltr'>nostrum</span> <span class='ocrx_word' id='word_1_226' title='bbox 934 1697 1077 1728; x_wconf 90' lang='lat' dir='ltr'>animum</span> <span class='ocrx_word' id='word_1_227' title='bbox 1108 1696 1311 1727; x_wconf 74' lang='lat' dir='ltr'>extensione</span> <span class='ocrx_word' id='word_1_228' title='bbox 1340 1698 1529 1727; x_wconf 86' lang='lat' dir='ltr'>uestrarum</span> <span class='ocrx_word' id='word_1_229' title='bbox 1561 1693 1742 1726; x_wconf 81' lang='lat' dir='ltr'>litterarum</span> <span class='ocrx_word' id='word_1_230' title='bbox 1774 1691 1813 1725; x_wconf 88' lang='lat' dir='ltr'>ad</span> <span class='ocrx_word' id='word_1_231' title='bbox 1841 1696 1972 1737; x_wconf 87' lang='lat' dir='ltr'>portam</span> 
     </span>
     <span class='ocr_line' id='line_1_26' title="bbox 98 1756 536 1803; baseline -0.002 -13"><span class='ocrx_word' id='word_1_232' title='bbox 98 1756 307 1791; x_wconf 87' lang='lat' dir='ltr'>certitudinis</span> <span class='ocrx_word' id='word_1_233' title='bbox 335 1757 536 1803; x_wconf 89' lang='lat' dir='ltr'>perducatis.</span> 
     </span>
    </p>
   </div>
   <div class='ocr_carea' id='block_1_8' title="bbox 99 1892 1975 2313">
    <p class='ocr_par' dir='ltr' id='par_1_10' title="bbox 271 1892 1801 1942">
     <span class='ocr_line' id='line_1_27' title="bbox 271 1892 1801 1942; baseline -0.003 -13"><span class='ocrx_word' id='word_1_234' title='bbox 271 1896 433 1942; x_wconf 78' lang='lat' dir='ltr'>Reqm&#39;rit</span> <span class='ocrx_word' id='word_1_235' title='bbox 458 1898 622 1940; x_wconf 78' lang='lat' dir='ltr'>princeps</span> <span class='ocrx_word' id='word_1_236' title='bbox 651 1907 672 1928; x_wconf 81' lang='grc' dir='ltr'>(ι</span> <span class='ocrx_word' id='word_1_237' title='bbox 696 1896 856 1939; x_wconf 73' lang='lat' dir='ltr'>principe</span> <span class='ocrx_word' id='word_1_238' title='bbox 885 1896 981 1927; x_wconf 69' lang='lat' dir='ltr'>cuim</span> <span class='ocrx_word' id='word_1_239' title='bbox 1008 1898 1142 1938; x_wconf 77' lang='lat' dir='ltr'>partem</span> <span class='ocrx_word' id='word_1_240' title='bbox 1173 1895 1264 1926; x_wconf 72' lang='lat' dir='ltr'>i&#39;nler</span> <span class='ocrx_word' id='word_1_241' title='bbox 1292 1894 1531 1926; x_wconf 75' lang='lat' dir='ltr'>discordantes</span> <span class='ocrx_word' id='word_1_242' title='bbox 1557 1894 1679 1935; x_wconf 73' lang='lat' dir='ltr'>fouere</span> <span class='ocrx_word' id='word_1_243' title='bbox 1709 1892 1801 1925; x_wconf 67' lang='lat' dir='ltr'>velit.</span> 
     </span>
    </p>

    <p class='ocr_par' dir='ltr' id='par_1_11' title="bbox 99 1963 1975 2313">
     <span class='ocr_line' id='line_1_28' title="bbox 255 1963 1969 2010; baseline -0.004 -10"><span class='ocrx_word' id='word_1_244' title='bbox 255 1965 436 2000; x_wconf 80' lang='lat' dir='ltr'>Affinitatis</span> <span class='ocrx_word' id='word_1_245' title='bbox 473 1966 579 1999; x_wconf 87' lang='lat' dir='ltr'>littera</span> <span class='ocrx_word' id='word_1_246' title='bbox 615 1976 677 2010; x_wconf 89' lang='lat' dir='ltr'>qua</span> <span class='ocrx_word' id='word_1_247' title='bbox 718 1965 855 2010; x_wconf 87' lang='lat' dir='ltr'>spiritali</span> <span class='ocrx_word' id='word_1_248' title='bbox 893 1963 1137 1997; x_wconf 83' lang='lat' dir='ltr'>coniibulamur</span> <span class='ocrx_word' id='word_1_249' title='bbox 1172 1965 1314 1996; x_wconf 87' lang='lat' dir='ltr'>inuicem</span> <span class='ocrx_word' id='word_1_250' title='bbox 1344 1973 1433 1996; x_wconf 74' lang='lat' dir='ltr'>nexu</span> <span class='ocrx_word' id='word_1_251' title='bbox 1464 1964 1617 1995; x_wconf 80' lang='lat' dir='ltr'>amicicie</span> <span class='ocrx_word' id='word_1_252' title='bbox 1646 1972 1707 1995; x_wconf 82' lang='lat' dir='ltr'>nos</span> <span class='ocrx_word' id='word_1_253' title='bbox 1737 1964 1904 1994; x_wconf 83' lang='lat' dir='ltr'>ammonet</span> <span class='ocrx_word' id='word_1_254' title='bbox 1934 1964 1969 1993; x_wconf 91' lang='lat' dir='ltr'>ut</span> 
     </span>
     <span class='ocr_line' id='line_1_29' title="bbox 99 2020 1975 2072; baseline -0.003 -13"><span class='ocrx_word' id='word_1_255' title='bbox 99 2028 301 2061; x_wconf 89' lang='lat' dir='ltr'>intencionis</span> <span class='ocrx_word' id='word_1_256' title='bbox 338 2032 451 2061; x_wconf 88' lang='lat' dir='ltr'>uestre</span> <span class='ocrx_word' id='word_1_257' title='bbox 487 2029 692 2072; x_wconf 88' lang='lat' dir='ltr'>propositum</span> <span class='ocrx_word' id='word_1_258' title='bbox 727 2030 840 2059; x_wconf 90' lang='lat' dir='ltr'>nostre</span> <span class='ocrx_word' id='word_1_259' title='bbox 875 2025 1039 2070; x_wconf 84' lang='lat' dir='ltr'>pandatur</span> <span class='ocrx_word' id='word_1_260' title='bbox 1075 2026 1197 2057; x_wconf 84' lang='lat' dir='ltr'>noticie</span> <span class='ocrx_word' id='word_1_261' title='bbox 1233 2024 1274 2057; x_wconf 92' lang='lat' dir='ltr'>de</span> <span class='ocrx_word' id='word_1_262' title='bbox 1304 2023 1480 2057; x_wconf 87' lang='lat' dir='ltr'>cuiusdam</span> <span class='ocrx_word' id='word_1_263' title='bbox 1511 2025 1645 2067; x_wconf 81' lang='lat' dir='ltr'>negocii</span> <span class='ocrx_word' id='word_1_264' title='bbox 1675 2020 1890 2055; x_wconf 85' lang='lat' dir='ltr'>tractabimus</span> <span class='ocrx_word' id='word_1_265' title='bbox 1920 2023 1975 2066; x_wconf 92' lang='lat' dir='ltr'>qui</span> 
     </span>
     <span class='ocr_line' id='line_1_30' title="bbox 101 2084 1974 2131; baseline -0.003 -11"><span class='ocrx_word' id='word_1_266' title='bbox 101 2086 188 2130; x_wconf 87' lang='lat' dir='ltr'>(sic)</span> <span class='ocrx_word' id='word_1_267' title='bbox 215 2087 359 2121; x_wconf 89' lang='lat' dir='ltr'>nondum</span> <span class='ocrx_word' id='word_1_268' title='bbox 389 2087 430 2121; x_wconf 92' lang='lat' dir='ltr'>ad</span> <span class='ocrx_word' id='word_1_269' title='bbox 460 2087 633 2121; x_wconf 87' lang='lat' dir='ltr'>multorum</span> <span class='ocrx_word' id='word_1_270' title='bbox 668 2089 822 2120; x_wconf 88' lang='lat' dir='ltr'>noticiam</span> <span class='ocrx_word' id='word_1_271' title='bbox 853 2089 1081 2131; x_wconf 88' lang='lat' dir='ltr'>peruenerunt</span> <span class='ocrx_word' id='word_1_272' title='bbox 1111 2084 1206 2130; x_wconf 79' lang='lat' dir='ltr'>(sic).</span> <span class='ocrx_word' id='word_1_273' title='bbox 1238 2084 1474 2118; x_wconf 87' lang='lat' dir='ltr'>Sinceritatem</span> <span class='ocrx_word' id='word_1_274' title='bbox 1505 2084 1649 2128; x_wconf 87' lang='lat' dir='ltr'>denique</span> <span class='ocrx_word' id='word_1_275' title='bbox 1679 2087 1826 2116; x_wconf 90' lang='lat' dir='ltr'>uestram</span> <span class='ocrx_word' id='word_1_276' title='bbox 1854 2084 1974 2128; x_wconf 89' lang='lat' dir='ltr'>requi-</span> 
     </span>
     <span class='ocr_line' id='line_1_31' title="bbox 100 2142 1970 2192; baseline -0.003 -11"><span class='ocrx_word' id='word_1_277' title='bbox 100 2150 216 2183; x_wconf 84' lang='lat' dir='ltr'>rimus..</span> <span class='ocrx_word' id='word_1_278' title='bbox 252 2152 285 2181; x_wconf 83' lang='lat' dir='ltr'>ut</span> <span class='ocrx_word' id='word_1_279' title='bbox 317 2147 415 2182; x_wconf 89' lang='lat' dir='ltr'>nobis</span> <span class='ocrx_word' id='word_1_280' title='bbox 451 2152 565 2182; x_wconf 87' lang='lat' dir='ltr'>uestra</span> <span class='ocrx_word' id='word_1_281' title='bbox 605 2147 860 2191; x_wconf 81' lang='lat' dir='ltr'>magnificencia</span> <span class='ocrx_word' id='word_1_282' title='bbox 898 2148 1048 2192; x_wconf 89' lang='lat' dir='ltr'>apperiat</span> <span class='ocrx_word' id='word_1_283' title='bbox 1085 2145 1124 2179; x_wconf 90' lang='lat' dir='ltr'>ad</span> <span class='ocrx_word' id='word_1_284' title='bbox 1154 2156 1250 2191; x_wconf 90' lang='lat' dir='ltr'>quam</span> <span class='ocrx_word' id='word_1_285' title='bbox 1280 2149 1407 2192; x_wconf 89' lang='lat' dir='ltr'>partem</span> <span class='ocrx_word' id='word_1_286' title='bbox 1437 2144 1589 2178; x_wconf 83' lang='lat' dir='ltr'>flectatur</span> <span class='ocrx_word' id='word_1_287' title='bbox 1619 2146 1718 2177; x_wconf 87' lang='lat' dir='ltr'>uestri</span> <span class='ocrx_word' id='word_1_288' title='bbox 1748 2142 1970 2190; x_wconf 86' lang='lat' dir='ltr'>promptitudo</span> 
     </span>
     <span class='ocr_line' id='line_1_32' title="bbox 102 2203 1972 2253; baseline -0.003 -11"><span class='ocrx_word' id='word_1_289' title='bbox 102 2208 218 2242; x_wconf 74' lang='lat' dir='ltr'>auxilii</span> <span class='ocrx_word' id='word_1_290' title='bbox 246 2210 332 2242; x_wconf 89' lang='lat' dir='ltr'>inter</span> <span class='ocrx_word' id='word_1_291' title='bbox 361 2208 572 2243; x_wconf 87' lang='lat' dir='ltr'>turbaciones</span> <span class='ocrx_word' id='word_1_292' title='bbox 601 2208 853 2242; x_wconf 89' lang='lat' dir='ltr'>discencionum</span> <span class='ocrx_word' id='word_1_293' title='bbox 891 2218 974 2253; x_wconf 87' lang='lat' dir='ltr'>quas</span> <span class='ocrx_word' id='word_1_294' title='bbox 1004 2210 1089 2241; x_wconf 88' lang='lat' dir='ltr'>inter</span> <span class='ocrx_word' id='word_1_295' title='bbox 1118 2217 1229 2251; x_wconf 77' lang='lat' dir='ltr'>reqem</span> <span class='ocrx_word' id='word_1_296' title='bbox 1259 2217 1475 2240; x_wconf 79' lang='lat' dir='ltr'>romanoram</span> <span class='ocrx_word' id='word_1_297' title='bbox 1498 2210 1528 2238; x_wconf 87' lang='lat' dir='ltr'>et</span> <span class='ocrx_word' id='word_1_298' title='bbox 1549 2216 1661 2249; x_wconf 75' lang='lat' dir='ltr'>reyem</span> <span class='ocrx_word' id='word_1_299' title='bbox 1682 2203 1847 2238; x_wconf 71' lang='lat' dir='ltr'>Bolieme&#39;e</span> <span class='ocrx_word' id='word_1_300' title='bbox 1867 2203 1972 2237; x_wconf 91' lang='lat' dir='ltr'>hostis</span> 
     </span>
     <span class='ocr_line' id='line_1_33' title="bbox 105 2268 625 2313; baseline 0.002 -11"><span class='ocrx_word' id='word_1_301' title='bbox 105 2268 243 2303; x_wconf 89' lang='lat' dir='ltr'>humani</span> <span class='ocrx_word' id='word_1_302' title='bbox 271 2272 407 2313; x_wconf 83' lang='lat' dir='ltr'>generis</span> <span class='ocrx_word' id='word_1_303' title='bbox 437 2272 625 2304; x_wconf 90' lang='lat' dir='ltr'>seminauit.</span> 
     </span>
    </p>
   </div>
   <div class='ocr_carea' id='block_1_9' title="bbox 974 2373 1101 2406">
    <p class='ocr_par' dir='ltr' id='par_1_12' title="bbox 974 2373 1101 2406">
     <span class='ocr_line' id='line_1_34' title="bbox 974 2373 1101 2406; baseline -0.016 0"><span class='ocrx_word' id='word_1_304' title='bbox 974 2374 1002 2406; x_wconf 73' lang='lat' dir='ltr'><em>A</em></span> <span class='ocrx_word' id='word_1_305' title='bbox 1012 2373 1101 2406; x_wconf 76' lang='lat' dir='ltr'>liter.</span> 
     </span>
    </p>
   </div>
   <div class='ocr_carea' id='block_1_10' title="bbox 109 2441 1969 2549">
    <p class='ocr_par' dir='ltr' id='par_1_13' title="bbox 109 2441 1969 2549">
     <span class='ocr_line' id='line_1_35' title="bbox 260 2441 1969 2487; baseline -0.004 -11"><span class='ocrx_word' id='word_1_306' title='bbox 260 2442 310 2476; x_wconf 73' lang='lat' dir='ltr'>Ne</span> <span class='ocrx_word' id='word_1_307' title='bbox 340 2445 469 2476; x_wconf 86' lang='lat' dir='ltr'>animus</span> <span class='ocrx_word' id='word_1_308' title='bbox 498 2447 599 2477; x_wconf 90' lang='lat' dir='ltr'>nostri</span> <span class='ocrx_word' id='word_1_309' title='bbox 630 2443 856 2479; x_wconf 75' lang='lat' dir='ltr'>ambiguitatis</span> <span class='ocrx_word' id='word_1_310' title='bbox 896 2446 1094 2487; x_wconf 77' lang='lat' dir='ltr'>perseueret</span> <span class='ocrx_word' id='word_1_311' title='bbox 1123 2441 1275 2475; x_wconf 81' lang='lat' dir='ltr'>fluctibus</span> <span class='ocrx_word' id='word_1_312' title='bbox 1304 2441 1570 2475; x_wconf 87' lang='lat' dir='ltr'>dominacionem</span> <span class='ocrx_word' id='word_1_313' title='bbox 1600 2443 1745 2473; x_wconf 88' lang='lat' dir='ltr'>uestram</span> <span class='ocrx_word' id='word_1_314' title='bbox 1776 2442 1969 2471; x_wconf 67' lang='lat' dir='ltr'>exortamur</span> 
     </span>
     <span class='ocr_line' id='line_1_36' title="bbox 109 2502 1969 2549; baseline -0.004 -11"><span class='ocrx_word' id='word_1_315' title='bbox 109 2508 234 2538; x_wconf 90' lang='lat' dir='ltr'>attente</span> <span class='ocrx_word' id='word_1_316' title='bbox 266 2508 300 2537; x_wconf 90' lang='lat' dir='ltr'>ut</span> <span class='ocrx_word' id='word_1_317' title='bbox 333 2502 430 2537; x_wconf 89' lang='lat' dir='ltr'>nobis</span> <span class='ocrx_word' id='word_1_318' title='bbox 466 2507 661 2549; x_wconf 82' lang='lat' dir='ltr'>exprimatis</span> <span class='ocrx_word' id='word_1_319' title='bbox 694 2507 725 2537; x_wconf 91' lang='lat' dir='ltr'>in</span> <span class='ocrx_word' id='word_1_320' title='bbox 760 2503 824 2537; x_wconf 89' lang='lat' dir='ltr'>hoc</span> <span class='ocrx_word' id='word_1_321' title='bbox 862 2503 1040 2537; x_wconf 86' lang='lat' dir='ltr'>uoluntatis</span> <span class='ocrx_word' id='word_1_322' title='bbox 1079 2507 1194 2536; x_wconf 89' lang='lat' dir='ltr'>uestre</span> <span class='ocrx_word' id='word_1_323' title='bbox 1229 2502 1327 2536; x_wconf 84' lang='lat' dir='ltr'>finale</span> <span class='ocrx_word' id='word_1_324' title='bbox 1363 2504 1579 2548; x_wconf 70' lang='lat' dir='ltr'>propositum,</span> <span class='ocrx_word' id='word_1_325' title='bbox 1617 2504 1724 2534; x_wconf 86' lang='lat' dir='ltr'>utrum</span> <span class='ocrx_word' id='word_1_326' title='bbox 1754 2509 1969 2533; x_wconf 79' lang='lat' dir='ltr'>romanorum</span> 
     </span>
    </p>
   </div>
   <div class='ocr_carea' id='block_1_11' title="bbox 110 2562 1861 2647">
    <p class='ocr_par' dir='ltr' id='par_1_14' title="bbox 110 2562 1861 2647">
     <span class='ocr_line' id='line_1_37' title="bbox 110 2562 1602 2610; baseline -0.002 -12"><span class='ocrx_word' id='word_1_327' title='bbox 110 2566 187 2609; x_wconf 77' lang='lat' dir='ltr'>reyi</span> <span class='ocrx_word' id='word_1_328' title='bbox 213 2569 267 2598; x_wconf 85' lang='lat' dir='ltr'>aut</span> <span class='ocrx_word' id='word_1_329' title='bbox 296 2563 461 2598; x_wconf 80' lang='lat' dir='ltr'>Bohemie</span> <span class='ocrx_word' id='word_1_330' title='bbox 490 2566 566 2608; x_wconf 76' lang='lat' dir='ltr'>reqi</span> <span class='ocrx_word' id='word_1_331' title='bbox 591 2567 831 2610; x_wconf 83' lang='lat' dir='ltr'>impensionem</span> <span class='ocrx_word' id='word_1_332' title='bbox 862 2563 987 2597; x_wconf 82' lang='lat' dir='ltr'>fauoris</span> <span class='ocrx_word' id='word_1_333' title='bbox 1017 2568 1050 2597; x_wconf 91' lang='lat' dir='ltr'>et</span> <span class='ocrx_word' id='word_1_334' title='bbox 1079 2564 1251 2597; x_wconf 79' lang='lat' dir='ltr'>auxiliaris</span> <span class='ocrx_word' id='word_1_335' title='bbox 1279 2562 1399 2597; x_wconf 80' lang='lat' dir='ltr'>dextre</span> <span class='ocrx_word' id='word_1_336' title='bbox 1430 2564 1602 2596; x_wconf 88' lang='lat' dir='ltr'>insistatis.</span> 
     </span>
     <span class='ocr_line' id='line_1_38' title="bbox 1806 2622 1861 2647; baseline 0 0"><span class='ocrx_word' id='word_1_337' title='bbox 1806 2622 1861 2647; x_wconf 77' lang='lat'>124</span> 
     </span>
    </p>
   </div>
  </div>
 </body>
</html>
