2184 2828
1055 128 1126 163 182

172 249 300 291 integro
329 250 362 279 et
388 248 421 280 in
449 250 515 279 toto
546 273 552 279 .
583 244 759 279 Debebunt
787 249 892 279 eciam
920 246 1045 279 incolas
1074 245 1160 279 dicte
1188 248 1329 279 ciuitatis
1358 250 1389 279 et
1417 250 1503 280 terre
1531 245 1678 292 prefatus
1711 246 1859 278 sororius
1894 247 2009 277 noster

172 312 203 340 et
232 309 282 340 sui
310 306 363 351 filij
395 333 402 340 .
432 318 491 352 pro
520 309 587 340 suis
618 306 746 350 Juribus
776 306 1012 340 exaccionibus
1041 310 1073 340 et
1106 307 1257 350 seruicijs
1291 308 1504 351 inpignorare
1532 309 1616 340 sicut
1653 307 1685 338 in
1715 304 1786 338 aliis
1815 306 1883 337 suis
1912 305 2009 338 terris

172 367 241 401 fieri
274 371 325 401 est
358 371 566 401 conswetum
597 393 604 400 .
634 366 748 400 harum
783 366 899 412 quibus
934 371 1047 400 nostra
1083 366 1190 410 sigilla
1225 366 1366 412 appendi
1399 367 1562 401 voluimus
1597 367 1782 399 testimonio
1816 364 2008 398 litterarum.

172 428 291 462 Datum
317 427 462 462 Budesin
489 429 521 460 in
548 426 600 460 die
629 426 715 460 beati
741 427 962 461 Bai-tholomei
989 427 1127 472 apostoli
1153 437 1240 460 anno
1265 426 1386 460 domini
1411 427 1581 461 millesimo
1601 425 1694 460 CCC.
1722 427 1888 458 tricesimo
1908 434 2008 458 nono.

477 505 562 537 (ΝΜ-ὴ
586 507 660 531 einer
685 506 743 531 dem
775 506 848 533 Oriff.
875 505 923 531 des
953 505 979 531 k.
1005 505 1030 531 k.
1055 505 1116 533 geli.
1142 504 1316 530 llofarchives
1339 513 1370 530 zu
1401 505 1478 531 Wicn
1503 509 1705 531 entnommenen
1730 502 1782 529 und
1806 503 1839 528 im
1864 502 1889 528 k.
1919 502 2009 528 bo'hm.

575 558 692 584 Musenm
714 558 917 584 aut'bewahrten
942 557 1103 589 Abschril‘t.)

1041 642 1148 677 251.

178 722 322 757 lib-nata
350 732 413 755 τοη
444 720 581 755 Lomm'e
609 720 782 755 cermaelet
811 720 883 753 dem
911 719 1189 754 Nomzeukloster
1210 719 1248 753 S.
1271 720 1377 757 Arma
1405 719 1460 754 bei
1482 720 1597 755 Brae‘imz
1619 719 1679 753 das
1700 718 1797 762 Dorf
1809 717 2010 752 Manthnitz.

406 781 762 825 Dt.Br1me.p12··‹lee
791 785 872 814 ante
902 781 1051 815 exaltat.
1083 780 1120 814 S.
1152 780 1271 814 Crucis
1301 780 1383 823 (13.
1411 781 1631 825 September)
1664 779 1773 813 1339.

324 831 505 884 Nouerint
533 853 691 884 vninersi.
722 854 785 882 tam
815 854 991 895 presentes
1026 860 1122 895 quam
1154 849 1266 893 futuri,
1303 860 1438 896 quorum
1472 850 1645 883 audiencie
1679 859 1818 895 presens
1853 849 2012 892 scriptum

171 911 268 945 fuerit
290 911 490 953 deuolutum,
513 911 596 956 quod
619 921 679 943 nos
695 910 739 942 W
744 909 860 943 znetha
877 910 917 944 de
936 910 1106 955 Lompnitz
1127 921 1207 944 sana
1229 915 1351 953 mente,
1372 914 1404 944 et
1421 921 1561 956 corpore
1581 909 1746 950 incolumi,
1768 907 2014 942 deliberacione

171 972 267 1015 bona,
298 976 331 1005 et
359 976 485 1005 maturo
514 972 651 1004 consilio
680 970 850 1013 heredum,
880 975 912 1004 et
940 974 1120 1004 amicorum
1150 974 1334 1004 nostrorum
1363 970 1543 1017 prehabito,
1573 969 1680 1011 nobis,
1709 974 1741 1003 et
1761 971 1869 1002 anime
1888 972 2011 1010 nostre,

171 1043 301 1066 necnon
322 1032 596 1078 predecessorum
617 1035 803 1064 nostrorum
825 1031 1007 1073 animabus,
1029 1031 1069 1065 de
1089 1031 1211 1065 salubri
1231 1031 1376 1064 remedio
1396 1031 1570 1077 prouidere
1590 1033 1774 1076 cupientes,
1792 1029 1832 1063 de
1847 1039 2013 1062 consensu

171 1097 203 1127 et
238 1103 377 1126 assensu
414 1091 498 1125 bona
533 1092 671 1125 liliorum
705 1096 736 1124 et
772 1091 929 1125 heredum
966 1096 1151 1125 nostrorum
1189 1091 1449 1134 karissimorum,
1490 1091 1647 1125 videlicet
1683 1090 1803 1124 domini
1844 1089 2012 1131 Jesconis,

171 1153 363 1195 Jenczonis,
393 1157 424 1186 et
452 1152 667 1194 Proczkonis,
698 1152 857 1186 dictorum
887 1152 927 1186 de
954 1152 1136 1198 Lompnitz,
1171 1151 1283 1186 villam
1320 1156 1462 1186 nostram
1490 1151 1633 1185 Mutnicz
1663 1162 1736 1185 cum
1765 1150 1917 1184 omnihus
1945 1152 2013 1184 suis

171 1216 261 1259 agris
290 1213 395 1256 cultis,
425 1217 458 1246 et
485 1212 625 1255 incultis,
656 1216 769 1258 pratis,
799 1215 943 1259 pascuis,
974 1213 1131 1247 fructibus
1161 1212 1286 1255 vsibus,
1316 1216 1348 1246 et
1375 1212 1562 1246 vtitnatibus
1590 1215 1776 1257 ceterisque
1796 1211 2014 1245 emolimentis

170 1274 332 1317 omnibus,
363 1284 569 1319 quocumque
597 1279 798 1308 censeantur
825 1277 970 1317 nomine,
1001 1274 1039 1307 ad
1069 1277 1171 1319 ipsam
1202 1272 1451 1319 pertinentibus,
1481 1273 1578 1319 pleno
1600 1274 1676 1317 jure
1705 1276 1736 1305 et
1764 1271 1919 1314 dominio,
1949 1281 2014 1317 quo

172 1335 310 1368 eandem
341 1337 515 1375 tenuimus,
551 1334 770 1380 possedimus,
807 1339 902 1380 prout
937 1338 969 1368 in
1003 1338 1071 1368 suis
1105 1338 1199 1368 metis
1234 1338 1265 1367 et
1298 1333 1450 1367 limitibus
1479 1344 1628 1379 pronunc
1661 1333 1767 1366 locata
1801 1334 1949 1366 consistit
1982 1335 2015 1365 et

171 1395 317 1438 fundata,
347 1399 422 1441 post
451 1399 586 1428 mortem
616 1400 761 1428 nostram
791 1395 906 1429 damus
935 1400 967 1429 et
995 1396 1145 1440 legamus
1174 1395 1275 1429 libere
1304 1405 1362 1440 pro
1390 1394 1535 1427 remedio
1565 1396 1673 1427 anime
1702 1397 1814 1427 nostre
1844 1395 2013 1439 precipue,

172 1460 203 1489 et
231 1455 350 1489 deinde
379 1458 522 1488 omnium
552 1460 740 1489 nostrorum
761 1455 1036 1501 predecessorum
1057 1455 1228 1490 animabus
1248 1455 1399 1497 cenobio,
1428 1457 1498 1488 sine
1525 1457 1724 1487 monasterio
1751 1458 1867 1488 sancte
1902 1453 2012 1494 Anne,

171 1516 378 1550 l'undacionis
407 1521 530 1559 nostre,
561 1520 636 1549 ante
673 1516 828 1559 Brunam,
864 1521 897 1550 et
930 1516 1234 1550 sanctimonialibus
1270 1515 1386 1549 ibidem
1422 1514 1628 1559 degentibus.
1665 1514 1727 1548 (leo
1763 1514 1815 1548 die
1850 1519 2014 1559 noctuque

172 1576 402 1610 famulantibus
431 1579 499 1610 suis
528 1576 751 1613 oracionibus,
782 1577 970 1614 tenendam,
1000 1576 1196 1619 hahendam,
1227 1587 1265 1610 ac
1295 1575 1525 1617 vtil'rnendam,
1556 1586 1686 1608 necnon
1715 1578 1786 1608 iure
1815 1574 2014 1608 hereditario

171 1642 329 1683 perpetue
358 1637 607 1683 possidendam:
638 1638 690 1671 tali
720 1637 950 1671 nichilominus
989 1638 1116 1671 adiecta
1145 1637 1353 1678 condicione,
1388 1636 1472 1682 quod
1512 1635 1712 1669 venerahilis
1741 1640 1771 1669 et
1801 1635 1918 1669 dilecta
1951 1634 2015 1669 filia

171 1702 281 1732 nostra
311 1697 505 1743 Elyzabcth,
535 1697 672 1744 predicti
703 1700 892 1742 monasteri]
924 1703 1038 1732 sancte
1066 1699 1166 1732 Anne
1201 1709 1259 1744 pro
1289 1708 1374 1731 nunc
1408 1699 1578 1743 priorissa,
1607 1699 1869 1742 prenominatam
1904 1695 2014 1729 villam

171 1758 314 1792 Mutnicz
342 1764 415 1791 cuni
443 1758 595 1792 omnibus
624 1762 691 1792 suis
721 1760 934 1805 pronentibus
960 1764 996 1796 ,et
1023 1759 1213 1793 vtilitatihus
1241 1758 1280 1792 ad
1307 1758 1444 1792 eandem
1467 1757 1718 1803 pertinentibus
1740 1761 1776 1791 vt
1796 1759 2014 1803 prescriptum

172 1823 221 1853 est
249 1819 289 1852 ad
319 1823 466 1864 tempora
495 1822 563 1853 vite
592 1830 651 1853 sue
681 1823 906 1861 manutenere,
942 1831 1065 1864 regere
1101 1824 1133 1853 et
1168 1819 1302 1861 habere,
1340 1823 1517 1863 nostreque
1552 1821 1660 1851 anime
1695 1828 1768 1851 cum
1807 1808 1943 1859 eisdem,
1974 1816 2015 1850 de

173 1881 326 1925 exeqnijs
361 1880 597 1925 spiritualibus,
637 1879 698 1913 hoc
733 1885 785 1913 est
820 1883 850 1913 in
888 1883 1143 1926 comparacione
1179 1883 1365 1921 missarum,
1403 1883 1434 1912 et
1471 1879 1654 1923 largicione
1683 1879 1953 1919 elemosinarum,
1982 1880 2016 1910 et

172 1941 212 1973 sle
247 1942 483 1983 anniuersarijs
518 1940 669 1985 singulis.
709 1952 782 1974 cum
818 1945 944 1986 tempus
980 1940 1087 1977 fuerit.
1122 1945 1217 1987 prout
1249 1941 1407 1974 dcuocins
1442 1942 1560 1985 poterit
1594 1943 1626 1972 et
1662 1938 1827 1972 salubrius
1862 1941 2015 1971 teneatur

172 2000 357 2047 prouidere.
394 2000 471 2034 Post
507 2006 644 2034 mortem
674 2012 756 2034 vero
790 2004 860 2035 eius·
890 2002 1054 2035 antedicta
1083 2002 1159 2035 villa
1193 2001 1348 2043 Mutnicz,
1383 2011 1454 2033 cum
1484 2002 1552 2033 suis
1582 2000 1770 2043 attinencijs
1798 1998 1950 2032 omnibus
1979 2002 2014 2032 vt

172 2062 291 2095 dictum
321 2065 381 2102 est,
411 2061 451 2094 ad
480 2064 741 2107 prenominatmn
769 2066 1003 2096 monasterinm
1034 2067 1151 2096 sancte
1171 2063 1281 2104 Anne,
1310 2065 1341 2095 et
1369 2060 1408 2094 ad
1428 2071 1561 2093 sorores
1583 2059 1701 2093 ibidem
1722 2059 1784 2093 ‹leo
1805 2058 2013 2100 famulantes,

173 2123 355 2166 legacione,
386 2125 631 2165 commissione,
668 2127 700 2156 et
735 2124 950 2157 ordinacione
985 2124 1047 2157 alia
1083 2123 1226 2169 qnalibet
1260 2125 1447 2168 postergata
1480 2123 1585 2153 statim
1619 2124 1650 2153 ct
1688 2119 1874 2153 immediate
1911 2119 2014 2153 libere

173 2187 368 2216 reuertatur.
399 2182 539 2228 Insuper
573 2182 700 2228 prefate
736 2184 800 2217 tilie
837 2188 950 2217 nostre
986 2184 1103 2217 dilecte
1139 2182 1333 2230 Elyzabeth,
1371 2181 1409 2214 ad
1447 2185 1593 2226 tempora
1629 2183 1697 2214 vite
1734 2192 1804 2222 suc,
1834 2190 1893 2226 pro
1922 2184 2014 2226 parte

173 2243 313 2286 dotalicij
343 2246 413 2276 siue
442 2243 643 2277 hereditatis.
673 2255 736 2289 qne
765 2247 868 2289 ipsam
899 2245 994 2278 tiliam
1025 2249 1168 2278 nostram
1199 2248 1259 2278 iam
1281 2244 1538 2289 prenominatam
1559 2244 1718 2285 contingit
1737 2246 1767 2274 et
1788 2245 1861 2287 post
1879 2240 2012 2283 obitum,

174 2306 244 2336 cius
275 2304 443 2338 sororibus
472 2304 608 2350 predicti
631 2307 819 2348 monasterij
847 2310 963 2338 sancte
994 2306 1102 2341 Anne.
1124 2317 1141 2338 a
1162 2305 1246 2339 datis
1266 2305 1483 2349 presencium,
1505 2305 1648 2347 quinque
1670 2313 1800 2335 marcas
1820 2311 2011 2346 grossorum

175 2363 388 2401 l'ragcnsinm
419 2365 575 2410 ponderis
613 2364 784 2399 llloraniri.
822 2369 996 2410 sexaginta
1027 2370 1166 2410 ‹piatuor
1202 2367 1330 2410 grossis
1366 2374 1424 2409 pro
1459 2374 1570 2396 earnm
1607 2362 1749 2408 ‹pialibet
1784 2361 2011 2408 computandis

175 2426 244 2458 veri
273 2435 394 2457 census
424 2428 453 2458 in
486 2426 560 2459 villa
590 2430 702 2458 nostra
734 2425 893 2462 Vrchow,
932 2429 962 2459 in
1001 2429 1235 2472 (piinqnaginta
1272 2427 1388 2458 marcis
1416 2434 1620 2467 grossorum,
1649 2423 1796 2457 ciusdem
1826 2424 1950 2457 numeri
1979 2425 2012 2455 ct

174 2486 375 2530 pagamcnti,
416 2489 449 2517 vt
484 2489 700 2531 prescriptmn
745 2490 793 2519 est
835 2486 1018 2526 obligamus
1051 2490 1145 2520 ainus
1181 2485 1320 2529 singulis
1362 2487 1587 2529 percepturas,
1624 2483 1794 2524 tenendas,
1836 2486 1943 2527 itaque
1980 2485 2012 2515 et

175 2544 354 2581 habendas.
377 2548 438 2577 tam
460 2545 510 2578 din
535 2557 592 2591 prr
612 2549 714 2591 ipsam
736 2546 831 2579 liliam
853 2552 1010 2580 nostram.
1033 2551 1084 2580 aut
1107 2550 1176 2592 ipsa
1198 2557 1260 2580 non
1282 2547 1460 2581 existente,
1483 2555 1541 2590 per
1560 2555 1693 2578 sorores
1713 2544 1787 2577 ‹licti
1808 2543 2011 2586 monasterij,

176 2616 348 2650 (pinusque
369 2615 427 2650 per
447 2605 530 2638 lilios
553 2611 683 2640 nostros
705 2606 908 2641 karissimos.
932 2607 1097 2649 videlicet,
1119 2607 1284 2640 ‹loininnm
1306 2605 1495 2647 desc-«niem,
1512 2605 1716 2639 Jcnczonem
1737 2609 1768 2638 et
1785 2602 2010 2637 Proczkonem
