2184 2828
1016 91 1090 126 875

1002 277 1111 313 303.

123 367 264 412 Herzoq
296 365 422 400 Niklas
459 377 524 400 τοιι
564 366 702 411 Tropau
738 365 916 410 bethiyt,
951 364 1032 398 dass
1066 362 1235 397 Heinrich
1273 374 1335 397 con
1369 363 1557 398 Plumemm
1591 364 1659 397 und
1694 364 1815 398 dessen
1849 363 1988 398 Bruder

122 427 228 462 Jeffek
255 427 317 461 der
344 426 518 470 Eufeme'a.
548 427 670 461 Nonne
698 427 758 461 des
786 424 1186 460 Domim'ltanerltlosters
1219 435 1262 457 zu
1294 424 1457 467 Ratibor,
1493 425 1548 458 die
1577 424 1682 459 Stadt
1710 423 1893 458 Baworow
1920 424 1989 458 und

123 489 178 524 die
209 488 338 533 Dorfer
366 487 518 531 Summe„
550 480 769 522 Cererenkow
796 487 865 521 und
891 485 1093 531 Dzenqilow
1120 484 1281 528 cerkaust
1309 484 1432 518 haben.
1462 485 1522 519 Dt.
1553 487 1586 518 in
1615 484 1779 528 Ratibor,
1801 487 1834 518 in
1859 488 1987 519 octat-a

517 549 772 593 Assumpliom's
801 547 830 581 b.
861 547 976 581 Marie
1003 547 1146 590 cirqinis
1168 545 1259 588 [22.
1289 545 1446 590 Anqust)
1480 546 1590 580 1340.

306 624 354 678 ln
388 647 522 678 nomine
557 643 680 678 domini
715 645 840 678 Amen.
879 643 996 679 Omnis
1031 644 1219 689 calumpnie
1251 644 1306 676 via
1343 646 1421 675 tunc
1457 641 1671 688 precluditur‚
1707 646 1740 676 et
1774 646 1852 675 tunc
1880 643 1987 675 omnis

125 705 327 750 ambiguitas
355 705 490 747 tollitur,
520 705 595 739 dum
625 716 676 747 ea,
711 716 775 751 que
810 709 965 750 aguntur,
999 705 1181 739 litterarum
1216 702 1368 749 apicibus
1398 707 1430 736 et
1458 705 1606 737 sciencia
1636 705 1768 737 testium
1795 702 1988 745 fulciuntur,

124 771 161 800 vt
188 765 229 800 ad
257 768 412 800 noticiam
440 768 579 799 veniant
607 765 802 799 futurorum.
832 764 904 800 Nos
929 767 1028 811 igitur
1052 764 1212 799 Nicolaus
1231 764 1284 798 dei
1308 766 1423 808 gracia
1444 762 1669 810 Oppauiensis
1691 767 1723 797 et
1743 762 1989 797 Ratiboriensis

125 826 307 861 Terrarum
335 825 427 869 Dux,
456 828 628 860 Vniuersis
657 831 689 860 et
719 826 872 871 singulis?
907 831 973 860 tam
1009 824 1221 872 presentibus
1254 836 1350 871 quam
1379 824 1508 867 futuris‚
1543 824 1583 858 ad
1612 828 1805 870 perpetuam
1833 826 1883 858 rei
1910 834 1988 857 me—

126 891 277 930 moriam,
306 885 437 933 publice
463 886 668 933 profitemur„
709 885 806 928 Quod
843 886 962 920 nobilis
996 889 1048 920 w'r
1083 890 1115 920 et
1142 886 1249 920 fidelis
1277 890 1404 930 noster,
1434 885 1587 919 dominus
1615 885 1782 919 Henricus
1811 884 1917 918 dictus
1946 883 1988 918 de

126 947 338 991 Blumenow‚
368 951 400 982 et
427 946 532 982 frater
559 947 687 982 Jeshco
715 958 896 992 germanus
925 947 1086 991 eiusdem,
1112 946 1237 982 ordinis
1258 951 1290 981 et
1315 946 1538 993 professionis
1560 945 1698 980 fratrum
1722 945 1838 980 domus
1858 945 1991 979 Thew-

126 1007 272 1052 monice,
301 1011 375 1043 sani
401 1013 513 1042 mente
542 1013 574 1042 et
598 1019 754 1055 corpore,
782 1011 815 1042 in
838 1012 952 1043 nostra
978 1010 1147 1043 constituti
1170 1010 1359 1054 presencia,
1386 1011 1512 1041 matura
1533 1006 1706 1053 prehabita
1727 1005 1991 1049 deliberacione,

127 1071 248 1116 sponte
277 1069 465 1104 voluntarie
494 1079 569 1114 que,
600 1069 790 1104 omnimodo
818 1068 978 1103 heredum
1012 1081 1052 1103 ac
1088 1073 1277 1103 ceterorum
1311 1070 1362 1103 sui
1396 1071 1580 1102 amicorum
1609 1067 1793 1102 accedente
1821 1077 1991 1101 consensu

128 1135 162 1165 et
189 1130 378 1176 specialiter
405 1129 547 1164 licencia
577 1133 789 1176 superiorum
818 1129 943 1164 ordinis
972 1129 1050 1164 dicti
1078 1130 1191 1164 fratris
1220 1129 1414 1172 Jeshconis,
1444 1131 1499 1174 qui
1525 1128 1558 1162 id
1583 1132 1773 1175 potuerunt,
1797 1131 1895 1174 prout
1915 1132 1992 1161 tunc

128 1201 232 1238 super
259 1190 322 1224 hoc
350 1191 449 1237 plene
479 1190 652 1225 certificati
681 1193 879 1233 exstitimus,
904 1189 999 1224 Bona
1024 1202 1094 1233 sua3
1121 1190 1250 1225 scilicet
1271 1190 1455 1224 Baworow
1480 1188 1633 1236 Opiduin,
1658 1193 1689 1222 et
1708 1189 1817 1231 villas‚
1839 1188 1991 1231 Sulcow,

128 1250 364 1294 cmi-uenam,
394 1256 428 1285 et
456 1251 671 1296 Dzengilow.
700 1251 885 1296 vulgariter
912 1255 1117 1297 nuncupata,
1150 1253 1214 1286 sita
1249 1253 1283 1285 iu
1318 1250 1476 1284 Districtu
1505 1250 1722 1297 Oppauiensi‚
1760 1260 1824 1295 que
1862 1248 1993 1283 scilicet

129 1312 225 1347 Bona
253 1311 406 1347 dominos
436 1312 600 1358 quondam
631 1311 811 1346 Bawaruin
841 1311 881 1345 de
911 1311 1118 1354 Straconiczq
1147 1311 1342 1346 Vl'olzonem
1378 1311 1419 1345 de
1454 1310 1605 1353 Crawer,
1642 1315 1674 1344 et
1707 1321 1796 1344 nunc
1825 1309 1993 1344 dominum

128 1372 311 1407 Henricum
347 1377 381 1407 et
416 1372 553 1407 fratrem
588 1376 661 1406 eius
696 1372 901 1407 Jesliconem
937 1376 1000 1406 iani
1035 1372 1153 1416 dictos,
1192 1372 1278 1406 bona
1308 1372 1371 1406 fide
1401 1376 1433 1406 et
1461 1375 1547 1406 iusto
1576 1371 1692 1418 tytulo,
1724 1382 1762 1404 ac
1792 1373 1882 1404 omni
1910 1372 1994 1404 vni-

130 1433 308 1468 uersaliter
336 1438 369 1467 et
397 1433 613 1479 singulariter
641 1433 786 1467 dominio
815 1437 848 1467 et
877 1433 1132 1468 consuetudine.
1168 1432 1285 1478 quibus
1319 1432 1479 1466 Bohemie
1512 1437 1544 1466 et
1572 1431 1723 1467 Morauie
1752 1431 1902 1465 Barones
1931 1441 1994 1464 sev

131 1493 325 1537 nobiliores,
354 1494 449 1528 Bona
478 1491 624 1540 ipsorum
653 1493 868 1537 hereditaria,
905 1505 1014 1540 vsque
1046 1496 1079 1527 in
1115 1504 1256 1540 presens
1293 1498 1423 1540 tempus
1460 1498 1577 1527 tenere
1611 1504 1673 1527 sev
1706 1492 1882 1539 possidere
1917 1495 1994 1526 sunt

131 1554 232 1599 soliti,
261 1566 280 1589 a
307 1555 409 1601 longe
437 1557 613 1589 retroactis
642 1554 857 1601 temporibus.
891 1553 1105 1601 presentibus
1138 1554 1268 1600 publice
1303 1554 1497 1600 profitemur
1533 1559 1564 1588 et
1597 1556 1750 1588 nouimus
1785 1552 1992 1600 possedisse,

131 1626 207 1649 cum
245 1615 446 1659 hominibus„
490 1615 612 1658 Ceusu‚
652 1615 791 1658 allodiis,
827 1619 931 1661 agris,
970 1615 1065 1649 cultis
1105 1620 1137 1649 ct
1175 1616 1320 1664 incultis,
1356 1614 1500 1661 Campis,
1545 1615 1657 1658 Siluis‚
1695 1617 1810 1661 pratis,
1845 1616 1992 1660 pascuis,

130 1675 345 1720 molendinis,
374 1676 496 1722 ssuuijs‚
527 1680 677 1722 piscinis,
708 1676 967 1723 piscacionibuse
998 1675 1253 1719 venacionibus,
1284 1675 1583 1722 aucupacionibus.
1610 1678 1773 1719 seruiens,
1797 1674 1993 1717 honoribus,

130 1737 368 1772 vniuersatiter
395 1749 471 1772 cum
500 1737 653 1772 omnibus
683 1742 715 1771 et
744 1737 886 1782 singulis
915 1736 1119 1780 vtilitatibus‚
1154 1736 1383 1783 prouentibuse
1420 1747 1482 1771 sev
1510 1735 1751 1779 vsusructit›u5‚
1780 1735 1994 1782 presentibus

132 1802 166 1832 et
192 1797 323 1842 futuris‚
352 1798 506 1843 gadibus,
537 1802 645 1841 metis„
676 1803 707 1832 et
738 1797 902 1840 limitibus,
935 1797 975 1831 ab
1005 1801 1140 1844 antiquo
1168 1798 1313 1831 limitatis
1341 1801 1374 1831 et
1402 1797 1576 1844 distinctis5
1606 1808 1645 1831 ac
1673 1800 1889 1843 pertinenciis
1913 1799 1993 1831 vni-

131 1861 252 1901 uersis,
284 1862 390 1893 eciam
419 1870 627 1905 quocumque
657 1862 790 1892 nomine
820 1863 1034 1892 censeantur.
1072 1863 1103 1891 et
1138 1861 1170 1891 in
1207 1857 1471 1904 quibuscumque
1507 1861 1703 1899 consistant,
1734 1860 1821 1891 omni
1851 1857 1932 1892 Jure
1962 1861 1995 1892 et

134 1917 280 1954 dominio
317 1930 357 1953 ac
394 1920 649 1954 consuetudine.
687 1919 803 1965 quibus
838 1931 877 1952 ca
912 1921 1062 1953 tenuisse
1102 1930 1164 1952 sev
1196 1918 1396 1965 possedisse
1431 1923 1570 1953 actenus
1609 1919 1836 1961 dinoscuntur„
1875 1918 1994 1952 Illustri

136 1979 309 2014 deodicate
337 1983 461 2026 virgini
490 1980 675 2014 Domicelle
703 1980 866 2014 Euseinie.
898 1979 1036 2013 Illustris
1065 1979 1229 2025 quondam
1259 1978 1382 2013 domini
1406 1979 1583 2014 Lestkonis
1610 1979 1712 2013 Ducis
1737 1979 1995 2023 Ratiboriensis,

136 2038 264 2085 Sororij
292 2044 411 2087 nostri,
440 2052 614 2087 germane.
645 2040 705 2075 sub
733 2045 813 2074 voto
842 2041 968 2074 ordinis
998 2039 1086 2073 beati
1116 2039 1281 2074 Dominici
1309 2042 1342 2074 in
1370 2039 1578 2074 Moiiasterio
1609 2039 1871 2085 Sanctispiritus,
1898 2039 1997 2074 beate

135 2098 243 2134 Marie
271 2111 406 2148 semper
432 2105 586 2147 virginis.
617 2114 657 2135 ac
686 2101 771 2135 beati
802 2101 964 2135 Jobannis
994 2100 1133 2147 apostoli
1163 2105 1196 2134 et
1224 2100 1471 2146 Ewangelith
1505 2105 1537 2135 in
1567 2100 1710 2134 Ciuitate
1738 2100 1878 2134 Ratibor
1912 2111 1997 2147 pro-

136 2159 242 2203 fesse,
270 2165 404 2196 nomine
433 2162 582 2197 eiusdem
611 2161 1070 2205 Monasterijsendiderunt.
1107 2172 1146 2194 ac
1175 2161 1355 2195 liberaliter
1382 2165 1651 2207 resignauerunt.
1688 2172 1747 2207 pro
1777 2161 1999 2206 Sexingentis

139 2224 172 2254 et
199 2223 436 2267 quinquaginta
465 2226 587 2258 marcis
615 2233 812 2268 grossorum
842 2222 1053 2257 denariorum
1084 2221 1316 2266 pragensium,
1345 2222 1561 2257 Morauicalis
1586 2224 1713 2255 numeri
1739 2225 1772 2256 et
1793 2225 1998 2268 pagamenti,

139 2281 271 2316 scilicet
299 2286 474 2328 sexaginta
505 2290 537 2318 et
566 2289 708 2330 quatuor
740 2293 881 2327 grossos
918 2282 1076 2316 denarios
1112 2293 1172 2328 pro
1208 2293 1320 2316 marca
1353 2283 1496 2329 qualibet
1531 2282 1765 2328 computando,
1800 2293 1861 2328 per
1894 2286 1999 2328 ipsam

141 2342 373 2376 deosacratam
401 2348 580 2389 virginem,
612 2344 826 2378 Domicellain
856 2342 1041 2376 Eufemiam
1071 2346 1135 2377 iam
1172 2343 1305 2386 dictam,
1334 2344 1474 2378 eisdem.
1511 2343 1643 2376 domino
1672 2342 1819 2377 Heni-ico
1849 2348 1880 2377 et
1908 2343 1999 2377 fratri

140 2402 312 2446 Jeshcont,
334 2402 375 2437 de
393 2409 554 2449 peccunia
575 2417 635 2452 per
655 2405 822 2438 dominum
843 2403 1043 2437 Lestkonem
1065 2403 1261 2450 predictum,
1282 2404 1358 2438 olim
1379 2404 1496 2438 ducem
1517 2403 1797 2447 Ratiboriensem,
1820 2407 2000 2437 memorato

139 2461 347 2497 Monasterio
376 2463 626 2511 Sanctispiritus
655 2469 687 2500 in
717 2464 865 2506 Ratibor,
890 2467 921 2498 in
949 2468 1182 2498 testamentum
1210 2475 1270 2510 pro
1294 2466 1371 2509 (sua
1400 2466 1449 2507 et)
1475 2475 1609 2498 suorum
1635 2464 1794 2498 remediis
1819 2467 2000 2498 animarum

143 2523 218 2557 data
247 2534 306 2558 seu
336 2524 457 2569 legata,
487 2527 551 2559 iam
579 2529 712 2571 integre
740 2530 770 2559 et
799 2524 948 2571 plenarie
983 2524 1069 2558 datis
1103 2529 1135 2558 et
1170 2525 1297 2567 solutis,
1334 2536 1394 2572 per
1423 2529 1526 2571 ipsam
1562 2535 1625 2570 que
1659 2525 1801 2559 eandem
1839 2524 2001 2558 lllustrem

143 2583 374 2618 deosacratam
404 2588 583 2630 virginem,
613 2586 831 2621 Domicellam
859 2583 1045 2619 Euseiniam
1075 2585 1115 2619 ad
1144 2588 1214 2619 vite
1242 2596 1301 2619 sue
1337 2591 1498 2631 tempora,
1536 2585 1654 2619 deinde
1692 2588 1764 2632 ipsa
1800 2584 2002 2630 dece[dente
