2184 2828
1046 117 1119 151 824

160 241 286 271 maturo
324 241 356 269 et
396 236 575 270 deliberato
611 235 750 268 consilio
784 234 976 280 praehabito
1015 245 1114 279 super
1152 234 1214 267 hoc
1256 237 1392 280 saepius
1433 247 1507 270 cum
1544 237 1728 272 Baronibus
1767 243 1799 272 et
1833 238 2006 274 Nobilibus

160 300 294 343 nostris,
324 297 468 331 totaliter
497 297 727 329 concessimus
762 300 795 330 et
829 295 1042 329 concedimus
1078 293 1118 327 D.
1154 294 1239 339 Regi
1274 294 1454 329 Bohemiae
1490 302 1568 330 ante
1602 299 1688 332 dicto
1718 302 1772 340 ita,
1803 298 1889 344 quod
1918 310 2008 333 nun-

159 369 256 404 quam
285 357 357 399 sibi,
386 357 439 391 vel
470 355 677 389 Ilaeredibus
707 361 761 390 aut
790 354 1041 391 successoribus
1076 358 1156 397 suis,
1194 355 1234 389 de
1270 355 1333 389 hoc
1367 356 1508 401 aliquam
1538 356 1665 403 brigam
1695 358 1915 403 movebimus,
1945 370 2009 393 nec

160 418 301 463 aliquam
330 420 571 463 quaestionem.
610 415 679 450 Imo
714 419 821 462 potius
856 419 961 461 ipsum
997 415 1172 449 Dominum
1206 416 1335 460 Regem
1374 415 1554 450 Bohemiae
1590 423 1621 452 et
1656 418 1829 453 Haeredes
1863 424 1897 453 et
1925 431 2010 454 suc-

159 489 317 513 cessores
346 488 436 513 suos.
467 477 508 509 de
538 487 578 510 eo
608 487 739 522 semper
768 480 896 522 quietos
925 480 1015 509 stare
1045 480 1076 508 et
1105 475 1274 521 pacificos,
1305 479 1551 521 promittemus3
1580 478 1815 513 Proniittentes
1842 480 1901 513 sub
1927 491 2010 514 cor-

160 539 266 585 porali
299 540 456 584 praestito
490 539 689 581 juramento,
722 541 754 570 et
787 539 873 570 omni
910 535 1025 569 fraude
1061 548 1099 569 ac
1135 537 1209 570 dolo
1244 537 1404 580 exclusis,
1440 540 1502 583 ipsi
1537 537 1678 573 Domino
1715 539 1801 583 Regi
1829 539 2010 574 Bohemiae

159 610 275 633 onmes
312 598 425 631 literas
458 599 633 643 omniaque
668 597 842 643 privilegia
878 601 910 630 et
944 599 1164 631 instrumenta
1197 608 1281 643 quae
1317 596 1478 631 habemus
1517 609 1576 632 seu
1611 599 1735 633 habere
1772 600 2010 645 dignoscimur,

160 659 221 694 sub
258 658 509 704 quibuscunque
547 657 659 691 formis
696 669 756 691 seu
795 656 965 691 tenoribus
1001 656 1198 699 verborum,
1238 668 1339 703 super
1378 658 1631 704 quibuscunque
1667 660 1944 695 concessionibus
1978 666 2012 695 et

160 718 405 761 donationibus,
436 717 705 763 obligationibus,
736 718 788 751 vel
825 718 896 751 aliis
931 717 1180 763 quibuscunque
1215 718 1320 752 modis
1355 730 1393 751 ac
1429 719 1665 763 contractibus,
1702 719 1798 755 nobis
1827 725 1859 754 et
1886 720 2012 755 haere-

160 779 255 813 dibus
284 781 419 821 nostris,
449 789 508 824 per
537 789 752 824 quascunque
781 789 955 823 personas,
985 780 1215 824 cujuscunque
1245 783 1361 821 status,
1398 779 1607 823 conditionis,
1641 780 1695 814 vel
1726 783 2012 827 praeeminentiae

160 842 340 877 extiterint,
371 841 499 873 etiamsi
527 835 691 884 Imper'iali
719 838 773 872 vel
802 838 922 882 Regali
946 838 1179 884 praefulserint
1199 838 1371 883 dignitate,
1394 844 1427 872 et
1448 850 1508 885 per
1531 839 1571 874 D.
1596 840 1723 885 Regem
1747 840 1940 884 BoheinIae,
1970 840 2011 875 de

160 901 280 945 Regno
315 903 387 945 ipso
416 899 608 935 Bohemiae„
646 899 699 932 vel
734 898 963 932 Marchionatu
998 898 1182 941 Mol-aviae,
1216 900 1271 932 vel
1307 900 1415 945 aliqua
1451 904 1546 945 parte
1578 903 1724 946 ipsorum
1758 900 1867 944 sactis,
1903 904 2012 936 statim

161 961 222 996 sibi
251 964 438 1005 resignare,
469 965 501 993 et
530 963 561 993 in
592 970 685 993 suam
715 959 845 992 tradere
874 964 1083 1004 potestatem,
1114 963 1161 993 sic
1190 960 1276 1005 quod
1301 960 1422 993 nullam
1449 960 1489 993 de
1514 963 1592 1006 ipsis
1620 961 1722 996 literis
1749 973 1808 996 seu
1827 961 2012 1008 privilegiis

160 1021 256 1056 nobis
285 1032 428 1066 unquam
457 1019 706 1054 reservabimus
736 1020 789 1053 vel
818 1019 1031 1053 retinebimus
1061 1031 1192 1066 quoquo
1222 1020 1338 1054 modo:
1375 1025 1408 1054 et-
1436 1020 1647 1056 nihilominus
1676 1026 1860 1065 cassantes,
1889 1023 2013 1056 annul-

161 1083 268 1116 lantes
304 1086 335 1114 et
370 1084 549 1126 irritantes,
586 1091 624 1113 ac
663 1091 792 1114 cassas.
830 1080 947 1122 nullas,
988 1085 1020 1113 et
1055 1083 1163 1114 irritas
1198 1080 1421 1115 decernentes
1460 1085 1491 1114 et
1526 1092 1600 1116 esse
1634 1083 1786 1117 volentes
1823 1082 2014 1127 hujusmodi

160 1143 272 1176 literas
302 1146 333 1175 et
360 1141 538 1187 privilegia
567 1145 600 1174 et
629 1143 858 1179 instrumenta,
895 1143 938 1174 ita
974 1141 1061 1186 quod
1095 1152 1261 1185 nunquam
1294 1140 1390 1174 nobis
1426 1142 1481 1175 vel
1510 1141 1709 1177 haeredibus
1739 1146 1862 1177 nostris
1891 1142 2014 1189 aliquid

157 1205 251 1248 juris,
283 1203 440 1239 utilitatis,
471 1201 634 1235 commodi
663 1201 716 1234 vel
746 1201 891 1238 honoris„
922 1205 954 1234 in
979 1201 1103 1245 judicio
1133 1202 1188 1235 vel
1212 1206 1310 1235 extra
1333 1201 1505 1245 judicium,
1531 1202 1668 1247 alicujus
1694 1203 1824 1238 roboris
1844 1203 2015 1238 obtineant

161 1265 357 1299 firmitatem.
393 1274 455 1296 nec
490 1265 586 1296 etiam
626 1261 721 1295 nobis
755 1262 905 1298 afferant.
941 1262 995 1295 vel
1030 1261 1217 1297 conserant.
1257 1267 1311 1296 aut
1345 1262 1462 1296 afferre
1499 1263 1553 1296 vel
1589 1263 1744 1297 conferre
1779 1267 1919 1309 possint,
1948 1264 2014 1298 ali—

161 1326 300 1371 qualiter
328 1324 393 1357 ullo
422 1328 571 1369 tempore
600 1322 786 1366 suffragari,
817 1333 879 1356 nce
908 1333 974 1356 non
1003 1334 1020 1356 a
1050 1322 1145 1356 nobis
1180 1327 1211 1356 et
1240 1322 1441 1356 haeredibus
1476 1326 1598 1357 nostris
1627 1326 1866 1367 astrinxerunt,
1895 1328 1927 1358 et
1954 1335 2014 1370 pro

161 1385 278 1431 quibus
307 1396 381 1423 nos,
413 1384 466 1417 vel
495 1387 642 1429 ipsorum
672 1383 812 1428 aliquos,
849 1383 903 1416 vel
932 1383 1084 1428 aliquem,
1115 1394 1176 1417 nos
1205 1384 1259 1417 vel
1288 1382 1452 1417 haeredes
1482 1387 1585 1417 nostri
1612 1394 1786 1429 possemus
1816 1395 2014 1430 quocunque

161 1446 258 1479 modo
288 1447 447 1490 impetere
478 1444 532 1477 vel
562 1454 711 1477 movere-
748 1446 844 1476 etiam
879 1454 937 1488 per
972 1455 1057 1489 quae
1086 1455 1273 1490 possemus.
1308 1443 1473 1488 quomodo
1502 1443 1579 1477 libet
1606 1444 1701 1478 nobis
1732 1445 1787 1478 vel
1816 1445 2014 1481 haeredibus

162 1508 298 1543 nostris.
329 1504 391 1539 sihi
419 1505 473 1538 vel
502 1503 608 1549 nobis7
638 1507 668 1537 in
698 1514 803 1547 regno
832 1503 1013 1537 Bohemiae
1043 1509 1073 1538 et
1104 1509 1191 1538 terra
1222 1504 1406 1543 Moraviae,
1437 1504 1491 1537 vel
1521 1504 1626 1550 aliqua
1656 1510 1750 1550 parte
1777 1509 1936 1552 ipsorum,
1959 1508 2014 1550 jus

163 1566 294 1611 aliquod
322 1565 514 1599 vendicare.
546 1564 720 1598 Caeterum
750 1567 966 1609 promittimus
1000 1565 1060 1598 sub
1097 1565 1206 1598 debito
1241 1567 1392 1610 praestiti
1418 1567 1608 1609 jiiramenti,
1646 1570 1677 1599 et
1712 1569 1784 1599 sine
1813 1570 1920 1601 omnis
1949 1566 2015 1601 doli

163 1631 193 1660 et
223 1626 347 1660 fraudis
377 1625 592 1660 admixtione.
630 1635 811 1670 procurare
847 1625 986 1658 lideliter
1019 1630 1051 1659 et
1087 1625 1223 1659 efficere
1257 1636 1331 1659 eum
1367 1626 1499 1668 affectu,
1536 1625 1619 1670 quod
1654 1625 1757 1660 frater
1785 1632 1910 1670 noster,
1939 1627 2016 1662 Do—

161 1690 269 1721 minus
297 1686 499 1728 Fridericus,
531 1685 608 1719 Dux
637 1686 806 1722 Austriae,
844 1690 1015 1731 postquam
1051 1698 1068 1719 a
1106 1689 1294 1732 captivitate
1331 1686 1484 1721 dimissus
1520 1686 1628 1729 fuerit,
1657 1689 1741 1720 intra
1770 1687 1852 1722 duos
1881 1699 2014 1722 menses

161 1747 349 1782 immediate
379 1750 573 1792 sequentes.
603 1751 672 1779 rata
702 1750 733 1779 et
762 1747 853 1779 lirina
883 1746 1015 1780 habebit
1046 1750 1154 1780 onmia
1186 1751 1217 1780 et
1246 1746 1376 1791 singula
1405 1746 1605 1793 supradicta,
1631 1751 1663 1780 et
1682 1747 1895 1782 nihilominus
1915 1759 2016 1794 super

162 1808 213 1842 his
242 1807 394 1842 omnibus
423 1818 483 1853 per
510 1818 584 1840 eum
614 1806 849 1840 inviolabiliter
877 1806 1098 1840 observandis
1129 1812 1162 1840 et
1191 1807 1338 1852 plenarie
1368 1807 1595 1853 adimplendis,
1626 1818 1704 1841 suas
1734 1809 1899 1853 speciales
1927 1819 2015 1842 con-

163 1869 287 1903 similes
316 1873 347 1902 et
376 1872 528 1913 patentes
558 1867 684 1903 literas.
715 1878 775 1901 suo
805 1867 964 1911 sigillatas
996 1868 1105 1912 sigillo
1135 1867 1223 1901 dabit
1252 1867 1292 1902 D.
1322 1868 1409 1913 Regi
1438 1868 1618 1902 Bohemiae
1639 1868 1817 1911 antedicto,
1852 1874 1885 1903 et
1912 1868 2016 1902 nihil-

164 1932 294 1963 ominus
326 1928 448 1973 jurabit
483 1931 577 1961 tactis
607 1931 831 1961 sacrosanctis
861 1927 1055 1973 Evangeliis
1085 1929 1302 1973 corporaliter
1331 1932 1441 1962 onmia
1475 1934 1507 1963 et
1535 1928 1664 1973 singula
1695 1929 1898 1974 supradicta,
1927 1932 2038 1963 omni.

163 1990 281 2024 fraude
316 1994 347 2029 et
385 1989 459 2023 dolo
495 1991 640 2023 semotis.
677 1991 846 2034 perpetuis
881 1988 1083 2034 temporibus
1119 1993 1233 2022 tenere
1267 1989 1404 2023 firmiter
1436 1994 1468 2023 et
1504 2000 1653 2023 servare.
1691 1989 1878 2023 Praemissa
1907 1994 2015 2024 autem

163 2054 271 2084 onmia
303 2055 333 2083 et
363 2050 506 2094 singula.
537 2053 632 2095 prout
662 2052 813 2094 superius
843 2052 1082 2095 exprimuntur,
1113 2053 1330 2095 promittimus
1360 2050 1419 2084 sub
1448 2052 1571 2084 virtute
1596 2053 1746 2095 praestiti
1768 2052 1960 2094 J'uramenti,
1983 2055 2015 2084 et

164 2115 261 2145 etiam
291 2114 379 2144 omni
408 2110 524 2144 fraude
557 2114 590 2143 et
623 2109 697 2143 dolo
731 2110 892 2152 exclusis,
929 2121 1061 2156 semper
1093 2114 1210 2143 tenere
1247 2121 1286 2144 ac
1319 2110 1442 2144 hahere
1475 2122 1514 2144 ac
1547 2110 1784 2144 inviolabiliter
1817 2110 2014 2154 observare,

164 2176 195 2204 et
223 2176 338 2205 contra
368 2182 407 2205 ea
436 2171 491 2204 vel
521 2180 634 2204 eorum
664 2169 806 2215 aliquod,
843 2170 907 2204 ullo
942 2181 1084 2216 unquam
1114 2175 1275 2216 tempore„
1313 2170 1354 2204 de
1385 2173 1460 2216 jure
1495 2175 1550 2204 aut
1586 2169 1672 2204 facto
1710 2182 1776 2205 non
1811 2171 1924 2205 facere
1951 2182 2015 2205 nec

164 2235 303 2273 venire3
332 2234 570 2265 renunciantes
600 2234 717 2275 sponte
753 2235 784 2264 et
819 2241 984 2276 expresse
1022 2234 1053 2264 in
1092 2231 1141 2265 his
1180 2231 1332 2265 omnibus
1368 2236 1399 2264 et
1435 2230 1585 2275 singulis,
1622 2235 1738 2265 nostro
1774 2236 1806 2265 et
1833 2231 2014 2265 haeredum

165 2296 351 2325 nostrorum
380 2294 525 2333 nomine,
556 2293 757 2336 exceptione
786 2291 849 2324 doli
879 2291 966 2325 mali.
996 2296 1027 2324 et
1055 2294 1086 2324 in
1116 2291 1235 2325 factum
1267 2295 1400 2331 actioni,
1428 2290 1592 2324 beneficio
1621 2294 1840 2326 restitutionis
1866 2295 1900 2325 in
1924 2295 2015 2326 inte-

164 2362 271 2396 grum,
301 2355 526 2385 constitutioni
556 2356 588 2385 et
621 2351 853 2386 consuetudini
882 2351 1016 2385 cuilibet
1045 2355 1076 2385 in
1106 2352 1258 2385 omnibus
1288 2352 1388 2386 literis
1417 2351 1636 2396 Apostolicis.
1668 2357 1698 2385 et
1725 2353 1801 2386 aliis
1831 2351 1871 2385 ab
1899 2352 2015 2398 Impe-

164 2411 329 2445 ratoribus
359 2423 418 2445 seu
438 2411 587 2456 Regibus
609 2411 847 2446 Romanorum.
878 2412 931 2445 vel
957 2412 997 2445 ab
1022 2413 1092 2446 aliis
1121 2412 1372 2458 quibuscunque
1392 2411 1486 2445 nobis
1507 2415 1679 2446 concessis
1701 2413 1755 2446 vel
1775 2412 2013 2455 concedendis,

166 2475 320 2518 omnique
358 2472 446 2506 Juris
483 2478 548 2506 tam
587 2473 745 2506 Canoniei
782 2484 879 2518 quam
917 2472 1030 2506 Civilis
1069 2473 1204 2516 auxilio,
1244 2473 1328 2519 quod
1363 2476 1394 2506 et
1431 2476 1545 2505 contra
1584 2475 1768 2518 praeniissa
1807 2474 1862 2507 vel
1901 2483 2016 2507 eorum

167 2532 299 2579 aliquod
327 2538 465 2578 possent
492 2533 587 2567 nobis
619 2537 673 2566 aut
702 2536 824 2566 nostris
855 2533 1062 2575 haeredibus,
1099 2545 1295 2579 quocunque
1331 2532 1426 2566 modo
1463 2532 1517 2565 vel
1546 2537 1707 2578 tempore,
1737 2536 1769 2567 in
1800 2533 1909 2578 aliquo
1939 2532 2016 2567 suf-

164 2597 286 2637 ragari.
339 2592 374 2626 ln
428 2604 563 2638 quorum
602 2596 744 2627 omnium
783 2596 1003 2627 testimonium
1046 2599 1078 2627 et
1115 2594 1216 2628 robur
1251 2597 1408 2639 perpetuo
1451 2593 1629 2626 valiturum
1665 2593 1778 2627 literas
1816 2597 2013 2638 praesentes
