2184 2828
989 277 1096 313 366.

110 340 155 373 K.
184 338 355 373 Albreclet
378 338 513 382 forderl
541 339 596 372 die
628 339 766 384 Unqarn
794 351 867 373 zum
897 339 992 384 Zuqe
1018 350 1125 384 qeyen
1154 338 1197 372 K.
1232 337 1374 373 Wenzel
1392 349 1455 372 ron
1476 338 1627 372 Bo‘lcmen.
1648 340 1716 383 auf.
1740 338 1779 372 0.
1800 339 1834 372 J.
1864 351 1895 373 η.
1918 338 1963 373 D.

265 397 440 450 Albertus
469 428 532 451 rex
561 417 787 451 Romanorum
816 422 879 451 etc.
910 420 1077 463 episcopis
1106 421 1138 451 et
1165 416 1346 451 baronibus
1375 416 1555 462 Ungariae‚
1585 417 1714 451 dilectis
1740 416 1814 461 sihi,
1843 420 1961 463 regiae

109 476 324 522 benignitatis
353 476 504 511 affectum
533 489 606 511 cum
635 478 752 512 salute.
783 477 864 511 Cum
893 489 954 512 nos
983 482 1099 512 contra
1127 477 1234 511 Venz.
1264 488 1379 522 regem
1409 477 1577 520 Boemiae„
1608 478 1775 523 magnifici
1804 490 1836 524 p.
1866 481 1960 523 regis

108 537 278 583 Ungariae
307 538 461 572 avunculi
491 542 523 572 et
551 543 716 584 tamquam
747 541 838 582 (sic)
869 542 972 573 nostri
992 539 1158 573 karissimi
1176 541 1354 582 inimicum,
1376 543 1530 584 potenter
1548 539 1693 583 gloriosa
1716 541 1826 584 stipati
1846 539 1960 573 mllitia

109 603 142 633 et
167 598 343 643 magnifice
362 598 546 644 procedere
566 599 787 643 intendamus,
809 599 1057 646 dirigainusque
1085 599 1306 634 directissime
1326 610 1345 632 a
1363 598 1543 644 Neuburga
1564 603 1595 633 in
1614 599 1799 634 Mornviain
1819 610 1960 644 gressus

108 663 260 693 nostros:
290 658 525 693 Sinceritatem
554 664 702 694 vestram
730 671 916 703 monemus,
946 660 1117 695 hortamur
1150 664 1182 694 et
1214 662 1412 706 requirimus
1447 660 1614 704 studiose,
1652 665 1817 705 quatenus
1852 660 1963 694 collo-

108 724 224 754 cantes
251 731 332 766 prae
360 720 465 754 oculis
494 720 679 765 diligenter„
706 721 790 767 quod
820 721 953 755 labores
981 721 1168 765 hujusmodi
1195 720 1303 764 nobis,
1333 725 1368 755 ut
1395 726 1597 755 memoratus
1624 725 1740 756 noster
1766 721 1965 764 avunculus,

108 785 224 815 vester
252 781 414 818 dominus,
444 780 570 815 honore
599 786 631 815 et
659 784 792 816 nomine
821 783 988 816 exaltetur
1016 781 1126 816 debito
1154 786 1188 816 et
1216 792 1374 815 coronam
1402 784 1498 827 regni
1529 784 1578 815 sui
1607 786 1795 827 recuperet,
1817 786 1848 816 et
1874 793 1964 828 cap-

109 844 196 876 tivos
233 841 361 883 liberet,
397 845 597 876 assumimus
631 845 824 888 praecipue,
860 845 965 889 ipsum
1005 845 1211 889 persuasivis
1246 846 1368 876 vestris
1404 842 1688 877 exhortationibus
1723 848 1757 877 et
1784 843 1965 877 inductivis

109 902 258 937 consiliis
291 902 465 945 inducatis.
504 907 537 935 ut
575 905 754 949 assumptis
791 914 905 937 secum
942 906 1074 938 armatis
1108 909 1141 938 et
1170 903 1390 950 quodcunque
1420 903 1544 938 babere
1572 907 1704 950 poterit„
1735 904 1775 938 ad
1803 904 1966 938 iltustrem

107 962 286 998 Rudoifum
314 962 431 996 ducem
462 963 621 997 Austriae
650 966 904 1010 primogenitum
934 969 1085 998 nostruin
1113 964 1306 998 accelerare
1334 965 1524 998 nullatenus
1544 967 1800 1010 praetermittatg
1830 969 1861 998 ut
1884 964 1964 998 col-

107 1024 204 1058 lectis
233 1026 399 1070 potentiae
429 1029 564 1058 nostrae
592 1027 625 1057 in
654 1036 754 1058 unum
783 1024 922 1059 viribus.
953 1025 1030 1059 dicti
1059 1028 1150 1070 regis
1180 1025 1338 1059 Boemiae
1366 1024 1558 1060 rebellionis
1587 1028 1791 1072 proterviam
1829 1030 1861 1059 et
1890 1025 1966 1059 ela-

109 1087 208 1119 tionis
238 1095 362 1119 cornua
391 1084 527 1119 favente
556 1083 652 1119 nobis
681 1085 794 1119 divina
823 1086 998 1120 clementia
1027 1090 1251 1120 conteramus.

421 1146 549 1179 (Palm-ky
575 1147 640 1172 uber
665 1147 875 1173 Forinelbuclier
899 1148 918 1173 Ι.
942 1148 1087 1182 Lieserung
1112 1149 1138 1174 S.
1165 1147 1236 1174 325.
1262 1156 1286 1176 n,
1314 1146 1402 1179 122.)

990 1276 1097 1312 367.

109 1336 178 1370 Eia
207 1336 343 1382 Burqer
371 1336 528 1380 erlrsmfel
557 1348 598 1370 zu
629 1336 760 1370 Olmit'lz,
789 1338 844 1370 ein
872 1339 1042 1381 stre'lle'yes
1070 1337 1168 1371 Hans
1197 1338 1263 1371 und
1290 1338 1446 1382 verlanql
1475 1337 1624 1371 daruher
1652 1349 1725 1371 rom
1755 1337 1965 1372 Stadtratlee

642 1400 718 1431 eine
747 1398 1032 1442 Se'eleerstellmzq.
1063 1410 1094 1432 0.
1125 1398 1169 1432 D.
1202 1398 1240 1432 0.
1270 1410 1301 1432 η.
1331 1398 1429 1432 ,ΙαΙιι-.

263 1446 500 1502 Excellencie
530 1471 644 1501 vestre
672 1478 840 1501 revocans
869 1470 1039 1511 memorie.
1070 1467 1155 1513 quod
1184 1467 1271 1502 bona
1299 1468 1441 1513 quedam
1461 1471 1493 1502 in
1515 1467 1635 1511 Olom.²
1655 1467 1814 1502 videlicet
1833 1467 1965 1502 domum

110 1530 143 1561 in
173 1526 315 1562 Civitate
344 1533 375 1562 et
404 1528 556 1562 allodium
587 1532 682 1561 extra
713 1531 816 1574 ipsam
847 1528 886 1561 ad
918 1539 977 1562 vos
1007 1540 1066 1574 per
1095 1528 1254 1562 demerita
1283 1528 1452 1573 cujusdem
1491 1527 1582 1563 Civis
1620 1528 1739 1562 ibidem
1774 1528 1964 1563 devolutam

110 1593 144 1622 et
177 1600 238 1635 per
270 1600 333 1623 vos
366 1589 528 1636 Dytwino
566 1589 724 1623 hostiario
762 1594 876 1623 vestro
914 1589 954 1623 ad
989 1589 1225 1635 possidendum
1260 1589 1413 1623 donatam
1449 1594 1503 1623 aut
1545 1589 1773 1632 vendendum,
1809 1594 1906 1635 prout
1934 1592 1965 1623 in

110 1652 236 1684 vestris
265 1650 453 1696 patentibus
483 1661 584 1696 super
613 1660 653 1683 eo
682 1649 846 1683 consectis
876 1650 992 1684 litteris
1021 1653 1219 1691 continetur,
1249 1654 1425 1696 postquam
1460 1649 1499 1684 ab
1534 1653 1606 1697 ipso
1642 1653 1704 1684 rite
1742 1655 1774 1684 et
1810 1653 1965 1684 rationa-

109 1709 220 1744 biliter
247 1721 521 1757 comparaveram
552 1711 641 1744 titulo
671 1713 867 1757 empcionis.
897 1711 1005 1745 audita
1040 1713 1230 1744 intencione
1268 1715 1399 1753 vestra,
1436 1722 1532 1756 quam
1566 1710 1678 1745 Busco
1710 1710 1817 1745 fidelis
1851 1715 1968 1745 vester

110 1774 269 1817 exposuit
297 1782 398 1818 super
426 1782 478 1815 eo,
509 1775 652 1805 instante
681 1782 812 1818 quoque
842 1771 917 1805 mihi
946 1771 1085 1817 provide
1115 1771 1278 1817 Dytwino
1306 1772 1447 1818 prefato7
1478 1771 1632 1806 allodium
1662 1774 1769 1818 ipsum
1804 1771 1963 1806 fratribus

113 1830 154 1866 de
183 1831 290 1866 Dolan
320 1832 454 1867 vendidi
491 1836 666 1866 reservata
700 1822 777 1865 inihi
814 1831 910 1865 domo
948 1832 1107 1878 predicta.
1150 1831 1191 1866 Et
1225 1834 1299 1878 quia
1331 1833 1427 1877 juxta
1460 1836 1611 1866 vestrum
1648 1831 1890 1878 beneplacitum
1927 1831 1968 1866 de

111 1894 184 1938 ipsa
204 1892 301 1927 domo
322 1904 382 1940 per
401 1892 654 1927 inhabitatorem
675 1894 747 1937 ejus
769 1892 854 1926 dicte
875 1892 1010 1926 Civitati
1035 1894 1109 1937 jura
1131 1897 1291 1926 consueta
1316 1897 1347 1926 et
1375 1892 1484 1927 debita
1511 1904 1644 1938 semper
1665 1894 1751 1937 jussi
1771 1892 1967 1935 observari3

111 1951 251 1996 Idcirco,
285 1957 370 1988 sicut
403 1954 503 1999 digne
536 1954 605 1987 fieri
641 1953 753 1989 debet.
791 1964 842 1986 me
878 1953 976 1987 multo
1012 1957 1119 1998 magis
1157 1956 1228 1999 ipsa
1257 1955 1332 1997 jura
1361 1953 1546 1988 observare
1576 1952 1707 1987 Civitati
1746 1953 1896 1999 predicte
1931 1956 1965 1988 in

115 2017 211 2059 parte
239 2013 384 2060 qualibet
412 2014 588 2061 oportebit.

422 2076 534 2111 (Jacobi
560 2076 653 2103 Codex
677 2076 832 2111 epistolaris
857 2075 987 2102 Johannis
1012 2074 1086 2110 regis
1110 2076 1253 2102 Boliemiae
1278 2076 1305 2103 S.
1331 2075 1380 2102 21.
1406 2085 1430 2103 n.
1458 2075 1521 2107 50.)

993 2213 1100 2249 368.

114 2272 185 2307 Ein
214 2272 391 2308 Eleemann
415 2276 549 2319 fordert
577 2277 671 2309 scine
699 2286 763 2309 τοη
791 2274 858 2308 ilem
886 2273 1085 2308 abwesemle
1116 2274 1270 2308 Gemalin
1299 2273 1417 2319 helmss
1446 2276 1506 2309 det·
1545 2274 1813 2320 Untersltltzuny
1841 2277 1874 2309 in
1904 2276 1966 2309 der

116 2333 317 2378 Erzielmnq
345 2335 405 2368 der
433 2336 564 2370 Kz'nder
592 2348 653 2370 zm·
680 2335 896 2380 schlemtiqen
928 2334 1112 2369 Reiclflwhr
1140 2336 1211 2379 aus,
1240 2336 1307 2369 med
1333 2336 1536 2380 versprickss
1558 2337 1616 2369 mi!
1637 2336 1690 2369 ihr
1708 2336 1859 2381 soqleiclt
1877 2335 1966 2370 nac-lt

646 2397 765 2430 Bruma
794 2395 1104 2430 z-nrncltzulteleren.
1135 2407 1166 2429 ο.
1198 2396 1241 2429 Ι).
1274 2396 1312 2429 O.
1342 2408 1373 2430 u.
1403 2397 1435 2430 J.

299 2443 549 2500 Indissolubiiis
585 2469 707 2501 amoris
743 2468 795 2512 pia
832 2465 1028 2499 salutatione
1063 2467 1239 2511 premissa,
1277 2465 1358 2499 tides
1392 2465 1453 2499 hoc
1487 2467 1590 2510 exigit
1625 2463 1779 2511 Conjugii
1812 2465 1970 2500 divinitus

117 2525 271 2567 instituti?
302 2528 335 2558 ut
362 2527 394 2558 in
425 2524 565 2560 diversis
594 2526 791 2573 corporibus
821 2525 1005 2570 Conjugum
1036 2525 1122 2559 nulla
1151 2528 1190 2559 sit
1226 2526 1405 2560 diversitas
1440 2528 1634 2560 animorum.
1674 2526 1884 2573 Eapropter.
1902 2553 1937 2561 ..
1955 2553 1962 2560 .

119 2583 275 2628 ConJunx
311 2584 525 2620 dilectissima
561 2586 601 2620 ad
637 2587 699 2621 hoc
739 2591 885 2632 tempera
921 2590 952 2620 et
988 2586 1102 2620 relaxa
1135 2597 1216 2631 erga
1253 2597 1304 2620 ine
1333 2586 1484 2620 duritiem
1514 2590 1632 2621 mentis
1661 2592 1733 2631 tue„
1764 2598 1860 2633 quam
1890 2598 1972 2632 erga
