2184 2828
1117 106 1164 140 20

228 226 408 261 roboratas.
438 225 557 259 Datum
584 224 693 258 Brune
721 227 754 258 in
781 223 832 257 die
859 223 1090 258 Decolacionis
1118 222 1203 256 beati
1232 222 1389 256 Jobannis
1419 222 1573 269 Baptiste,
1603 225 1702 257 Anno
1731 223 1852 257 domini
1881 223 2053 258 Millesiino

229 287 476 321 Trecentesimo
503 285 685 320 Tricesimo
714 283 849 325 Quarto.

533 364 599 396 (Das
630 362 704 397 orig.
736 363 782 389 auf
806 363 961 396 Pergament
992 364 1035 388 mit
1065 363 1149 387 eineni
1179 361 1284 387 kleinen
1314 361 1539 388 wolilerbaltenen
1571 363 1663 396 Sigille
1697 364 1729 389 im
1766 363 1880 389 Arcbive
1910 362 2052 388 desselben

634 414 764 446 klosters,
787 415 821 440 im
846 423 877 440 m.
902 417 934 440 st.
958 413 1167 440 Landesarcbive
1191 412 1236 438 Lit.
1261 412 1290 439 G.
1315 413 1345 439 ll.
1371 422 1395 439 n.
1425 413 1484 446 18.)

1100 532 1174 567 27.

231 615 339 659 Papst
365 613 499 647 Joliann
527 611 646 646 XXII.
675 611 841 646 verleihet
869 611 939 644 dem
968 610 1135 644 Nilrolmcs
1166 621 1229 643 ¹eon
1259 609 1372 643 Bruma
1406 611 1459 644 die
1486 611 1590 645 durch
1624 612 1687 644 den
1720 611 1790 644 Tod
1816 610 1874 643 des
1904 610 2056 644 Saatzer

230 673 396 708 Probsteu
423 672 605 707 Matthaeus
634 672 705 706 leet·
730 671 928 716 gyewordene
959 670 1250 704 Domleerrustelle
1278 669 1331 704 bei
1355 671 1416 704 der
1450 671 1584 715 Praqer
1611 671 1750 705 Kirche.
1797 671 1856 705 Dt.
1887 671 2056 704 Avinione

692 732 757 766 III.
788 731 933 764 Kalend.
966 730 1101 764 Octobr.
1134 730 1214 773 (29.
1245 731 1454 775 Septemhr.)
1489 732 1594 765 1334.

381 808 572 862 «lohannes
599 827 781 872 Episcopus
810 826 937 860 Servus
967 826 1147 859 Servorum
1176 825 1236 859 Dei
1257 825 1382 860 Dilecto
1410 826 1473 860 lilio
1502 826 1639 860 Nicolao
1668 826 1708 860 de
1735 826 1866 860 Brunna
1888 824 2057 860 Canonico

231 889 406 933 Pragensis
418 888 554 922 salutem
566 892 597 921 et
607 888 819 933 apostolicam
831 886 1092 920 benedictionem
1098 913 1236 919 ......
1255 885 1332 920 Cum
1344 886 1563 920 Canonicatns
1579 891 1611 920 et
1626 886 1795 920 Prebenda
1808 886 1951 920 ecclesie
1972 886 2059 920 Pra-

230 952 344 994 gensis
364 960 445 995 quos
465 948 625 995 quondam
645 947 793 981 Matheus
812 950 996 993 prepositus
1016 947 1160 980 ecclesie
1181 946 1356 980 Saccensis
1378 947 1552 992 l'ragensis
1577 947 1744 993 dyoecesis
1764 950 1864 992 ipsius
1880 946 2058 990 Pragensis

231 1010 375 1044 ecclesie
413 1009 599 1043 Canonicus
635 1011 665 1042 in
700 1007 815 1041 eadem
852 1008 996 1041 ecclesia
1031 1006 1188 1051 Pragensi
1231 1007 1302 1040 duni
1336 1010 1464 1041 viveret
1498 1007 1663 1041 obtinebat
1703 1018 1762 1052 per
1798 1009 1899 1052 ipsius
1935 1006 2058 1040 obitum

232 1073 286 1116 qui
305 1069 422 1103 dudum
443 1074 536 1103 extra
556 1068 738 1102 Romanam
767 1071 890 1101 curiam
920 1067 1003 1100 diem
1033 1068 1145 1100 clausit
1166 1072 1344 1101 extremum
1364 1079 1487 1101 vacare
1507 1072 1686 1101 noscantur
1714 1067 1752 1101 ad
1783 1078 1920 1113 presens
1941 1094 1948 1101 .
1973 1094 1980 1101 .
1999 1094 2005 1100 .
2024 1094 2031 1100 .
2051 1093 2058 1100 .

234 1130 274 1164 de
293 1130 417 1164 eisdem
437 1129 638 1163 Canonicatu
666 1133 698 1162 ct
724 1127 891 1174 prebenda
920 1139 992 1161 cum
1022 1140 1079 1161 eos
1108 1139 1166 1173 per
1194 1127 1268 1161 dicti
1288 1127 1406 1162 Mathei
1435 1128 1554 1162 obitum
1584 1128 1638 1162 vel
1666 1131 1783 1174 quovis
1811 1127 1907 1161 modo
1935 1138 2060 1161 vacere

233 1193 439 1235 contingeret
468 1201 525 1236 per
552 1189 732 1235 apostolice
761 1188 848 1223 sedis
878 1188 1122 1234 providenciam
1151 1188 1292 1222 ordinari
1319 1188 1389 1222 illos
1419 1189 1491 1222 duni
1522 1188 1626 1222 adhuc
1655 1188 1738 1222 idem
1767 1187 1918 1222 Matheus
1947 1191 2062 1232 ageret

233 1254 263 1284 in
300 1250 458 1284 humanis.
496 1249 656 1284 Videlicet
688 1249 761 1283 llll.
795 1249 871 1283 Idus
905 1248 1051 1282 Januarii
1090 1249 1299 1282 l'ontilicatus
1333 1252 1431 1282 nostri
1471 1250 1570 1282 Anno
1606 1252 1699 1282 tertio
1734 1248 1862 1282 decimo
1898 1248 2062 1282 collationi

233 1316 265 1345 et
293 1311 493 1356 dispositioni
523 1315 634 1344 nostre
662 1321 701 1344 ea
734 1313 808 1344 vice
840 1310 1027 1355 specialiter
1061 1313 1271 1342 reservantes
1305 1309 1510 1343 decernimus
1546 1314 1669 1342 extunc
1699 1312 1820 1342 irritum
1850 1313 1882 1342 ct
1910 1311 2007 1342 inane
2035 1311 2062 1342 si

237 1383 336 1406 secus
365 1382 465 1416 super
493 1370 553 1405 biis
582 1382 599 1404 a
629 1381 787 1416 quoquam
817 1372 932 1416 quavis
961 1373 1153 1402 auctoritate
1182 1373 1322 1403 scienter
1356 1370 1408 1403 vel
1447 1373 1636 1410 ignoranter
1663 1372 1837 1413 contigerit
1865 1371 2059 1414 attemptari.

234 1431 301 1466 Nos
330 1431 479 1466 volentes
507 1442 680 1477 personam
710 1435 793 1464 tuam
821 1433 1053 1476 premissorum
1082 1433 1266 1463 meritorum
1294 1435 1416 1464 tuorum
1445 1433 1555 1463 intuitu
1584 1430 1699 1463 favore
1733 1432 1884 1475 prosequi
1916 1432 2062 1474 gratioso

233 1495 463 1526 canonicatum
492 1496 524 1525 et
552 1491 748 1537 prebendam
778 1491 940 1536 predictos
970 1493 1016 1523 sic
1046 1495 1204 1524 vacantes
1233 1501 1305 1524 cuin
1333 1490 1532 1536 plenitudine
1562 1494 1638 1523 iuris
1667 1493 1829 1528 canonici,
1849 1501 1888 1523 ac
1913 1489 2061 1523 omnibus

235 1552 356 1587 iuribus
377 1557 407 1585 el
428 1554 639 1598 pertineneijs
661 1556 726 1585 suis
747 1552 925 1597 apostolica
947 1550 999 1583 tibi
1021 1554 1212 1584 aut-imitate
1232 1549 1428 1584 conferimus
1449 1555 1478 1583 cl
1499 1550 1539 1583 de
1560 1551 1620 1584 illis
1640 1554 1735 1584 eliam
1753 1549 1985 1595 providemus.
2004 1577 2011 1584 .
2030 1577 2036 1583 .
2055 1577 2061 1583 .

235 1614 270 1646 Si
299 1624 437 1658 presens
467 1624 530 1646 non
561 1612 661 1646 sucris
691 1612 728 1645 ad
758 1611 967 1657 prestandum
998 1611 1036 1644 dc
1066 1611 1283 1645 observandis
1302 1614 1425 1644 statutis
1452 1617 1480 1644 ct
1507 1611 1798 1644 consuetudinibus
1818 1610 1902 1644 dicte
1922 1610 2064 1644 ecclesie

237 1673 412 1716 l'ragensis
441 1673 566 1707 solitum
597 1676 808 1706 iuramentum
839 1672 1011 1705 dummodo
1042 1675 1070 1705 in
1108 1672 1256 1705 absentia
1291 1676 1341 1705 tua
1377 1683 1435 1716 per
1463 1676 1707 1717 procuratorem
1738 1671 1901 1707 idoneum.
1932 1675 1963 1704 et
1991 1682 2062 1704 cuni

237 1734 275 1767 ad
305 1734 478 1767 ecclesiam
509 1737 610 1778 ipsam
640 1735 826 1766 accesseris
855 1733 1068 1777 corporaliter
1101 1732 1174 1765 illud
1204 1737 1339 1778 prestes.
1396 1732 1462 1764 Seu
1492 1732 1574 1777 qnod
1606 1735 1635 1765 in
1674 1731 1815 1765 ecclesia
1854 1730 2065 1765 Oloniucensi

237 1796 463 1827 canonicatum
502 1798 533 1826 ct
569 1793 768 1838 prebendam
810 1804 849 1826 ac
883 1792 1105 1838 parochialem
1148 1793 1318 1827 ecclesiam
1354 1795 1383 1825 in
1421 1793 1604 1825 t'rcnovic'l,
1640 1792 1868 1826 Oloniucensis
1910 1791 2064 1837 dyocesis

237 1854 364 1887 obuia—s
393 1859 423 1886 ct
452 1857 481 1887 in
511 1853 615 1887 iadem
645 1853 855 1887 Olomucensi
892 1854 1031 1886 ecclesia
1067 1853 1253 1894 dignitatem
1288 1852 1339 1886 vel
1369 1857 1576 1897 personatum
1612 1864 1671 1886 seu
1700 1852 1842 1886 ol'lieium
1872 1855 2065 1885 auctoritate

239 1915 413 1948 litterarum
444 1919 625 1947 nostrarum
655 1913 713 1948 snb
742 1918 830 1947 certa
860 1914 962 1947 forma
993 1918 1140 1947 nosceris
1169 1918 1357 1959 expectare.
1413 1912 1496 1946 Nulli
1527 1925 1608 1955 erg-o
1638 1918 1701 1946 etc.
1733 1917 1844 1946 nostre
1872 1912 2064 1951 collationis,

238 1978 434 2020 provisionis
455 1979 486 2008 et
504 1977 744 2008 constitutionis
763 1974 943 2018 infringere
963 1979 1023 2008 cic.
1046 1974 1162 2008 Datum
1186 1977 1348 2008 Avinionc
1370 1973 1424 2006 lll.
1448 1973 1518 2006 lt'al.
1541 1973 1691 2006 Octobris
1711 1984 1797 2006 anno
1817 1972 1944 2006 decimo
1965 1983 2063 2006 nono,

394 2035 427 2068 ln
457 2035 594 2068 eundem
625 2035 751 2067 modum
780 2034 958 2068 venerabili
994 2035 1082 2068 l'ratri
1105 2062 1110 2068 .
1134 2062 1140 2068 .
1165 2035 1324 2080 Episcopo
1361 2034 1569 2067 (llonniccnsi
1605 2039 1636 2067 ct
1669 2034 1795 2067 dilectis
1830 2033 1902 2067 liliis
1923 2059 1930 2066 .
1953 2060 1959 2066 .
1982 2032 2066 2066 Pre-

241 2099 344 2140 posito
385 2095 572 2129 Monasterii
608 2094 821 2128 Cbunicensis
857 2106 914 2140 per
958 2095 1156 2140 l'reposituin
1190 2095 1314 2129 solitum
1349 2094 1537 2133 fflilwrnari.
1568 2094 1797 2127 (lloinucensis
1836 2093 1998 2135 Dioccsis‚
2028 2105 2066 2127 ac

242 2155 337 2188 l'ctro
366 2155 607 2200 Burgundionis
637 2156 804 2188 (faiionico
841 2155 1008 2189 Bisuntino
1044 2156 1178 2189 salutem
1214 2160 1273 2189 etc.
1305 2154 1467 2195 Quocirca
1505 2155 1695 2188 mandamus
1730 2156 1880 2199 quatinus
1917 2165 1977 2187 vos
2012 2154 2066 2188 vel

242 2215 304 2248 duo
333 2220 385 2249 aul
414 2227 495 2250 unus
525 2220 668 2250 vestrum
698 2227 755 2260 per
783 2227 843 2249 vos
871 2216 923 2250 vel
952 2217 1047 2249 alium
1076 2227 1133 2249 scu
1163 2217 1244 2250 alios
1271 2214 1406 2249 eundem
1433 2214 1600 2248 Nicolaum
1631 2215 1682 2248 vel
1704 2219 1949 2260 procuratorem
1974 2225 2066 2248 sunm

243 2279 312 2309 eius
332 2280 462 2309 nominc
482 2280 514 2310 in
533 2276 738 2322 corporalem
760 2280 1002 2321 possessionem
1032 2280 1243 2310 canonicatus
1273 2280 1304 2309 et
1331 2275 1496 2320 prebende
1524 2288 1563 2308 ac
1593 2278 1706 2308 iuriuin
1735 2279 1768 2308 et
1788 2277 2066 2320 pertinentiarium

243 2335 458 2382 predictarum
486 2337 646 2370 inducatis
675 2339 865 2369 auctoritate
893 2342 1016 2379 nostra,
1045 2341 1077 2370 et
1105 2336 1285 2370 defendatis
1313 2335 1489 2369 inductum.
1515 2356 1554 2359 -—

549 2416 618 2443 [Ans
643 2415 700 2441 dem
725 2415 797 2447 Oria.
831 2415 945 2447 negem*
975 2415 1074 2448 Pnpst‘s
1105 2414 1207 2440 doliana
1241 2414 1317 2440 xxii.
1342 2413 1405 2438 -lolir
1430 2414 1494 2440 xm.
1526 2414 1569 2439 Tb.
1597 2414 1639 2439 ΙΙΙ.
1666 2414 1705 2439 Br.
1734 2413 1770 2439 32
1801 2414 1833 2439 im
1865 2413 2066 2439 Vaticanisciwn

651 2467 763 2493 Archive
788 2475 817 2493 zu
843 2467 905 2493 ltoni
930 2467 1140 2499 uligescliriclwn
1167 2467 1209 2492 Dr.
1235 2466 1262 2492 Β,
1287 2465 1397 2495 Dndi'k)
