2184 2828
1004 119 1073 153 261

117 238 289 284 sepedicto
309 237 390 271 Jure
410 236 587 280 homagiali
608 239 639 269 in
661 236 791 270 feodum
813 236 1014 270 conferimus
1043 240 1076 270 et
1104 235 1275 277 dommim,
1306 234 1363 269 Sic
1384 236 1469 281 quod
1500 239 1570 282 ipse
1599 241 1631 269 et
1662 239 1710 270 sui
1741 236 1966 270 Sur-cessores

118 299 214 333 nohis
243 303 274 332 et
302 300 424 331 nostris
445 296 707 331 Successoribus
736 297 777 331 de
805 297 961 343 predictis
982 297 1081 330 Bonis
1109 300 1274 341 tamquam
1304 299 1409 329 ceteri
1438 300 1541 330 nostri
1569 296 1773 341 homagiales
1802 302 1834 330 et
1860 296 1967 330 sasalli

116 361 258 393 seruicia
288 362 449 391 consueta
479 362 511 391 et
540 356 648 390 debita
678 357 879 403 temporibus
909 359 1076 403 perpetuis
1104 356 1219 390 facere
1247 360 1434 399 teneantur,
1464 357 1526 390 hoc
1555 362 1665 390 tamen
1695 356 1854 402 prelibato
1885 369 1966 402 spe—

67 439 69 443 .
115 419 241 453 cialiter
260 423 292 452 et
313 428 488 464 expresso,
520 417 615 458 Quod
635 421 745 451 omnia
775 423 806 451 et
834 418 963 462 singula
989 418 1093 459 Bona⁷
1122 427 1185 462 que
1206 419 1276 462 ipse
1296 416 1397 451 Jesco
1427 421 1460 450 et
1487 421 1535 450 sui
1560 417 1701 451 heredes
1730 428 1817 450 nunc
1847 417 1965 450 habent

115 484 147 513 et
174 478 292 512 futuris
322 477 526 524 temporibus
556 478 688 511 domino
717 478 924 512 eoncedente
953 481 1147 523 conquirent
1175 476 1270 511 nobis
1297 477 1378 510 Jure
1408 477 1585 521 homagiali
1617 489 1805 523 supponere
1826 477 1969 511 debeant

114 543 146 573 in
175 539 318 573 feodum.
348 538 385 572 In
415 541 507 572 euius
535 541 582 572 rei
613 540 835 571 testimonium
857 544 1030 584 presentes
1059 538 1128 572 fieri
1148 540 1303 571 iussimus
1325 537 1431 582 Sigilli
1460 541 1562 571 nostri
1583 541 1761 571 munimine
1782 537 1966 571 roboratas.

114 599 184 634 Nos
213 610 296 633 vero
317 599 494 633 Heinricus
524 598 565 632 de
585 598 742 643 Kausung
763 599 871 643 Ilugo7
902 599 1084 633 b'enessius
1114 603 1145 632 et
1172 597 1247 631 Otto
1277 598 1317 631 de
1345 598 1551 631 Reznowicz
1581 598 1656 631 dieti
1687 599 1726 632 de
1756 597 1963 644 W'eytenmil

115 665 148 694 et
179 659 400 705 Mai-quardus
435 659 540 693 dictus
576 658 677 705 Voytl
713 659 753 692 ad
783 659 845 693 hoc
881 671 940 705 per
968 659 1148 705 predictum
1183 658 1350 692 dominum
1380 663 1529 692 nostrum
1559 658 1747 692 Berloldum
1777 659 1969 705 specialiter

114 724 221 766 rogati
250 732 310 766 pro
331 720 468 754 testibus
490 720 603 764 Sigillo
634 724 746 753 nostra
775 731 849 753 cum
877 719 992 764 sigillo
1022 722 1121 765 ipsius
1149 719 1361 765 presentibus
1383 722 1414 752 in
1435 719 1628 753 enidencius
1658 722 1801 753 omnium
1831 719 1969 765 predic-

114 786 219 815 torum
250 783 472 815 testimonium
502 780 656 814 duximus
685 780 915 826 appendenda.
945 781 1062 814 Datum
1084 780 1287 814 Chrumnow
1316 780 1368 813 die
1388 780 1481 814 Beati
1510 780 1650 814 Andree
1670 779 1838 826 Apostoli,
1868 781 1968 813 Auno

114 842 237 875 domini
265 841 441 875 Millesimo
471 841 726 875 Trecentesimo
757 840 1024 885 Quadi-agesimo
1052 844 1167 887 primo.

423 921 494 952 (Aus
530 920 589 945 dem
625 920 784 954 Fragiiiente
817 921 890 945 ciues
928 919 1143 954 popter-Codex
1173 919 1221 945 der
1255 919 1286 945 ll.
1312 919 1398 945 llall'te
1430 919 1478 945 des
1513 919 1583 945 xlv.
1615 919 1830 945 Jahrlmndertes
1859 920 1885 944 S.
1919 919 1968 946 22.

527 972 646 997 welches
671 972 729 997 dem
755 973 779 997 in
805 972 852 997 der
877 972 1071 997 sei-ronischen
1087 972 1240 1005 Sammhmg
1264 971 1312 997 sub
1338 972 1381 997 Nr.
1397 971 1457 997 204
1484 973 1516 997 im
1542 972 1623 997 mtihr.
1649 971 1735 997 stand.
1756 971 1969 997 Laudesarehixe

526 1024 705 1050 belindliehen
731 1024 819 1049 Buche
847 1024 1034 1060 „Missi-ilmina
1060 1032 1110 1049 von
1134 1024 1274 1055 Malu-eim
1299 1024 1489 1057 beigehuuden
1514 1025 1571 1055 ist.)

988 1144 1094 1179 3157.

116 1232 255 1277 Herzog]
274 1231 401 1265 Albert
420 1243 484 1264 ron
504 1231 724 1264 Oesterreiclt
751 1231 911 1264 sclaliessl
940 1232 1036 1263 et‘tten
1057 1230 1155 1264 Bam!
1182 1232 1241 1264 mit
1269 1231 1342 1264 ulemv
1370 1231 1595 1275 Murhyrafen
1622 1232 1712 1265 Isto-l
1738 1243 1802 1265 ron
1822 1232 1968 1265 Malu-en

115 1305 222 1338 yeqen
238 1293 369 1326 Kaiset·
383 1293 532 1336 Lmlmiq.
550 1292 609 1325 Dt.
635 1292 785 1327 Wiemee.
808 1291 988 1325 Sabbatha
1009 1295 1088 1325 ante
1107 1292 1193 1325 diem
1209 1291 1238 1325 h.
1263 1291 1399 1325 Tleomfe
1419 1296 1531 1336 apost.
1552 1291 1632 1333 (15.
1651 1292 1835 1334 Decemb.)
1856 1291 1966 1325 1341.

271 1369 360 1422 Ros
389 1387 560 1429 Albertus,
591 1388 643 1421 dei
672 1390 779 1432 gratia
808 1387 874 1420 dux
904 1387 1062 1427 Auso-izv,
1093 1391 1207 1420 tenore
1235 1390 1463 1433 praesentium„
1495 1386 1624 1432 publice
1652 1387 1738 1420 bona
1768 1387 1844 1430 fide,
1874 1390 1969 1420 tactis

116 1449 336 1495 corporaliter
365 1451 589 1482 saerosanctis
619 1448 670 1481 dei
699 1448 906 1491 Evaiigeliis‚
936 1450 1152 1493 promittimus
1181 1458 1240 1493 pro
1268 1447 1363 1482 nobis
1393 1452 1424 1481 et
1452 1447 1663 1481 fratruelibus
1684 1450 1818 1490 nostris,
1848 1447 1971 1481 Fride—

117 1513 186 1543 rico
214 1514 247 1543 et
273 1509 453 1555 Leopold0‚
483 1509 621 1542 ducibus
651 1513 683 1542 et
710 1508 887 1542 heredibus
916 1512 1036 1541 nostris
1065 1508 1200 1541 firmiter
1228 1513 1260 1542 et
1289 1508 1502 1553 spondemus,
1532 1508 1616 1553 quod
1648 1511 1674 1542 si
1704 1508 1869 1541 dominum
1900 1507 1970 1541 Lu-

117 1570 270 1604 dovicum
312 1573 545 1616 imperatorem
581 1569 793 1614 magnificum
835 1574 867 1602 et
899 1569 1119 1601 excellentem
1154 1571 1351 1615 principem,
1395 1569 1561 1602 dominum
1600 1568 1771 1611 Carolum„
1809 1568 1969 1602 Moraviae

118 1630 344 1664 marchionem
365 1635 421 1664 aut
440 1630 583 1664 heredes
604 1633 706 1676 ipsius
736 1633 818 1663 intra
850 1634 954 1663 metas
975 1634 1005 1662 et
1028 1629 1144 1662 limites
1174 1633 1331 1663 terrarum
1354 1634 1385 1663 et
1407 1629 1625 1663 dominiorum
1655 1640 1788 1663 suorum
1818 1633 1850 1662 et
1870 1632 1970 1674 patris

118 1694 180 1734 sui,
202 1691 323 1725 domini
344 1694 434 1735 regis
451 1691 607 1733 Boemiae‚
629 1702 717 1724 nunc
734 1690 916 1724 habitorum
938 1694 969 1723 et
990 1689 1213 1723 habendorum
1230 1701 1287 1723 seu
1306 1689 1581 1735 acquirendorum
1598 1689 1788 1729 insuturunn
1809 1689 1971 1723 hostiliter

118 1763 215 1785 manu
244 1754 367 1798 potenti
397 1754 604 1797 impugnare,
635 1762 694 1785 seu
723 1750 969 1784 exercituuliter
999 1750 1158 1783 inuadere
1186 1753 1373 1795 contingat:
1402 1750 1543 1784 eundem
1573 1753 1677 1796 ipsum
1708 1750 1873 1783 dominum
1901 1749 1970 1782 Ca-

118 1813 220 1847 rolum
242 1816 275 1846 et
294 1811 435 1846 heredes
455 1814 558 1857 ipsius
586 1816 702 1845 contra
723 1814 995 1857 praenominatum
1017 1810 1220 1844 Ludovicum
1240 1811 1399 1845 adiuvare
1429 1812 1581 1845 volumus
1602 1815 1634 1844 et
1654 1815 1804 1844 tenemur
1832 1810 1967 1843 eisdem.

117 1875 270 1919 personis
299 1877 332 1907 et
358 1872 456 1906 rebus
485 1875 606 1906 nostris
636 1872 758 1906 adesse
788 1875 863 1905 totis
893 1871 1017 1905 viribus
1048 1875 1080 1904 et
1108 1882 1226 1916 posse,
1255 1875 1341 1905 omni
1363 1872 1537 1914 dilatione,
1568 1874 1806 1917 protestatimie
1827 1875 1860 1903 et
1889 1881 1971 1915 pro-—

119 1935 354 1967 crastin-atione
371 1936 500 1978 penitus
528 1933 642 1978 procul
672 1935 781 1975 motis5
811 1935 1048 1977 ‹pmmprimum
1079 1943 1137 1976 per
1164 1942 1223 1965 eos
1252 1937 1307 1965 aut
1326 1933 1468 1978 aliquem
1490 1943 1603 1965 eorum
1630 1934 1778 1976 requisiti
1800 1931 1970 1964 fuerimus

119 1993 179 2027 suh
216 1996 375 2039 expensis
410 1996 506 2039 panis
542 1998 573 2027 et
608 1996 676 2026 vini
712 2004 843 2026 eorum:
879 1992 935 2026 sed
965 1991 1146 2036 dispendiis
1182 2003 1291 2025 rerum
1328 1997 1513 2026 nostrarum
1543 1997 1641 2038 atque
1671 1994 1813 2038 propriis
1843 1991 1970 2023 damus.

120 2054 273 2087 Ceterum
310 2053 372 2087 hoc
407 2056 504 2087 etiam
544 2053 708 2087 adiectum
738 2054 909 2093 volumus,
947 2054 1188 2098 promittentes,
1224 2052 1309 2097 quod
1338 2055 1365 2087 si
1395 2056 1413 2086 ii
1444 2054 1497 2087 vel
1528 2052 1580 2095 hi,
1617 2055 1670 2098 qui
1700 2052 1740 2085 de
1769 2051 1882 2089 nobisq
1912 2062 1972 2096 pro

120 2113 257 2147 serendo
277 2113 422 2148 subsidio
444 2114 579 2159 prael'ato
600 2114 732 2147 domino
761 2114 892 2155 Curolo,
924 2112 1104 2145 marchioni
1125 2117 1156 2145 et
1176 2112 1353 2147 heredibus
1383 2116 1498 2159 ipsius,
1529 2124 1589 2160 pes
1619 2116 1724 2158 ipsum
1745 2116 1800 2145 aut
1828 2111 1967 2155 aliquem

120 2185 252 2209 suorum
282 2177 411 2208 euocati
432 2174 562 2218 fuerint,
593 2179 623 2208 et
644 2178 773 2208 euocati
793 2179 904 2208 certas
926 2178 1042 2207 terras.
1073 2175 1319 2218 possessiones,
1349 2179 1468 2215 castra,
1499 2179 1551 2207 aut
1574 2175 1770 2207 munitiones
1797 2174 1827 2205 in
1849 2171 1968 2205 huius-

122 2234 207 2268 modi
243 2228 385 2268 seminis
419 2238 649 2280 acquisierint7
688 2239 846 2280 acquisita
876 2237 946 2267 eius
976 2238 1087 2269 erunh
1118 2236 1171 2278 qui
1202 2234 1286 2267 alios
1316 2245 1375 2268 seu
1404 2235 1501 2268 alium
1531 2245 1591 2279 pro
1622 2232 1772 2279 praesidio
1802 2235 1966 2265 euocauit.

121 2296 190 2329 Res
219 2306 301 2327 vero
323 2294 459 2329 mobiles
489 2300 521 2329 et
540 2307 616 2329 sese
637 2301 811 2329 mouentes
832 2299 863 2328 et
884 2305 1032 2339 personae
1058 2296 1252 2338 captiuatzeg
1282 2293 1400 2328 ibidem
1430 2297 1612 2339 acquisita».
1642 2297 1739 2326 erunt
1765 2295 1968 2337 acquirentis

121 2355 235 2393 libereq
258 2355 344 2388 licite
364 2359 395 2387 et
415 2358 445 2388 in
471 2359 552 2390 toto:
574 2359 803 2401 promittentes
824 2357 957 2389 tirmiter
976 2359 1007 2387 et
1029 2354 1242 2399 spondentes.
1265 2353 1338 2387 dolo
1360 2355 1412 2388 vel
1434 2358 1574 2396 ingenio
1596 2354 1691 2393 malo„
1712 2364 1810 2386 omne
1830 2364 1968 2398 prorsus

123 2419 302 2461 prauitate,
332 2418 565 2458 excusatione7
596 2416 832 2461 subterfugiisq
863 2418 1053 2448 exemtione
1073 2426 1130 2448 seu
1152 2417 1289 2459 quzrsito
1311 2415 1435 2457 colore„
1465 2420 1519 2449 aut
1547 2414 1618 2447 aliis
1648 2413 1860 2459 przetextilms
1889 2416 1967 2457 qui-

122 2475 236 2510 busuis
266 2475 378 2521 procul
416 2478 550 2509 semotis
589 2479 757 2522 praenussa
787 2479 896 2509 omniu
926 2479 957 2508 et
985 2474 1115 2519 singula
1145 2479 1176 2507 et
1205 2485 1318 2508 eorum
1355 2475 1521 2521 quodlibet
1550 2474 1741 2517 attendere,
1770 2485 1907 2508 seruare
1936 2478 1968 2507 et

123 2535 354 2570 inuiolabiliter
382 2535 565 2578 custodire,
594 2548 656 2570 nec
687 2538 750 2570 ullo
781 2547 921 2582 unquam
951 2540 1116 2581 tempore7
1147 2539 1259 2568 eontra
1290 2546 1328 2568 ea
1358 2540 1412 2568 aut
1447 2545 1560 2567 eorum
1597 2535 1702 2579 aliqua
1733 2545 1792 2569 seu
1822 2534 1965 2578 aliquod,

124 2596 244 2642 aliquid
272 2599 416 2642 operari,
445 2595 558 2629 facere
579 2597 630 2630 vel
653 2597 795 2631 tolerare
824 2599 919 2630 etiam
949 2598 1173 2638 eonniuentia,
1204 2606 1262 2641 per
1290 2606 1325 2629 se
1354 2599 1407 2629 aut
1436 2595 1529 2637 alios,
1560 2594 1683 2629 directe
1712 2595 1765 2629 vel
1795 2595 1964 2637 indii-ecte,
