2184 2828
999 126 1071 161 289

114 246 272 281 fructibus
308 243 499 280 utilitatibus
533 247 565 277 et
600 246 812 288 pertinenciis
842 247 1025 281 vniuersis„
1060 242 1145 277 fideli
1175 242 1305 277 dilecte.
1362 243 1532 278 Jeselilino
1560 243 1660 278 Barte
1689 244 1758 278 Ciui
1788 245 1961 290 Pragensi.

113 312 144 341 et
173 307 348 341 heredibus
376 308 457 341 suis„
487 316 529 338 ex
559 315 659 337 causa
690 305 859 346 legittima.
891 315 949 350 pro
970 304 1119 349 Triginta
1148 308 1289 350 quatuor
1317 309 1500 349 sexagenis
1529 316 1722 351 grossorum
1753 306 1962 340 denarim·um

112 371 344 414 pragensium.
373 366 413 400 ad
444 365 596 410 Quinque
625 376 731 399 annos
760 368 954 409 continuos,
984 377 1001 400 a
1031 366 1104 399 data
1135 368 1344 410 presencium
1375 366 1615 410 manci-andos,
1651 369 1712 400 rite
1741 371 1773 401 et
1801 370 1960 400 raciona-

112 428 217 462 biliter
245 428 451 473 obligarunt,
491 437 550 472 per
578 428 683 470 ipsum
711 425 914 460 Jcsclilinum
952 431 985 460 et
1017 426 1157 460 heredes
1192 437 1289 469 suos,
1325 426 1420 460 dictis
1451 426 1604 471 Quinque
1632 426 1824 461 durantibus
1853 431 1959 462 annis.

110 489 224 523 laneos
263 492 353 535 ipsos
383 500 457 523 cum
487 485 637 521 omnibus
666 491 734 522 suis
768 487 892 522 iuribus
921 486 1134 534 prouentibus
1173 491 1205 520 et
1237 487 1428 521 utilitatibus
1462 499 1501 521 ac
1535 489 1748 533 pertinencijs
1782 491 1960 531 vniuersis.

109 549 298 593 habendos,
334 550 514 593 tenendos,
552 548 781 588 vtil'ruendos„
817 553 849 582 et
891 548 1016 593 absque
1052 547 1284 594 impedimento
1320 548 1465 594 quolibet
1499 548 1719 594 possidendos
1756 576 1763 583 .
1804 549 1962 583 fructibus

109 614 141 644 et
176 610 369 645 utilitatibus
407 611 483 645 inde
523 613 708 656 perceptis.
746 612 776 643 in
818 614 907 643 sorte
951 611 1090 655 pecunie
1134 609 1343 655 principalis„
1380 611 1513 642 minime
1548 609 1762 643 ‹lel'alcandis.
1817 610 1899 643 Ymo
1935 613 1961 644 si

109 670 228 705 fratres
263 671 401 717 predicti
436 672 553 705 laneos
590 670 773 704 antedictos
810 669 893 704 infra
934 670 1053 704 dietum
1092 669 1356 716 Quinquennium
1394 680 1458 703 non
1497 670 1719 711 exsolucrint„
1755 673 1786 704 in
1821 673 1961 716 pecunia

109 732 295 778 supradicta
325 737 449 766 extunc
468 730 658 765 Jesehlinus
680 731 776 765 Barte
796 734 913 777 suique
942 731 1082 765 heredes
1111 730 1261 777 predicti.
1291 730 1426 764 eosdem
1456 730 1571 764 laneos
1601 735 1763 776 tamquam
1795 731 1961 766 venditos.

109 795 197 826 omni
226 795 314 835 iure,
343 804 425 839 quo,
454 792 576 826 fratres
605 794 666 838 ipsi
695 796 871 825 tenuerunt
907 793 1058 835 eosdem,
1087 791 1269 833 habebunt,
1305 791 1464 825 tenebunt
1498 795 1531 824 et
1566 790 1705 836 pacilice
1734 791 1960 837 possidebunt.

109 853 178 887 Nos
206 856 305 898 igitur
333 857 503 899 Vtriusque
531 855 633 898 partis
661 852 815 898 precibus
844 858 1041 886 annuentes.
1072 851 1279 897 Obligacioni
1300 851 1485 885 huiusmodi
1515 855 1546 885 ct
1565 851 1717 885 omnibus
1738 851 1810 896 alijs
1838 863 1961 898 supra-

109 914 216 957 dictis,
246 919 394 948 nostrum
424 913 612 948 beniuoluni
643 913 839 947 adhibentes
867 924 1069 947 consensum
1098 913 1254 959 Ipsasque
1284 917 1374 946 ratas
1403 911 1565 946 babentes
1594 916 1626 946 et
1654 916 1785 957 gratas.
1815 924 1961 958 presen—

109 975 193 1010 tibus
213 974 459 1017 confirmamus,
489 974 617 1008 Dantes
637 978 769 1008 nostras
789 974 912 1008 litteras
933 985 1016 1020 quas
1037 976 1240 1020 appensione
1261 973 1453 1018 Sigillorum
1474 977 1662 1006 nostrorum
1683 975 1801 1006 muniri
1822 972 1961 1006 fecimus

109 1039 140 1070 in
171 1038 409 1077 testimonium„
440 1046 540 1081 super
567 1046 620 1069 ee.
676 1035 795 1069 Datum
832 1037 863 1068 in
900 1035 1017 1069 Castro
1054 1034 1232 1079 Pragensi.
1270 1033 1352 1067 feria
1383 1032 1506 1074 Quarta
1537 1038 1611 1078 post
1640 1033 1836 1067 dominicani
1868 1032 1960 1066 Oculi

110 1099 273 1143 proxima,
303 1096 404 1130 Anno
434 1096 555 1130 domini
584 1095 759 1129 Millesimo
789 1095 1039 1129 Trecentesimo
1069 1094 1334 1139 Quadragesimo
1364 1094 1532 1128 Secundo.

417 1175 502 1208 (Nacli
534 1176 608 1200 einer
632 1175 770 1201 Alisrliril't
794 1175 826 1200 ini
851 1174 914 1200 hou.
941 1175 1030 1200 bolnn.
1059 1174 1175 1200 Museum
1207 1182 1254 1199 aus
1280 1174 1338 1199 dem
1365 1173 1439 1207 Orig.
1466 1173 1514 1199 (les
1539 1173 1564 1199 k.
1591 1173 1615 1198 k.
1642 1173 1758 1207 gelu-im.
1784 1173 1961 1199 liol'areliives

521 1236 550 1254 zu
576 1228 681 1259 Wien.)

981 1346 1088 1382 398.

110 1428 299 1474 illarlsqraf
311 1429 401 1462 Karl
418 1439 481 1462 con
502 1427 647 1461 Mtz'lzren
667 1426 790 1470 befrei'!
819 1426 879 1459 das
902 1425 995 1469 Dorf
1021 1424 1166 1460 Wostltz,
1193 1435 1256 1458 eon
1287 1424 1347 1458 der
1368 1416 1466 1469 Ζιψα
1496 1424 1561 1457 und
1586 1424 1679 1457 (fudo
1709 1425 1769 1457 dei·
1790 1424 1961 1467 Znagsmei·

112 1491 269 1532 l'rocc'uz,
305 1490 370 1523 wid
405 1492 593 1534 (jemallet,
631 1488 713 1521 (lass
746 1486 897 1521 [laselbst
932 1488 986 1519 ein
1019 1487 1156 1529 et'yeiies
1183 1485 1407 1529 Halsqeri'elel
1444 1485 1610 1518 errieltle!
1647 1485 1712 1518 um!
1739 1485 1799 1517 det·
1827 1485 1960 1528 ‹lot'le'ssc

239 1551 315 1595 Hos
337 1550 517 1594 besesli'yet
547 1549 666 1583 iret-(le.
726 1548 782 1581 Dt.
816 1548 964 1585 Brutine,
1004 1546 1075 1580 VII.
1107 1546 1251 1579 It'aleml.
1281 1546 1414 1590 „lpre'lis
1445 1546 1527 1585 (26.
1560 1546 1678 1588 Marc-J
1712 1545 1822 1578 1342.

263 1626 309 1680 ln
338 1649 470 1680 nomine
498 1650 613 1680 sancte
650 1648 682 1678 et
710 1643 876 1677 indiuiduo
896 1642 1068 1675 Trinitatis
1089 1641 1209 1675 Anien.
1240 1641 1309 1675 Nos
1330 1641 1474 1675 Karolus
1502 1641 1668 1674 domini..
1698 1640 1803 1685 Regis
1835 1639 1959 1673 {oemie

111 1708 354 1752 Primogenitus
388 1707 536 1742 Marchio
573 1705 722 1740 Morauie
760 1704 800 1738 ad
835 1705 883 1737 rei
912 1705 1103 1736 memoriam
1132 1704 1365 1747 sempiternam
1395 1701 1479 1735 Dum
1517 1701 1630 1735 lideles
1660 1706 1809 1739 nostros.
1840 1703 1892 1746 qui
1923 1712 1958 1733 se

111 1770 204 1805 nobis
233 1769 373 1804 reddunt
401 1767 564 1802 obnoxios
593 1778 651 1813 pre
679 1768 802 1800 ceteris
831 1769 863 1799 et
890 1764 1046 1801 seruilcs„
1076 1762 1246 1796 fauoribus
1274 1765 1449 1807 generosis
1479 1763 1734 1807 amplectamur„
1764 1766 1796 1795 et
1824 1761 1958 1794 lionoris

110 1831 223 1877 tytulo,
254 1842 298 1865 ex
325 1833 436 1864 innata
466 1828 562 1862 nobis
582 1828 763 1861 clemencia
785 1826 954 1859 fructuose
983 1823 1170 1863 attollimur„
1200 1834 1259 1868 per
1288 1823 1349 1857 lioc
1378 1824 1460 1856 alios
1482 1823 1520 1856 ad
1543 1827 1653 1856 nostra
1676 1821 1823 1868 prolecto
1844 1824 1958 1865 queuis

111 1892 286 1937 obsequia„
315 1891 448 1925 uberius
478 1892 664 1923 inuitamus.
720 1886 839 1921 Notum
878 1888 917 1919 sit
954 1887 1051 1925 igitur
1083 1883 1293 1929 presentibus
1327 1888 1359 1917 et
1394 1883 1530 1924 suini-is„
1574 1883 1667 1924 Quod
1708 1882 1813 1916 tidelis
1850 1882 1958 1915 dilecti

113 1953 235 1998 Dyilini
264 1951 412 1996 Mauricij
443 1952 532 1984 t'iuis
561 1951 661 1983 nostri
693 1948 896 1982 Brunnensis
925 1949 1018 1989 grata
1053 1947 1195 1979 seruicia
1230 1943 1324 1978 nobis
1358 1955 1418 1990 per
1452 1955 1525 1977 eum
1557 1944 1675 1977 utiliter
1707 1947 1739 1977 et
1767 1946 1959 1975 constanter

113 2014 255 2047 exhibita
279 2041 284 2047 .
307 2012 581 2047 consideracione
603 2010 745 2053 benigna
775 2011 954 2054 pensantes
983 2016 1020 2039 ac
1050 2004 1111 2039 sibi
1140 2015 1203 2037 nec
1231 2016 1297 2038 non
1327 2004 1504 2039 heredibus
1533 2009 1563 2037 et
1593 2002 1846 2037 successoribus
1876 2005 1957 2036 suis.

114 2075 265 2108 volentes
300 2073 420 2108 obinde
449 2074 596 2117 graciam
636 2070 749 2104 facere
778 2068 967 2114 specialem.
1025 2065 1068 2099 Vt
1100 2068 1131 2098 in
1161 2065 1286 2098 eisdem
1316 2069 1436 2099 nostris
1466 2068 1617 2099 seruiciis
1647 2068 1777 2098 inantea
1818 2065 1957 2108 reperiri

113 2135 243 2169 ualeant
275 2137 510 2179 prompciores.
555 2132 673 2165 Villam
703 2133 805 2176 ipsius
835 2129 955 2173 Dyilini
986 2130 1017 2160 ct
1045 2125 1202 2159 heredum
1232 2137 1364 2159 suorum
1395 2126 1514 2159 dictam
1544 2125 1747 2162 &Vassziticm
1779 2126 1809 2156 in
1840 2123 1958 2168 Snoy—

113 2199 216 2231 mensi
247 2197 414 2241 prouincia
443 2197 608 2233 situatam„
638 2204 655 2225 a
685 2202 789 2237 suppa
818 2200 880 2223 nec
909 2199 973 2221 nou
1003 2198 1020 2220 a
1050 2187 1264 2229 villicatione„
1295 2189 1580 2232 popraweionatu7
1611 2190 1642 2218 et
1671 2184 1788 2218 indicio
1818 2187 1957 2229 prouin-

113 2258 184 2291 ciali
215 2256 429 2301 Snoyinensi7
458 2259 490 2288 et
518 2253 709 2299 specialiter
736 2251 776 2285 ab
805 2249 956 2284 omnibus
976 2252 1007 2281 et
1027 2247 1165 2291 singulis
1194 2246 1318 2281 iuribus
1339 2251 1371 2280 ct
1391 2245 1677 2281 iurisdiccionibus
1698 2244 1957 2290 quibuscunupie

113 2317 286 2352 vocabulis
316 2318 346 2349 in
377 2315 503 2359 vulgari
524 2314 707 2355 lllorauico,
736 2323 795 2346 seu
825 2311 923 2344 latine
952 2312 1125 2349 vocentur,
1155 2309 1186 2340 in
1207 2306 1326 2352 quibus
1347 2307 1385 2340 ad
1408 2308 1553 2353 Suppam
1583 2310 1613 2339 et
1634 2305 1672 2338 ad
1693 2305 1818 2338 Zudam
1839 2304 1957 2350 Snoy-

115 2389 261 2412 mensem
292 2380 323 2409 et
353 2375 392 2409 ad
421 2386 646 2420 quoscumque
675 2373 906 2407 beneficiarios
936 2372 1005 2414 ipsa
1036 2368 1112 2402 villa
1148 2367 1189 2401 ab
1223 2368 1298 2401 elim
1328 2368 1531 2413 pertinebat.
1561 2371 1594 2399 ct
1622 2376 1685 2410 que
1714 2376 1773 2399 seu
1802 2376 1883 2410 quas
1907 2392 1914 2399 .

114 2441 306 2486 purcrauins
341 2440 372 2469 et
409 2435 610 2468 bcnelieiarii
650 2435 880 2479 Snoymcnses
915 2433 945 2463 in
980 2428 1097 2462 eadem
1132 2428 1210 2462 villa
1246 2427 1437 2461 Wassaticz
1473 2425 1715 2473 quomodolibet
1749 2425 1948 2459 obtinebat.

115 2499 314 2534 absoluimus
343 2501 373 2530 et
403 2501 517 2529 tenore
546 2497 746 2541 presentium
774 2495 969 2533 eximimus,
999 2501 1038 2523 ac
1067 2488 1255 2522 omnimode
1284 2487 1491 2527 libertamus„
1527 2489 1574 2520 sie
1603 2490 1637 2519 ut
1664 2486 1760 2519 iidem
1790 2486 1955 2532 Dfftlinus„

116 2559 256 2594 heredes
285 2569 323 2591 ac
353 2566 568 2591 successores
597 2557 699 2600 ipsius
728 2557 758 2588 in
789 2557 850 2587 iam
880 2552 963 2585 (licta
999 2550 1074 2584 villa
1105 2549 1314 2591 wassaucz,
1350 2549 1488 2593 amplius
1523 2550 1554 2580 in
1585 2551 1776 2592 perpetuum
1813 2547 1955 2580 dominio

116 2620 182 2654 vtili
212 2624 243 2653 et
271 2619 395 2653 directo
424 2626 553 2650 necnon
582 2616 850 2650 iurisdiccioneni
879 2612 1071 2659 perlectam,
1100 2610 1264 2656 plenoque
1293 2608 1413 2642 iudicio
1443 2607 1539 2642 nullis
1567 2607 1731 2642 diminutis
1752 2609 1881 2653 penitus
1903 2607 1954 2639 ucl

1766 2666 1806 2696 37
