<?xml version="1.0" encoding="UTF-8"?>
<!DOCTYPE html PUBLIC "-//W3C//DTD XHTML 1.0 Transitional//EN"
    "http://www.w3.org/TR/xhtml1/DTD/xhtml1-transitional.dtd">
<html xmlns="http://www.w3.org/1999/xhtml" xml:lang="en" lang="en">
 <head>
  <title>
</title>
<meta http-equiv="Content-Type" content="text/html;charset=utf-8" />
  <meta name='ocr-system' content='tesseract 3.04.00' />
  <meta name='ocr-capabilities' content='ocr_page ocr_carea ocr_par ocr_line ocrx_word'/>
</head>
<body>
  <div class='ocr_page' id='page_1' title='image "./codexdiplomaticu07morauoft/codexdiplomaticu07morauoft_0300.png"; bbox 0 0 2184 2828; ppageno 0'>
   <div class='ocr_carea' id='block_1_1' title="bbox 1056 125 1129 160">
    <p class='ocr_par' dir='ltr' id='par_1_1' title="bbox 1056 125 1129 160">
     <span class='ocr_line' id='line_1_1' title="bbox 1056 125 1129 160; baseline 0 0"><span class='ocrx_word' id='word_1_1' title='bbox 1056 125 1129 160; x_wconf 82' lang='lat'>222</span> 
     </span>
    </p>
   </div>
   <div class='ocr_carea' id='block_1_2' title="bbox 1018 179 1159 181">
    <p class='ocr_par' dir='ltr' id='par_1_2' title="bbox 1018 179 1159 181">
     <span class='ocr_line' id='line_1_2' title="bbox 1018 179 1159 181; baseline 0 0"><span class='ocrx_word' id='word_1_2' title='bbox 1018 179 1159 181; x_wconf 95' lang='lat' dir='ltr'> </span> 
     </span>
    </p>
   </div>
   <div class='ocr_carea' id='block_1_3' title="bbox 165 241 2022 2645">
    <p class='ocr_par' dir='ltr' id='par_1_3' title="bbox 165 241 2022 2282">
     <span class='ocr_line' id='line_1_3' title="bbox 173 241 2010 290; baseline -0.002 -12"><span class='ocrx_word' id='word_1_3' title='bbox 173 249 330 290; x_wconf 73' lang='lat' dir='ltr'>expert0‚</span> <span class='ocrx_word' id='word_1_4' title='bbox 351 247 584 290; x_wconf 88' lang='lat' dir='ltr'>premissorum</span> <span class='ocrx_word' id='word_1_5' title='bbox 607 246 796 277; x_wconf 88' lang='lat' dir='ltr'>meritorum</span> <span class='ocrx_word' id='word_1_6' title='bbox 817 248 945 278; x_wconf 88' lang='lat' dir='ltr'>tuorum</span> <span class='ocrx_word' id='word_1_7' title='bbox 965 246 1079 276; x_wconf 89' lang='lat' dir='ltr'>intuitu</span> <span class='ocrx_word' id='word_1_8' title='bbox 1099 245 1235 286; x_wconf 82' lang='lat' dir='ltr'>gratiam</span> <span class='ocrx_word' id='word_1_9' title='bbox 1256 241 1371 276; x_wconf 88' lang='lat' dir='ltr'>facere</span> <span class='ocrx_word' id='word_1_10' title='bbox 1391 242 1587 288; x_wconf 69' lang='lat' dir='ltr'>specialem„</span> <span class='ocrx_word' id='word_1_11' title='bbox 1608 247 1706 288; x_wconf 88' lang='lat' dir='ltr'>teque</span> <span class='ocrx_word' id='word_1_12' title='bbox 1726 244 1757 275; x_wconf 92' lang='lat' dir='ltr'>in</span> <span class='ocrx_word' id='word_1_13' title='bbox 1778 244 1847 286; x_wconf 89' lang='lat' dir='ltr'>ipsa</span> <span class='ocrx_word' id='word_1_14' title='bbox 1867 241 2010 275; x_wconf 84' lang='lat' dir='ltr'>ecelesia</span> 
     </span>
     <span class='ocr_line' id='line_1_4' title="bbox 172 302 2011 348; baseline -0.002 -9"><span class='ocrx_word' id='word_1_15' title='bbox 172 306 383 339; x_wconf 85' lang='lat' dir='ltr'>Olomucensi</span> <span class='ocrx_word' id='word_1_16' title='bbox 411 308 502 339; x_wconf 89' lang='lat' dir='ltr'>cuius</span> <span class='ocrx_word' id='word_1_17' title='bbox 529 307 645 337; x_wconf 77' lang='lat' dir='ltr'>existis</span> <span class='ocrx_word' id='word_1_18' title='bbox 672 307 852 338; x_wconf 90' lang='lat' dir='ltr'>canonieus</span> <span class='ocrx_word' id='word_1_19' title='bbox 872 304 1009 348; x_wconf 89' lang='lat' dir='ltr'>amplius</span> <span class='ocrx_word' id='word_1_20' title='bbox 1030 303 1212 340; x_wconf 59' lang='lat' dir='ltr'>honorareq</span> <span class='ocrx_word' id='word_1_21' title='bbox 1230 302 1408 348; x_wconf 89' lang='lat' dir='ltr'>predictum</span> <span class='ocrx_word' id='word_1_22' title='bbox 1430 303 1624 336; x_wconf 82' lang='lat' dir='ltr'>decanatum</span> <span class='ocrx_word' id='word_1_23' title='bbox 1645 306 1693 336; x_wconf 85' lang='lat' dir='ltr'>sie</span> <span class='ocrx_word' id='word_1_24' title='bbox 1715 306 1902 344; x_wconf 79' lang='lat' dir='ltr'>vacantem,</span> <span class='ocrx_word' id='word_1_25' title='bbox 1923 312 2011 335; x_wconf 85' lang='lat' dir='ltr'>con-</span> 
     </span>
     <span class='ocr_line' id='line_1_5' title="bbox 171 360 2010 403; baseline -0.003 -4"><span class='ocrx_word' id='word_1_26' title='bbox 171 370 299 399; x_wconf 88' lang='lat' dir='ltr'>suetum</span> <span class='ocrx_word' id='word_1_27' title='bbox 328 365 368 399; x_wconf 90' lang='lat' dir='ltr'>ab</span> <span class='ocrx_word' id='word_1_28' title='bbox 401 366 476 399; x_wconf 90' lang='lat' dir='ltr'>olim</span> <span class='ocrx_word' id='word_1_29' title='bbox 514 367 684 398; x_wconf 87' lang='lat' dir='ltr'>canonicis</span> <span class='ocrx_word' id='word_1_30' title='bbox 720 364 866 398; x_wconf 82' lang='lat' dir='ltr'>eiusdem</span> <span class='ocrx_word' id='word_1_31' title='bbox 896 363 1048 396; x_wconf 89' lang='lat' dir='ltr'>Ecclesie</span> <span class='ocrx_word' id='word_1_32' title='bbox 1083 362 1314 396; x_wconf 88' lang='lat' dir='ltr'>Olomucensis</span> <span class='ocrx_word' id='word_1_33' title='bbox 1351 362 1519 396; x_wconf 79' lang='lat' dir='ltr'>dumtaxat</span> <span class='ocrx_word' id='word_1_34' title='bbox 1555 362 1718 398; x_wconf 40' lang='lat' dir='ltr'>conferrit</span> <span class='ocrx_word' id='word_1_35' title='bbox 1749 364 1841 395; x_wconf 89' lang='lat' dir='ltr'>cuius</span> <span class='ocrx_word' id='word_1_36' title='bbox 1870 360 2010 403; x_wconf 79' lang='lat' dir='ltr'>fruetus,</span> 
     </span>
     <span class='ocr_line' id='line_1_6' title="bbox 170 423 2011 471; baseline -0.003 -12"><span class='ocrx_word' id='word_1_37' title='bbox 170 426 331 468; x_wconf 68' lang='lat' dir='ltr'>redditus,</span> <span class='ocrx_word' id='word_1_38' title='bbox 362 430 394 459; x_wconf 85' lang='lat' dir='ltr'>et</span> <span class='ocrx_word' id='word_1_39' title='bbox 422 429 602 471; x_wconf 81' lang='lat' dir='ltr'>proventus</span> <span class='ocrx_word' id='word_1_40' title='bbox 630 427 865 470; x_wconf 66' lang='lat' dir='ltr'>quinquaginta</span> <span class='ocrx_word' id='word_1_41' title='bbox 887 423 1092 457; x_wconf 86' lang='lat' dir='ltr'>marcharum</span> <span class='ocrx_word' id='word_1_42' title='bbox 1118 425 1244 466; x_wconf 79' lang='lat' dir='ltr'>argenti</span> <span class='ocrx_word' id='word_1_43' title='bbox 1265 423 1412 456; x_wconf 87' lang='lat' dir='ltr'>valorem</span> <span class='ocrx_word' id='word_1_44' title='bbox 1441 434 1583 456; x_wconf 88' lang='lat' dir='ltr'>annuum</span> <span class='ocrx_word' id='word_1_45' title='bbox 1603 425 1787 455; x_wconf 89' lang='lat' dir='ltr'>comuniter</span> <span class='ocrx_word' id='word_1_46' title='bbox 1815 432 1881 455; x_wconf 89' lang='lat' dir='ltr'>non</span> <span class='ocrx_word' id='word_1_47' title='bbox 1902 432 2011 455; x_wconf 82' lang='lat' dir='ltr'>exce-</span> 
     </span>
     <span class='ocr_line' id='line_1_7' title="bbox 171 482 2010 530; baseline -0.002 -11"><span class='ocrx_word' id='word_1_48' title='bbox 171 486 265 529; x_wconf 81' lang='lat' dir='ltr'>dunt.</span> <span class='ocrx_word' id='word_1_49' title='bbox 294 497 367 519; x_wconf 90' lang='lat' dir='ltr'>cum</span> <span class='ocrx_word' id='word_1_50' title='bbox 398 485 549 518; x_wconf 88' lang='lat' dir='ltr'>omnibus</span> <span class='ocrx_word' id='word_1_51' title='bbox 571 484 693 518; x_wconf 87' lang='lat' dir='ltr'>iuribus</span> <span class='ocrx_word' id='word_1_52' title='bbox 723 490 753 518; x_wconf 89' lang='lat' dir='ltr'>et</span> <span class='ocrx_word' id='word_1_53' title='bbox 781 486 994 530; x_wconf 80' lang='lat' dir='ltr'>pertinencijs</span> <span class='ocrx_word' id='word_1_54' title='bbox 1023 486 1090 517; x_wconf 78' lang='lat' dir='ltr'>suis</span> <span class='ocrx_word' id='word_1_55' title='bbox 1119 483 1299 528; x_wconf 86' lang='lat' dir='ltr'>apostoliea</span> <span class='ocrx_word' id='word_1_56' title='bbox 1322 482 1375 516; x_wconf 90' lang='lat' dir='ltr'>tibi</span> <span class='ocrx_word' id='word_1_57' title='bbox 1405 487 1597 517; x_wconf 82' lang='lat' dir='ltr'>auctoritate</span> <span class='ocrx_word' id='word_1_58' title='bbox 1618 482 1818 516; x_wconf 80' lang='lat' dir='ltr'>conferimus</span> <span class='ocrx_word' id='word_1_59' title='bbox 1839 485 1870 515; x_wconf 88' lang='lat' dir='ltr'>et</span> <span class='ocrx_word' id='word_1_60' title='bbox 1889 484 2010 527; x_wconf 89' lang='lat' dir='ltr'>provi-</span> 
     </span>
     <span class='ocr_line' id='line_1_8' title="bbox 171 544 2010 590; baseline -0.003 -10"><span class='ocrx_word' id='word_1_61' title='bbox 171 547 285 580; x_wconf 78' lang='lat' dir='ltr'>demus</span> <span class='ocrx_word' id='word_1_62' title='bbox 314 547 354 579; x_wconf 83' lang='lat' dir='ltr'>de</span> <span class='ocrx_word' id='word_1_63' title='bbox 383 546 444 579; x_wconf 82' lang='lat' dir='ltr'>ille.</span> <span class='ocrx_word' id='word_1_64' title='bbox 476 545 706 579; x_wconf 83' lang='lat' dir='ltr'>Decernentes</span> <span class='ocrx_word' id='word_1_65' title='bbox 735 549 829 590; x_wconf 88' lang='lat' dir='ltr'>prout</span> <span class='ocrx_word' id='word_1_66' title='bbox 857 549 907 577; x_wconf 84' lang='lat' dir='ltr'>est</span> <span class='ocrx_word' id='word_1_67' title='bbox 935 547 1057 578; x_wconf 88' lang='lat' dir='ltr'>irritum</span> <span class='ocrx_word' id='word_1_68' title='bbox 1087 548 1118 577; x_wconf 85' lang='lat' dir='ltr'>et</span> <span class='ocrx_word' id='word_1_69' title='bbox 1148 546 1244 576; x_wconf 88' lang='lat' dir='ltr'>inane</span> <span class='ocrx_word' id='word_1_70' title='bbox 1272 546 1298 577; x_wconf 85' lang='lat' dir='ltr'>si</span> <span class='ocrx_word' id='word_1_71' title='bbox 1320 554 1417 577; x_wconf 86' lang='lat' dir='ltr'>secus</span> <span class='ocrx_word' id='word_1_72' title='bbox 1437 555 1537 590; x_wconf 89' lang='lat' dir='ltr'>super</span> <span class='ocrx_word' id='word_1_73' title='bbox 1565 544 1624 576; x_wconf 84' lang='lat' dir='ltr'>hiis</span> <span class='ocrx_word' id='word_1_74' title='bbox 1654 555 1670 576; x_wconf 96' lang='lat' dir='ltr'>a</span> <span class='ocrx_word' id='word_1_75' title='bbox 1698 552 1862 587; x_wconf 87' lang='lat' dir='ltr'>quoquam</span> <span class='ocrx_word' id='word_1_76' title='bbox 1891 544 2010 587; x_wconf 85' lang='lat' dir='ltr'>quavis</span> 
     </span>
     <span class='ocr_line' id='line_1_9' title="bbox 170 603 2010 650; baseline -0.003 -10"><span class='ocrx_word' id='word_1_77' title='bbox 170 610 362 641; x_wconf 87' lang='lat' dir='ltr'>auctoritate</span> <span class='ocrx_word' id='word_1_78' title='bbox 392 609 536 639; x_wconf 74' lang='lat' dir='ltr'>scienter</span> <span class='ocrx_word' id='word_1_79' title='bbox 564 606 617 639; x_wconf 88' lang='lat' dir='ltr'>vel</span> <span class='ocrx_word' id='word_1_80' title='bbox 647 609 839 650; x_wconf 69' lang='lat' dir='ltr'>ignoranter</span> <span class='ocrx_word' id='word_1_81' title='bbox 874 609 1095 650; x_wconf 87' lang='lat' dir='ltr'>attemptatum</span> <span class='ocrx_word' id='word_1_82' title='bbox 1115 603 1228 637; x_wconf 79' lang='lat' dir='ltr'>forsan</span> <span class='ocrx_word' id='word_1_83' title='bbox 1250 608 1299 637; x_wconf 88' lang='lat' dir='ltr'>est</span> <span class='ocrx_word' id='word_1_84' title='bbox 1325 603 1499 646; x_wconf 70' lang='lat' dir='ltr'>hactenus,</span> <span class='ocrx_word' id='word_1_85' title='bbox 1529 604 1582 638; x_wconf 88' lang='lat' dir='ltr'>vel</span> <span class='ocrx_word' id='word_1_86' title='bbox 1603 605 1779 647; x_wconf 78' lang='lat' dir='ltr'>contigerit</span> <span class='ocrx_word' id='word_1_87' title='bbox 1798 605 2010 648; x_wconf 83' lang='lat' dir='ltr'>imposterum</span> 
     </span>
     <span class='ocr_line' id='line_1_10' title="bbox 169 662 2010 712; baseline -0.003 -11"><span class='ocrx_word' id='word_1_88' title='bbox 169 670 365 712; x_wconf 86' lang='lat' dir='ltr'>attemptari.</span> <span class='ocrx_word' id='word_1_89' title='bbox 396 666 468 700; x_wconf 72' lang='lat' dir='ltr'>Non</span> <span class='ocrx_word' id='word_1_90' title='bbox 485 666 690 700; x_wconf 76' lang='lat' dir='ltr'>obstantibus</span> <span class='ocrx_word' id='word_1_91' title='bbox 712 665 970 711; x_wconf 77' lang='lat' dir='ltr'>(puluiscumque</span> <span class='ocrx_word' id='word_1_92' title='bbox 991 667 1116 699; x_wconf 86' lang='lat' dir='ltr'>statutis</span> <span class='ocrx_word' id='word_1_93' title='bbox 1137 668 1168 697; x_wconf 89' lang='lat' dir='ltr'>et</span> <span class='ocrx_word' id='word_1_94' title='bbox 1186 664 1477 698; x_wconf 85' lang='lat' dir='ltr'>eonsuetmlinilms</span> <span class='ocrx_word' id='word_1_95' title='bbox 1497 667 1598 710; x_wconf 89' lang='lat' dir='ltr'>ipsius</span> <span class='ocrx_word' id='word_1_96' title='bbox 1618 663 1762 697; x_wconf 73' lang='lat' dir='ltr'>ecclesie</span> <span class='ocrx_word' id='word_1_97' title='bbox 1779 662 2010 697; x_wconf 87' lang='lat' dir='ltr'>Olomueensis</span> 
     </span>
     <span class='ocr_line' id='line_1_11' title="bbox 167 722 2011 770; baseline -0.002 -9"><span class='ocrx_word' id='word_1_98' title='bbox 167 730 340 761; x_wconf 77' lang='lat' dir='ltr'>contrariis</span> <span class='ocrx_word' id='word_1_99' title='bbox 371 730 572 767; x_wconf 38' lang='lat' dir='ltr'>iuramentoq</span> <span class='ocrx_word' id='word_1_100' title='bbox 603 726 851 759; x_wconf 82' lang='lat' dir='ltr'>conlirnmtimie</span> <span class='ocrx_word' id='word_1_101' title='bbox 880 725 965 759; x_wconf 86' lang='lat' dir='ltr'>dicte</span> <span class='ocrx_word' id='word_1_102' title='bbox 995 725 1108 767; x_wconf 76' lang='lat' dir='ltr'>Sedis,</span> <span class='ocrx_word' id='word_1_103' title='bbox 1139 736 1197 759; x_wconf 88' lang='lat' dir='ltr'>seu</span> <span class='ocrx_word' id='word_1_104' title='bbox 1226 736 1429 770; x_wconf 88' lang='lat' dir='ltr'>quacumque</span> <span class='ocrx_word' id='word_1_105' title='bbox 1459 724 1605 758; x_wconf 87' lang='lat' dir='ltr'>lirmitate</span> <span class='ocrx_word' id='word_1_106' title='bbox 1635 724 1696 757; x_wconf 89' lang='lat' dir='ltr'>alia</span> <span class='ocrx_word' id='word_1_107' title='bbox 1727 722 1900 757; x_wconf 90' lang='lat' dir='ltr'>roboratis.</span> <span class='ocrx_word' id='word_1_108' title='bbox 1942 722 2011 757; x_wconf 91' lang='lat' dir='ltr'>Aut</span> 
     </span>
     <span class='ocr_line' id='line_1_12' title="bbox 168 783 2009 833; baseline -0.003 -12"><span class='ocrx_word' id='word_1_109' title='bbox 168 791 193 821; x_wconf 92' lang='lat' dir='ltr'>si</span> <span class='ocrx_word' id='word_1_110' title='bbox 223 788 318 833; x_wconf 88' lang='lat' dir='ltr'>aliqui</span> <span class='ocrx_word' id='word_1_111' title='bbox 348 799 448 833; x_wconf 88' lang='lat' dir='ltr'>super</span> <span class='ocrx_word' id='word_1_112' title='bbox 476 785 721 832; x_wconf 66' lang='lat' dir='ltr'>provisionibus</span> <span class='ocrx_word' id='word_1_113' title='bbox 757 785 817 819; x_wconf 86' lang='lat' dir='ltr'>sibi</span> <span class='ocrx_word' id='word_1_114' title='bbox 853 785 1012 819; x_wconf 79' lang='lat' dir='ltr'>faciendis</span> <span class='ocrx_word' id='word_1_115' title='bbox 1051 785 1090 818; x_wconf 90' lang='lat' dir='ltr'>de</span> <span class='ocrx_word' id='word_1_116' title='bbox 1119 785 1351 829; x_wconf 63' lang='lat' dir='ltr'>dignitatibus„</span> <span class='ocrx_word' id='word_1_117' title='bbox 1381 797 1439 819; x_wconf 90' lang='lat' dir='ltr'>seu</span> <span class='ocrx_word' id='word_1_118' title='bbox 1469 784 1715 831; x_wconf 75' lang='lat' dir='ltr'>pel-smiatibus,</span> <span class='ocrx_word' id='word_1_119' title='bbox 1746 784 1799 817; x_wconf 85' lang='lat' dir='ltr'>vel</span> <span class='ocrx_word' id='word_1_120' title='bbox 1828 783 1948 817; x_wconf 80' lang='lat' dir='ltr'>officiis</span> <span class='ocrx_word' id='word_1_121' title='bbox 1978 786 2009 817; x_wconf 88' lang='lat' dir='ltr'>in</span> 
     </span>
     <span class='ocr_line' id='line_1_13' title="bbox 167 844 2010 891; baseline -0.002 -10"><span class='ocrx_word' id='word_1_122' title='bbox 167 848 250 881; x_wconf 91' lang='lat' dir='ltr'>dicta</span> <span class='ocrx_word' id='word_1_123' title='bbox 281 848 422 881; x_wconf 86' lang='lat' dir='ltr'>ecclesia</span> <span class='ocrx_word' id='word_1_124' title='bbox 453 847 663 881; x_wconf 81' lang='lat' dir='ltr'>Olomucensi</span> <span class='ocrx_word' id='word_1_125' title='bbox 699 845 862 891; x_wconf 73' lang='lat' dir='ltr'>speciales</span> <span class='ocrx_word' id='word_1_126' title='bbox 890 846 945 879; x_wconf 83' lang='lat' dir='ltr'>vel</span> <span class='ocrx_word' id='word_1_127' title='bbox 974 846 1014 879; x_wconf 84' lang='lat' dir='ltr'>de</span> <span class='ocrx_word' id='word_1_128' title='bbox 1043 845 1211 879; x_wconf 80' lang='lat' dir='ltr'>beneficiis</span> <span class='ocrx_word' id='word_1_129' title='bbox 1240 845 1477 879; x_wconf 85' lang='lat' dir='ltr'>ecclesiasticis</span> <span class='ocrx_word' id='word_1_130' title='bbox 1507 849 1536 879; x_wconf 91' lang='lat' dir='ltr'>in</span> <span class='ocrx_word' id='word_1_131' title='bbox 1567 846 1627 878; x_wconf 77' lang='lat' dir='ltr'>illis</span> <span class='ocrx_word' id='word_1_132' title='bbox 1657 844 1801 890; x_wconf 88' lang='lat' dir='ltr'>partibus</span> <span class='ocrx_word' id='word_1_133' title='bbox 1830 844 2010 889; x_wconf 80' lang='lat' dir='ltr'>generales</span> 
     </span>
     <span class='ocr_line' id='line_1_14' title="bbox 167 904 2010 952; baseline -0.002 -10"><span class='ocrx_word' id='word_1_134' title='bbox 167 909 252 943; x_wconf 88' lang='lat' dir='ltr'>dicte</span> <span class='ocrx_word' id='word_1_135' title='bbox 281 908 377 941; x_wconf 89' lang='lat' dir='ltr'>Sedis</span> <span class='ocrx_word' id='word_1_136' title='bbox 406 908 460 942; x_wconf 78' lang='lat' dir='ltr'>vel</span> <span class='ocrx_word' id='word_1_137' title='bbox 488 908 670 951; x_wconf 65' lang='lat' dir='ltr'>legatorum</span> <span class='ocrx_word' id='word_1_138' title='bbox 700 910 770 940; x_wconf 83' lang='lat' dir='ltr'>eius</span> <span class='ocrx_word' id='word_1_139' title='bbox 798 906 936 940; x_wconf 80' lang='lat' dir='ltr'>Litteras</span> <span class='ocrx_word' id='word_1_140' title='bbox 965 909 1184 952; x_wconf 71' lang='lat' dir='ltr'>impetrarint,</span> <span class='ocrx_word' id='word_1_141' title='bbox 1215 910 1310 939; x_wconf 89' lang='lat' dir='ltr'>etiam</span> <span class='ocrx_word' id='word_1_142' title='bbox 1340 909 1365 940; x_wconf 91' lang='lat' dir='ltr'>si</span> <span class='ocrx_word' id='word_1_143' title='bbox 1394 918 1452 952; x_wconf 89' lang='lat' dir='ltr'>per</span> <span class='ocrx_word' id='word_1_144' title='bbox 1480 918 1538 939; x_wconf 82' lang='lat' dir='ltr'>eas</span> <span class='ocrx_word' id='word_1_145' title='bbox 1569 906 1607 938; x_wconf 91' lang='lat' dir='ltr'>ad</span> <span class='ocrx_word' id='word_1_146' title='bbox 1638 904 1862 938; x_wconf 82' lang='lat' dir='ltr'>inhibitionem</span> <span class='ocrx_word' id='word_1_147' title='bbox 1892 915 2010 938; x_wconf 86' lang='lat' dir='ltr'>reser-</span> 
     </span>
     <span class='ocr_line' id='line_1_15' title="bbox 168 966 2011 1012; baseline -0.002 -10"><span class='ocrx_word' id='word_1_148' title='bbox 168 972 332 1003; x_wconf 68' lang='lat' dir='ltr'>vationem</span> <span class='ocrx_word' id='word_1_149' title='bbox 362 974 391 1002; x_wconf 85' lang='lat' dir='ltr'>et</span> <span class='ocrx_word' id='word_1_150' title='bbox 421 969 589 1002; x_wconf 87' lang='lat' dir='ltr'>decretum</span> <span class='ocrx_word' id='word_1_151' title='bbox 619 967 671 1001; x_wconf 73' lang='lat' dir='ltr'>vel</span> <span class='ocrx_word' id='word_1_152' title='bbox 701 968 782 1000; x_wconf 83' lang='lat' dir='ltr'>alias</span> <span class='ocrx_word' id='word_1_153' title='bbox 811 967 1054 1012; x_wconf 82' lang='lat' dir='ltr'>quomodolibet</span> <span class='ocrx_word' id='word_1_154' title='bbox 1083 971 1125 1000; x_wconf 88' lang='lat' dir='ltr'>sit</span> <span class='ocrx_word' id='word_1_155' title='bbox 1160 978 1370 1012; x_wconf 65' lang='lat' dir='ltr'>processum,</span> <span class='ocrx_word' id='word_1_156' title='bbox 1407 966 1521 1012; x_wconf 84' lang='lat' dir='ltr'>‹piibus</span> <span class='ocrx_word' id='word_1_157' title='bbox 1558 966 1708 999; x_wconf 83' lang='lat' dir='ltr'>omnibus</span> <span class='ocrx_word' id='word_1_158' title='bbox 1738 969 1769 999; x_wconf 90' lang='lat' dir='ltr'>in</span> <span class='ocrx_word' id='word_1_159' title='bbox 1798 967 2011 999; x_wconf 79' lang='lat' dir='ltr'>assecutione</span> 
     </span>
     <span class='ocr_line' id='line_1_16' title="bbox 166 1025 2010 1073; baseline -0.003 -10"><span class='ocrx_word' id='word_1_160' title='bbox 166 1030 241 1063; x_wconf 90' lang='lat' dir='ltr'>dieti</span> <span class='ocrx_word' id='word_1_161' title='bbox 272 1030 451 1063; x_wconf 84' lang='lat' dir='ltr'>decanatus</span> <span class='ocrx_word' id='word_1_162' title='bbox 481 1033 512 1061; x_wconf 84' lang='lat' dir='ltr'>tc</span> <span class='ocrx_word' id='word_1_163' title='bbox 542 1028 692 1062; x_wconf 79' lang='lat' dir='ltr'>volumus</span> <span class='ocrx_word' id='word_1_164' title='bbox 722 1028 897 1070; x_wconf 70' lang='lat' dir='ltr'>antel&#39;erri‚</span> <span class='ocrx_word' id='word_1_165' title='bbox 928 1032 979 1061; x_wconf 82' lang='lat' dir='ltr'>set</span> <span class='ocrx_word' id='word_1_166' title='bbox 1007 1027 1127 1061; x_wconf 89' lang='lat' dir='ltr'>nullum</span> <span class='ocrx_word' id='word_1_167' title='bbox 1157 1039 1216 1073; x_wconf 81' lang='lat' dir='ltr'>per</span> <span class='ocrx_word' id='word_1_168' title='bbox 1244 1027 1307 1061; x_wconf 89' lang='lat' dir='ltr'>hoc</span> <span class='ocrx_word' id='word_1_169' title='bbox 1336 1031 1384 1060; x_wconf 88' lang='lat' dir='ltr'>eis</span> <span class='ocrx_word' id='word_1_170' title='bbox 1405 1027 1510 1072; x_wconf 85' lang='lat' dir='ltr'>quoad</span> <span class='ocrx_word' id='word_1_171' title='bbox 1539 1030 1783 1060; x_wconf 82' lang='lat' dir='ltr'>assecutionem</span> <span class='ocrx_word' id='word_1_172' title='bbox 1806 1025 2010 1070; x_wconf 81' lang='lat' dir='ltr'>dignitatum,</span> 
     </span>
     <span class='ocr_line' id='line_1_17' title="bbox 166 1085 2010 1136; baseline -0.003 -12"><span class='ocrx_word' id='word_1_173' title='bbox 166 1094 417 1136; x_wconf 68' lang='lat' dir='ltr'>personatuum.</span> <span class='ocrx_word' id='word_1_174' title='bbox 448 1088 649 1130; x_wconf 53' lang='lat' dir='ltr'>ol&#39;liciorum„</span> <span class='ocrx_word' id='word_1_175' title='bbox 679 1093 711 1122; x_wconf 89' lang='lat' dir='ltr'>et</span> <span class='ocrx_word' id='word_1_176' title='bbox 740 1088 974 1121; x_wconf 88' lang='lat' dir='ltr'>beneliciorum</span> <span class='ocrx_word' id='word_1_177' title='bbox 996 1088 1131 1121; x_wconf 71' lang='lat' dir='ltr'>alim-um</span> <span class='ocrx_word' id='word_1_178' title='bbox 1153 1088 1365 1133; x_wconf 85' lang='lat' dir='ltr'>preiudicium</span> <span class='ocrx_word' id='word_1_179' title='bbox 1385 1090 1550 1132; x_wconf 82' lang='lat' dir='ltr'>generari.</span> <span class='ocrx_word' id='word_1_180' title='bbox 1583 1087 1649 1120; x_wconf 83' lang='lat' dir='ltr'>Seu</span> <span class='ocrx_word' id='word_1_181' title='bbox 1679 1089 1705 1120; x_wconf 84' lang='lat' dir='ltr'>si</span> <span class='ocrx_word' id='word_1_182' title='bbox 1726 1085 1884 1120; x_wconf 86' lang='lat' dir='ltr'>veneral).</span> <span class='ocrx_word' id='word_1_183' title='bbox 1917 1085 2010 1119; x_wconf 89' lang='lat' dir='ltr'>fratri</span> 
     </span>
     <span class='ocr_line' id='line_1_18' title="bbox 165 1145 2007 1195; baseline -0.002 -11"><span class='ocrx_word' id='word_1_184' title='bbox 165 1156 321 1185; x_wconf 83' lang='lat' dir='ltr'>nostro..</span> <span class='ocrx_word' id='word_1_185' title='bbox 341 1177 372 1183; x_wconf 94' lang='lat'>..</span> <span class='ocrx_word' id='word_1_186' title='bbox 410 1149 577 1195; x_wconf 83' lang='lat' dir='ltr'>Episcopo</span> <span class='ocrx_word' id='word_1_187' title='bbox 606 1154 637 1182; x_wconf 87' lang='lat' dir='ltr'>et</span> <span class='ocrx_word' id='word_1_188' title='bbox 665 1149 791 1182; x_wconf 79' lang='lat' dir='ltr'>dilectis</span> <span class='ocrx_word' id='word_1_189' title='bbox 821 1149 893 1182; x_wconf 83' lang='lat' dir='ltr'>liliis</span> <span class='ocrx_word' id='word_1_190' title='bbox 927 1148 1075 1193; x_wconf 80' lang='lat' dir='ltr'>Capitulo</span> <span class='ocrx_word' id='word_1_191' title='bbox 1103 1148 1332 1191; x_wconf 74' lang='lat' dir='ltr'>Olomucensi,</span> <span class='ocrx_word' id='word_1_192' title='bbox 1362 1149 1413 1182; x_wconf 87' lang='lat' dir='ltr'>vel</span> <span class='ocrx_word' id='word_1_193' title='bbox 1443 1148 1611 1193; x_wconf 69' lang='lat' dir='ltr'>quibusvis</span> <span class='ocrx_word' id='word_1_194' title='bbox 1641 1148 1711 1181; x_wconf 82' lang='lat' dir='ltr'>aliis</span> <span class='ocrx_word' id='word_1_195' title='bbox 1741 1149 1924 1180; x_wconf 88' lang='lat' dir='ltr'>comuniter</span> <span class='ocrx_word' id='word_1_196' title='bbox 1952 1145 2007 1181; x_wconf 88' lang='lat' dir='ltr'>vel</span> 
     </span>
     <span class='ocr_line' id='line_1_19' title="bbox 165 1208 2010 1255; baseline -0.003 -10"><span class='ocrx_word' id='word_1_197' title='bbox 165 1211 294 1245; x_wconf 84' lang='lat' dir='ltr'>divisim</span> <span class='ocrx_word' id='word_1_198' title='bbox 330 1223 347 1244; x_wconf 91' lang='lat' dir='ltr'>a</span> <span class='ocrx_word' id='word_1_199' title='bbox 385 1210 469 1243; x_wconf 89' lang='lat' dir='ltr'>dicta</span> <span class='ocrx_word' id='word_1_200' title='bbox 500 1213 540 1243; x_wconf 84' lang='lat' dir='ltr'>sit</span> <span class='ocrx_word' id='word_1_201' title='bbox 570 1209 658 1243; x_wconf 83' lang='lat' dir='ltr'>Sede</span> <span class='ocrx_word' id='word_1_202' title='bbox 695 1208 850 1243; x_wconf 90' lang='lat' dir='ltr'>indultum</span> <span class='ocrx_word' id='word_1_203' title='bbox 888 1209 971 1255; x_wconf 87' lang='lat' dir='ltr'>quod</span> <span class='ocrx_word' id='word_1_204' title='bbox 1010 1209 1049 1243; x_wconf 88' lang='lat' dir='ltr'>ad</span> <span class='ocrx_word' id='word_1_205' title='bbox 1085 1212 1311 1254; x_wconf 84' lang='lat' dir='ltr'>receptionem</span> <span class='ocrx_word' id='word_1_206' title='bbox 1352 1209 1404 1242; x_wconf 88' lang='lat' dir='ltr'>vel</span> <span class='ocrx_word' id='word_1_207' title='bbox 1443 1211 1666 1254; x_wconf 75' lang='lat' dir='ltr'>provisionem</span> <span class='ocrx_word' id='word_1_208' title='bbox 1703 1208 1839 1241; x_wconf 89' lang='lat' dir='ltr'>alicuius</span> <span class='ocrx_word' id='word_1_209' title='bbox 1876 1209 2010 1240; x_wconf 89' lang='lat' dir='ltr'>minime</span> 
     </span>
     <span class='ocr_line' id='line_1_20' title="bbox 165 1266 2010 1315; baseline -0.002 -10"><span class='ocrx_word' id='word_1_210' title='bbox 165 1276 353 1307; x_wconf 66' lang='lat' dir='ltr'>teneantur.</span> <span class='ocrx_word' id='word_1_211' title='bbox 385 1275 414 1304; x_wconf 87' lang='lat' dir='ltr'>et</span> <span class='ocrx_word' id='word_1_212' title='bbox 445 1270 482 1304; x_wconf 93' lang='lat' dir='ltr'>ad</span> <span class='ocrx_word' id='word_1_213' title='bbox 505 1270 534 1303; x_wconf 92' lang='lat' dir='ltr'>id</span> <span class='ocrx_word' id='word_1_214' title='bbox 555 1270 704 1315; x_wconf 86' lang='lat' dir='ltr'>compelli</span> <span class='ocrx_word' id='word_1_215' title='bbox 736 1282 799 1303; x_wconf 89' lang='lat' dir='ltr'>uon</span> <span class='ocrx_word' id='word_1_216' title='bbox 828 1273 973 1315; x_wconf 72' lang='lat' dir='ltr'>possint,</span> <span class='ocrx_word' id='word_1_217' title='bbox 1004 1269 1154 1315; x_wconf 86' lang='lat' dir='ltr'>quodque</span> <span class='ocrx_word' id='word_1_218' title='bbox 1176 1270 1215 1303; x_wconf 88' lang='lat' dir='ltr'>de</span> <span class='ocrx_word' id='word_1_219' title='bbox 1244 1269 1452 1313; x_wconf 80' lang='lat' dir='ltr'>dignitatibus</span> <span class='ocrx_word' id='word_1_220' title='bbox 1474 1270 1525 1302; x_wconf 88' lang='lat' dir='ltr'>vel</span> <span class='ocrx_word' id='word_1_221' title='bbox 1547 1268 1778 1314; x_wconf 78' lang='lat' dir='ltr'>personatibus</span> <span class='ocrx_word' id='word_1_222' title='bbox 1808 1272 1863 1302; x_wconf 86' lang='lat' dir='ltr'>aut</span> <span class='ocrx_word' id='word_1_223' title='bbox 1891 1266 2010 1302; x_wconf 76' lang='lat' dir='ltr'>officiis</span> 
     </span>
     <span class='ocr_line' id='line_1_21' title="bbox 166 1330 2011 1378; baseline -0.002 -13"><span class='ocrx_word' id='word_1_224' title='bbox 166 1336 265 1378; x_wconf 81' lang='lat' dir='ltr'>ipsius</span> <span class='ocrx_word' id='word_1_225' title='bbox 292 1333 435 1365; x_wconf 77' lang='lat' dir='ltr'>ecclesie</span> <span class='ocrx_word' id='word_1_226' title='bbox 457 1331 591 1377; x_wconf 87' lang='lat' dir='ltr'>aliisque</span> <span class='ocrx_word' id='word_1_227' title='bbox 619 1331 789 1364; x_wconf 87' lang='lat' dir='ltr'>bcneliciis</span> <span class='ocrx_word' id='word_1_228' title='bbox 810 1332 1046 1364; x_wconf 84' lang='lat' dir='ltr'>ecelesiasticis</span> <span class='ocrx_word' id='word_1_229' title='bbox 1068 1330 1106 1364; x_wconf 87' lang='lat' dir='ltr'>ad</span> <span class='ocrx_word' id='word_1_230' title='bbox 1128 1341 1241 1364; x_wconf 88' lang='lat' dir='ltr'>eorum</span> <span class='ocrx_word' id='word_1_231' title='bbox 1262 1330 1486 1363; x_wconf 88' lang='lat' dir='ltr'>collationem.</span> <span class='ocrx_word' id='word_1_232' title='bbox 1508 1333 1752 1375; x_wconf 65' lang='lat' dir='ltr'>provisionem,</span> <span class='ocrx_word' id='word_1_233' title='bbox 1782 1339 1840 1363; x_wconf 88' lang='lat' dir='ltr'>seu</span> <span class='ocrx_word' id='word_1_234' title='bbox 1860 1330 2011 1374; x_wconf 86' lang='lat' dir='ltr'>quamvis</span> 
     </span>
     <span class='ocr_line' id='line_1_22' title="bbox 166 1389 2011 1437; baseline -0.002 -11"><span class='ocrx_word' id='word_1_235' title='bbox 166 1394 261 1426; x_wconf 90' lang='lat' dir='ltr'>aliam</span> <span class='ocrx_word' id='word_1_236' title='bbox 296 1393 546 1437; x_wconf 78' lang='lat' dir='ltr'>dispositionem</span> <span class='ocrx_word' id='word_1_237' title='bbox 583 1394 782 1425; x_wconf 63' lang='lat' dir='ltr'>muniunt-tim</span> <span class='ocrx_word' id='word_1_238' title='bbox 814 1392 866 1424; x_wconf 72' lang='lat' dir='ltr'>vel</span> <span class='ocrx_word' id='word_1_239' title='bbox 896 1394 1070 1437; x_wconf 88' lang='lat' dir='ltr'>separatim</span> <span class='ocrx_word' id='word_1_240' title='bbox 1105 1390 1327 1436; x_wconf 82' lang='lat' dir='ltr'>spectantibus</span> <span class='ocrx_word' id='word_1_241' title='bbox 1361 1391 1436 1424; x_wconf 90' lang='lat' dir='ltr'>nulli</span> <span class='ocrx_word' id='word_1_242' title='bbox 1465 1391 1574 1424; x_wconf 81' lang='lat' dir='ltr'>valeat</span> <span class='ocrx_word' id='word_1_243' title='bbox 1604 1390 1770 1435; x_wconf 80' lang='lat' dir='ltr'>provideri</span> <span class='ocrx_word' id='word_1_244' title='bbox 1800 1400 1858 1435; x_wconf 91' lang='lat' dir='ltr'>per</span> <span class='ocrx_word' id='word_1_245' title='bbox 1885 1389 2011 1423; x_wconf 87' lang='lat' dir='ltr'>litteras</span> 
     </span>
     <span class='ocr_line' id='line_1_23' title="bbox 167 1448 2010 1499; baseline -0.003 -12"><span class='ocrx_word' id='word_1_246' title='bbox 167 1453 368 1499; x_wconf 77' lang='lat' dir='ltr'>apostolicas</span> <span class='ocrx_word' id='word_1_247' title='bbox 389 1464 453 1485; x_wconf 90' lang='lat' dir='ltr'>non</span> <span class='ocrx_word' id='word_1_248' title='bbox 475 1451 636 1485; x_wconf 78' lang='lat' dir='ltr'>facientes</span> <span class='ocrx_word' id='word_1_249' title='bbox 664 1453 791 1497; x_wconf 82' lang='lat' dir='ltr'>plenam</span> <span class='ocrx_word' id='word_1_250' title='bbox 821 1456 851 1485; x_wconf 85' lang='lat' dir='ltr'>et</span> <span class='ocrx_word' id='word_1_251' title='bbox 882 1463 1088 1497; x_wconf 58' lang='lat' dir='ltr'>expressam,</span> <span class='ocrx_word' id='word_1_252' title='bbox 1119 1463 1157 1484; x_wconf 90' lang='lat' dir='ltr'>ac</span> <span class='ocrx_word' id='word_1_253' title='bbox 1187 1451 1226 1484; x_wconf 86' lang='lat' dir='ltr'>de</span> <span class='ocrx_word' id='word_1_254' title='bbox 1257 1450 1358 1485; x_wconf 83' lang='lat' dir='ltr'>verbo</span> <span class='ocrx_word' id='word_1_255' title='bbox 1387 1450 1424 1484; x_wconf 92' lang='lat' dir='ltr'>ad</span> <span class='ocrx_word' id='word_1_256' title='bbox 1454 1450 1592 1484; x_wconf 76' lang='lat' dir='ltr'>verbum</span> <span class='ocrx_word' id='word_1_257' title='bbox 1622 1451 1661 1483; x_wconf 87' lang='lat' dir='ltr'>de</span> <span class='ocrx_word' id='word_1_258' title='bbox 1683 1450 1804 1484; x_wconf 92' lang='lat' dir='ltr'>indulto</span> <span class='ocrx_word' id='word_1_259' title='bbox 1826 1448 2010 1483; x_wconf 82' lang='lat' dir='ltr'>huiusmodi</span> 
     </span>
     <span class='ocr_line' id='line_1_24' title="bbox 167 1512 2009 1558; baseline -0.002 -11"><span class='ocrx_word' id='word_1_260' title='bbox 167 1517 383 1547; x_wconf 85' lang='lat' dir='ltr'>mentionem.</span> <span class='ocrx_word' id='word_1_261' title='bbox 415 1517 445 1545; x_wconf 88' lang='lat' dir='ltr'>et</span> <span class='ocrx_word' id='word_1_262' title='bbox 474 1513 613 1558; x_wconf 83' lang='lat' dir='ltr'>qualibet</span> <span class='ocrx_word' id='word_1_263' title='bbox 644 1513 704 1546; x_wconf 87' lang='lat' dir='ltr'>alia</span> <span class='ocrx_word' id='word_1_264' title='bbox 735 1512 808 1545; x_wconf 89' lang='lat' dir='ltr'>dicti</span> <span class='ocrx_word' id='word_1_265' title='bbox 838 1512 925 1545; x_wconf 72' lang='lat' dir='ltr'>sedis</span> <span class='ocrx_word' id='word_1_266' title='bbox 955 1512 1156 1555; x_wconf 64' lang='lat' dir='ltr'>indulgentia</span> <span class='ocrx_word' id='word_1_267' title='bbox 1177 1512 1324 1553; x_wconf 60' lang='lat' dir='ltr'>generali</span> <span class='ocrx_word' id='word_1_268' title='bbox 1355 1512 1406 1545; x_wconf 85' lang='lat' dir='ltr'>vel</span> <span class='ocrx_word' id='word_1_269' title='bbox 1436 1512 1589 1557; x_wconf 43' lang='lat' dir='ltr'>speciali5</span> <span class='ocrx_word' id='word_1_270' title='bbox 1620 1514 1855 1556; x_wconf 86' lang='lat' dir='ltr'>cuiuscumque</span> <span class='ocrx_word' id='word_1_271' title='bbox 1884 1512 2009 1544; x_wconf 87' lang='lat' dir='ltr'>tenoris</span> 
     </span>
     <span class='ocr_line' id='line_1_25' title="bbox 167 1569 2010 1618; baseline -0.002 -11"><span class='ocrx_word' id='word_1_272' title='bbox 167 1577 301 1607; x_wconf 69' lang='lat' dir='ltr'>existat.</span> <span class='ocrx_word' id='word_1_273' title='bbox 334 1585 390 1618; x_wconf 87' lang='lat' dir='ltr'>per</span> <span class='ocrx_word' id='word_1_274' title='bbox 419 1585 513 1618; x_wconf 89' lang='lat' dir='ltr'>quam</span> <span class='ocrx_word' id='word_1_275' title='bbox 545 1573 754 1618; x_wconf 71' lang='lat' dir='ltr'>presentibus</span> <span class='ocrx_word' id='word_1_276' title='bbox 782 1584 846 1606; x_wconf 88' lang='lat' dir='ltr'>non</span> <span class='ocrx_word' id='word_1_277' title='bbox 875 1584 1070 1618; x_wconf 68' lang='lat' dir='ltr'>expressam</span> <span class='ocrx_word' id='word_1_278' title='bbox 1107 1573 1160 1606; x_wconf 90' lang='lat' dir='ltr'>vel</span> <span class='ocrx_word' id='word_1_279' title='bbox 1190 1573 1331 1606; x_wconf 87' lang='lat' dir='ltr'>totaliter</span> <span class='ocrx_word' id='word_1_280' title='bbox 1359 1583 1422 1605; x_wconf 90' lang='lat' dir='ltr'>non</span> <span class='ocrx_word' id='word_1_281' title='bbox 1453 1575 1625 1611; x_wconf 69' lang='lat' dir='ltr'>insertam,</span> <span class='ocrx_word' id='word_1_282' title='bbox 1664 1572 1798 1605; x_wconf 81' lang='lat' dir='ltr'>ell&#39;ectus</span> <span class='ocrx_word' id='word_1_283' title='bbox 1827 1569 2010 1604; x_wconf 84' lang='lat' dir='ltr'>huiusmodi</span> 
     </span>
     <span class='ocr_line' id='line_1_26' title="bbox 165 1630 2010 1679; baseline -0.002 -11"><span class='ocrx_word' id='word_1_284' title='bbox 165 1638 270 1679; x_wconf 76' lang='lat' dir='ltr'>gratie</span> <span class='ocrx_word' id='word_1_285' title='bbox 300 1634 447 1679; x_wconf 89' lang='lat' dir='ltr'>impediri</span> <span class='ocrx_word' id='word_1_286' title='bbox 480 1634 584 1667; x_wconf 61' lang='lat' dir='ltr'>valeat</span> <span class='ocrx_word' id='word_1_287' title='bbox 617 1633 861 1678; x_wconf 79' lang='lat' dir='ltr'>‹piomodolibet</span> <span class='ocrx_word' id='word_1_288' title='bbox 891 1634 942 1666; x_wconf 68' lang='lat' dir='ltr'>vel</span> <span class='ocrx_word' id='word_1_289' title='bbox 972 1634 1085 1676; x_wconf 55' lang='lat' dir='ltr'>‹lill&#39;ern</span> <span class='ocrx_word' id='word_1_290' title='bbox 1117 1638 1148 1667; x_wconf 88' lang='lat' dir='ltr'>et</span> <span class='ocrx_word' id='word_1_291' title='bbox 1176 1633 1216 1667; x_wconf 91' lang='lat' dir='ltr'>de</span> <span class='ocrx_word' id='word_1_292' title='bbox 1250 1645 1311 1678; x_wconf 89' lang='lat' dir='ltr'>qua</span> <span class='ocrx_word' id='word_1_293' title='bbox 1347 1636 1579 1677; x_wconf 77' lang='lat' dir='ltr'>cuiuscmmpie</span> <span class='ocrx_word' id='word_1_294' title='bbox 1615 1637 1681 1665; x_wconf 87' lang='lat' dir='ltr'>toto</span> <span class='ocrx_word' id='word_1_295' title='bbox 1711 1637 1826 1666; x_wconf 88' lang='lat' dir='ltr'>tenore</span> <span class='ocrx_word' id='word_1_296' title='bbox 1861 1630 2010 1665; x_wconf 87' lang='lat' dir='ltr'>habenda</span> 
     </span>
     <span class='ocr_line' id='line_1_27' title="bbox 167 1691 2012 1740; baseline -0.002 -11"><span class='ocrx_word' id='word_1_297' title='bbox 167 1699 204 1729; x_wconf 81' lang='lat' dir='ltr'>sit</span> <span class='ocrx_word' id='word_1_298' title='bbox 237 1698 265 1728; x_wconf 91' lang='lat' dir='ltr'>in</span> <span class='ocrx_word' id='word_1_299' title='bbox 297 1698 418 1728; x_wconf 74' lang='lat' dir='ltr'>nostris</span> <span class='ocrx_word' id='word_1_300' title='bbox 449 1694 561 1727; x_wconf 82' lang='lat' dir='ltr'>litteris</span> <span class='ocrx_word' id='word_1_301' title='bbox 592 1697 719 1727; x_wconf 84' lang='lat' dir='ltr'>mencio</span> <span class='ocrx_word' id='word_1_302' title='bbox 749 1695 915 1740; x_wconf 82' lang='lat' dir='ltr'>specialis.</span> <span class='ocrx_word' id='word_1_303' title='bbox 972 1695 1039 1727; x_wconf 81' lang='lat' dir='ltr'>Aut</span> <span class='ocrx_word' id='word_1_304' title='bbox 1068 1697 1094 1729; x_wconf 86' lang='lat' dir='ltr'>si</span> <span class='ocrx_word' id='word_1_305' title='bbox 1124 1705 1261 1740; x_wconf 86' lang='lat' dir='ltr'>presens</span> <span class='ocrx_word' id='word_1_306' title='bbox 1288 1705 1352 1727; x_wconf 92' lang='lat' dir='ltr'>non</span> <span class='ocrx_word' id='word_1_307' title='bbox 1383 1692 1484 1726; x_wconf 81' lang='lat' dir='ltr'>fueris</span> <span class='ocrx_word' id='word_1_308' title='bbox 1513 1693 1551 1726; x_wconf 91' lang='lat' dir='ltr'>ad</span> <span class='ocrx_word' id='word_1_309' title='bbox 1582 1693 1801 1738; x_wconf 79' lang='lat' dir='ltr'>prestandum</span> <span class='ocrx_word' id='word_1_310' title='bbox 1821 1691 1862 1726; x_wconf 93' lang='lat' dir='ltr'>de</span> <span class='ocrx_word' id='word_1_311' title='bbox 1890 1691 2012 1725; x_wconf 82' lang='lat' dir='ltr'>obser-</span> 
     </span>
     <span class='ocr_line' id='line_1_28' title="bbox 167 1753 2011 1800; baseline -0.003 -11"><span class='ocrx_word' id='word_1_312' title='bbox 167 1756 283 1789; x_wconf 74' lang='lat' dir='ltr'>vandis</span> <span class='ocrx_word' id='word_1_313' title='bbox 312 1759 438 1788; x_wconf 70' lang='lat' dir='ltr'>statutis</span> <span class='ocrx_word' id='word_1_314' title='bbox 469 1759 500 1787; x_wconf 78' lang='lat' dir='ltr'>ct</span> <span class='ocrx_word' id='word_1_315' title='bbox 529 1754 819 1788; x_wconf 76' lang='lat' dir='ltr'>constwtmlinilms</span> <span class='ocrx_word' id='word_1_316' title='bbox 850 1757 950 1800; x_wconf 73' lang='lat' dir='ltr'>ipsius</span> <span class='ocrx_word' id='word_1_317' title='bbox 972 1755 1127 1795; x_wconf 57' lang='lat' dir='ltr'>ecclesie‚</span> <span class='ocrx_word' id='word_1_318' title='bbox 1157 1757 1283 1788; x_wconf 89' lang='lat' dir='ltr'>ratione</span> <span class='ocrx_word' id='word_1_319' title='bbox 1309 1754 1384 1787; x_wconf 89' lang='lat' dir='ltr'>dicti</span> <span class='ocrx_word' id='word_1_320' title='bbox 1405 1753 1601 1795; x_wconf 70' lang='lat' dir='ltr'>decanatus,</span> <span class='ocrx_word' id='word_1_321' title='bbox 1633 1753 1760 1787; x_wconf 87' lang='lat' dir='ltr'>solitum</span> <span class='ocrx_word' id='word_1_322' title='bbox 1782 1755 2011 1794; x_wconf 66' lang='lat' dir='ltr'>iuramentum,</span> 
     </span>
     <span class='ocr_line' id='line_1_29' title="bbox 167 1813 2012 1861; baseline -0.002 -12"><span class='ocrx_word' id='word_1_323' title='bbox 167 1816 340 1849; x_wconf 91' lang='lat' dir='ltr'>dummodo</span> <span class='ocrx_word' id='word_1_324' title='bbox 371 1818 400 1848; x_wconf 93' lang='lat' dir='ltr'>in</span> <span class='ocrx_word' id='word_1_325' title='bbox 431 1815 578 1848; x_wconf 79' lang='lat' dir='ltr'>absentia</span> <span class='ocrx_word' id='word_1_326' title='bbox 608 1820 659 1849; x_wconf 90' lang='lat' dir='ltr'>tua</span> <span class='ocrx_word' id='word_1_327' title='bbox 690 1827 748 1860; x_wconf 89' lang='lat' dir='ltr'>per</span> <span class='ocrx_word' id='word_1_328' title='bbox 778 1819 1026 1860; x_wconf 85' lang='lat' dir='ltr'>procuratorem</span> <span class='ocrx_word' id='word_1_329' title='bbox 1055 1815 1220 1861; x_wconf 58' lang='lat' dir='ltr'>ydoneum</span> <span class='ocrx_word' id='word_1_330' title='bbox 1254 1819 1286 1848; x_wconf 91' lang='lat' dir='ltr'>et</span> <span class='ocrx_word' id='word_1_331' title='bbox 1314 1825 1386 1847; x_wconf 90' lang='lat' dir='ltr'>cum</span> <span class='ocrx_word' id='word_1_332' title='bbox 1417 1813 1455 1847; x_wconf 93' lang='lat' dir='ltr'>ad</span> <span class='ocrx_word' id='word_1_333' title='bbox 1486 1814 1660 1847; x_wconf 84' lang='lat' dir='ltr'>ecclesiam</span> <span class='ocrx_word' id='word_1_334' title='bbox 1691 1816 1795 1858; x_wconf 83' lang='lat' dir='ltr'>ipsam</span> <span class='ocrx_word' id='word_1_335' title='bbox 1824 1814 2012 1847; x_wconf 81' lang='lat' dir='ltr'>accesseris</span> 
     </span>
     <span class='ocr_line' id='line_1_30' title="bbox 167 1874 2012 1921; baseline -0.001 -12"><span class='ocrx_word' id='word_1_336' title='bbox 167 1876 384 1921; x_wconf 76' lang='lat' dir='ltr'>corporaliter</span> <span class='ocrx_word' id='word_1_337' title='bbox 405 1876 477 1909; x_wconf 90' lang='lat' dir='ltr'>illud</span> <span class='ocrx_word' id='word_1_338' title='bbox 501 1881 640 1920; x_wconf 80' lang='lat' dir='ltr'>prestes.</span> <span class='ocrx_word' id='word_1_339' title='bbox 673 1876 740 1908; x_wconf 74' lang='lat' dir='ltr'>Son</span> <span class='ocrx_word' id='word_1_340' title='bbox 770 1876 854 1920; x_wconf 87' lang='lat' dir='ltr'>qnod</span> <span class='ocrx_word' id='word_1_341' title='bbox 885 1878 914 1908; x_wconf 90' lang='lat' dir='ltr'>in</span> <span class='ocrx_word' id='word_1_342' title='bbox 944 1875 1038 1909; x_wconf 87' lang='lat' dir='ltr'>dictis</span> <span class='ocrx_word' id='word_1_343' title='bbox 1061 1876 1271 1909; x_wconf 82' lang='lat' dir='ltr'>Olomucensi</span> <span class='ocrx_word' id='word_1_344' title='bbox 1300 1879 1330 1908; x_wconf 89' lang='lat' dir='ltr'>et</span> <span class='ocrx_word' id='word_1_345' title='bbox 1350 1874 1594 1907; x_wconf 72' lang='lat' dir='ltr'>&#39;l&#39;ridentinensi</span> <span class='ocrx_word' id='word_1_346' title='bbox 1617 1874 1775 1907; x_wconf 79' lang='lat' dir='ltr'>Ecclesiis</span> <span class='ocrx_word' id='word_1_347' title='bbox 1795 1875 2012 1907; x_wconf 81' lang='lat' dir='ltr'>canonicatus</span> 
     </span>
     <span class='ocr_line' id='line_1_31' title="bbox 168 1933 2008 1982; baseline -0.002 -12"><span class='ocrx_word' id='word_1_348' title='bbox 168 1942 199 1970; x_wconf 85' lang='lat' dir='ltr'>et</span> <span class='ocrx_word' id='word_1_349' title='bbox 236 1936 437 1982; x_wconf 72' lang='lat' dir='ltr'>prebendas.</span> <span class='ocrx_word' id='word_1_350' title='bbox 474 1949 511 1969; x_wconf 90' lang='lat' dir='ltr'>ac</span> <span class='ocrx_word' id='word_1_351' title='bbox 548 1937 731 1981; x_wconf 88' lang='lat' dir='ltr'>plebaniam</span> <span class='ocrx_word' id='word_1_352' title='bbox 767 1937 911 1969; x_wconf 77' lang='lat' dir='ltr'>ecclesie</span> <span class='ocrx_word' id='word_1_353' title='bbox 948 1939 977 1970; x_wconf 93' lang='lat' dir='ltr'>in</span> <span class='ocrx_word' id='word_1_354' title='bbox 1018 1936 1214 1970; x_wconf 72' lang='lat' dir='ltr'>Czaczwicz</span> <span class='ocrx_word' id='word_1_355' title='bbox 1241 1935 1470 1969; x_wconf 78' lang='lat' dir='ltr'>Ulmuucensis</span> <span class='ocrx_word' id='word_1_356' title='bbox 1499 1934 1640 1968; x_wconf 86' lang='lat' dir='ltr'>diocesis</span> <span class='ocrx_word' id='word_1_357' title='bbox 1669 1938 1817 1968; x_wconf 87' lang='lat' dir='ltr'>nosceris</span> <span class='ocrx_word' id='word_1_358' title='bbox 1847 1933 2008 1967; x_wconf 84' lang='lat' dir='ltr'>obtinere.</span> 
     </span>
     <span class='ocr_line' id='line_1_32' title="bbox 170 1995 2012 2042; baseline -0.002 -12"><span class='ocrx_word' id='word_1_359' title='bbox 170 1997 326 2030; x_wconf 80' lang='lat' dir='ltr'>Volumus</span> <span class='ocrx_word' id='word_1_360' title='bbox 363 2001 469 2029; x_wconf 89' lang='lat' dir='ltr'>autem</span> <span class='ocrx_word' id='word_1_361' title='bbox 492 1997 575 2042; x_wconf 92' lang='lat' dir='ltr'>quod</span> <span class='ocrx_word' id='word_1_362' title='bbox 605 2001 775 2042; x_wconf 74' lang='lat' dir='ltr'>postquam</span> <span class='ocrx_word' id='word_1_363' title='bbox 799 2000 915 2040; x_wconf 64' lang='lat' dir='ltr'>vigore</span> <span class='ocrx_word' id='word_1_364' title='bbox 936 2000 1100 2042; x_wconf 84' lang='lat' dir='ltr'>presentis</span> <span class='ocrx_word' id='word_1_365' title='bbox 1119 1999 1225 2041; x_wconf 82' lang='lat' dir='ltr'>gratie</span> <span class='ocrx_word' id='word_1_366' title='bbox 1253 1996 1367 2041; x_wconf 83' lang='lat' dir='ltr'>prel&#39;ati</span> <span class='ocrx_word' id='word_1_367' title='bbox 1389 1995 1570 2028; x_wconf 80' lang='lat' dir='ltr'>decanatus</span> <span class='ocrx_word' id='word_1_368' title='bbox 1592 1995 1761 2040; x_wconf 88' lang='lat' dir='ltr'>pacilicam</span> <span class='ocrx_word' id='word_1_369' title='bbox 1782 1996 2012 2040; x_wconf 88' lang='lat' dir='ltr'>possesionem</span> 
     </span>
     <span class='ocr_line' id='line_1_33' title="bbox 170 2055 2014 2102; baseline -0.003 -11"><span class='ocrx_word' id='word_1_370' title='bbox 170 2059 269 2091; x_wconf 79' lang='lat' dir='ltr'>l&#39;ueris</span> <span class='ocrx_word' id='word_1_371' title='bbox 300 2062 473 2091; x_wconf 77' lang='lat' dir='ltr'>assecutus</span> <span class='ocrx_word' id='word_1_372' title='bbox 502 2061 731 2090; x_wconf 87' lang='lat' dir='ltr'>canonicatum</span> <span class='ocrx_word' id='word_1_373' title='bbox 768 2062 798 2090; x_wconf 89' lang='lat' dir='ltr'>ct</span> <span class='ocrx_word' id='word_1_374' title='bbox 834 2057 1033 2102; x_wconf 81' lang='lat' dir='ltr'>prebendam</span> <span class='ocrx_word' id='word_1_375' title='bbox 1063 2058 1150 2091; x_wconf 88' lang='lat' dir='ltr'>dicte</span> <span class='ocrx_word' id='word_1_376' title='bbox 1179 2056 1370 2091; x_wconf 85' lang='lat' dir='ltr'>Tridentine</span> <span class='ocrx_word' id='word_1_377' title='bbox 1390 2055 1541 2089; x_wconf 81' lang='lat' dir='ltr'>Ecclesie</span> <span class='ocrx_word' id='word_1_378' title='bbox 1571 2067 1609 2088; x_wconf 89' lang='lat' dir='ltr'>ac</span> <span class='ocrx_word' id='word_1_379' title='bbox 1638 2055 1839 2100; x_wconf 72' lang='lat' dir='ltr'>plebaniam,</span> <span class='ocrx_word' id='word_1_380' title='bbox 1869 2064 1951 2100; x_wconf 84' lang='lat' dir='ltr'>ques</span> <span class='ocrx_word' id='word_1_381' title='bbox 1980 2057 2014 2087; x_wconf 89' lang='lat' dir='ltr'>ut</span> 
     </span>
     <span class='ocr_line' id='line_1_34' title="bbox 169 2115 2013 2164; baseline -0.002 -13"><span class='ocrx_word' id='word_1_382' title='bbox 169 2119 344 2164; x_wconf 68' lang='lat' dir='ltr'>predicitur</span> <span class='ocrx_word' id='word_1_383' title='bbox 378 2117 523 2157; x_wconf 69' lang='lat' dir='ltr'>obtines,</span> <span class='ocrx_word' id='word_1_384' title='bbox 560 2128 708 2162; x_wconf 72' lang='lat' dir='ltr'>quosque</span> <span class='ocrx_word' id='word_1_385' title='bbox 745 2129 786 2150; x_wconf 76' lang='lat' dir='ltr'>ex</span> <span class='ocrx_word' id='word_1_386' title='bbox 823 2123 899 2151; x_wconf 87' lang='lat' dir='ltr'>tune</span> <span class='ocrx_word' id='word_1_387' title='bbox 934 2129 1058 2151; x_wconf 90' lang='lat' dir='ltr'>vacare</span> <span class='ocrx_word' id='word_1_388' title='bbox 1093 2118 1316 2160; x_wconf 60' lang='lat' dir='ltr'>decernimus„</span> <span class='ocrx_word' id='word_1_389' title='bbox 1352 2120 1446 2162; x_wconf 88' lang='lat' dir='ltr'>prout</span> <span class='ocrx_word' id='word_1_390' title='bbox 1484 2118 1580 2148; x_wconf 91' lang='lat' dir='ltr'>etiam</span> <span class='ocrx_word' id='word_1_391' title='bbox 1610 2116 1649 2149; x_wconf 91' lang='lat' dir='ltr'>ad</span> <span class='ocrx_word' id='word_1_392' title='bbox 1679 2115 1740 2149; x_wconf 82' lang='lat' dir='ltr'>lioe</span> <span class='ocrx_word' id='word_1_393' title='bbox 1769 2120 1800 2149; x_wconf 89' lang='lat' dir='ltr'>te</span> <span class='ocrx_word' id='word_1_394' title='bbox 1828 2119 2013 2160; x_wconf 86' lang='lat' dir='ltr'>spontanee</span> 
     </span>
     <span class='ocr_line' id='line_1_35' title="bbox 168 2177 2022 2223; baseline -0.001 -12"><span class='ocrx_word' id='word_1_395' title='bbox 168 2179 329 2214; x_wconf 74' lang='lat' dir='ltr'>obtulisti.</span> <span class='ocrx_word' id='word_1_396' title='bbox 351 2182 483 2211; x_wconf 80' lang='lat' dir='ltr'>‹mmino</span> <span class='ocrx_word' id='word_1_397' title='bbox 510 2178 672 2211; x_wconf 81' lang='lat' dir='ltr'>dimittere</span> <span class='ocrx_word' id='word_1_398' title='bbox 694 2181 848 2211; x_wconf 82' lang='lat' dir='ltr'>tenearis.</span> <span class='ocrx_word' id='word_1_399' title='bbox 879 2178 963 2212; x_wconf 62' lang='lat' dir='ltr'>Nulli</span> <span class='ocrx_word' id='word_1_400' title='bbox 990 2190 1072 2223; x_wconf 79' lang='lat' dir='ltr'>ergo</span> <span class='ocrx_word' id='word_1_401' title='bbox 1093 2183 1155 2212; x_wconf 88' lang='lat' dir='ltr'>etc.</span> <span class='ocrx_word' id='word_1_402' title='bbox 1176 2183 1290 2212; x_wconf 82' lang='lat' dir='ltr'>nostre</span> <span class='ocrx_word' id='word_1_403' title='bbox 1309 2177 1503 2212; x_wconf 68' lang='lat' dir='ltr'>collationis.</span> <span class='ocrx_word' id='word_1_404' title='bbox 1526 2179 1737 2221; x_wconf 72' lang='lat' dir='ltr'>provisionis,</span> <span class='ocrx_word' id='word_1_405' title='bbox 1757 2177 2022 2217; x_wconf 53' lang='lat' dir='ltr'>constitutionis,</span> 
     </span>
     <span class='ocr_line' id='line_1_36' title="bbox 169 2236 1766 2282; baseline 0 -11"><span class='ocrx_word' id='word_1_406' title='bbox 169 2244 197 2271; x_wconf 91' lang='lat' dir='ltr'>et</span> <span class='ocrx_word' id='word_1_407' title='bbox 229 2239 403 2272; x_wconf 77' lang='lat' dir='ltr'>voluntatis</span> <span class='ocrx_word' id='word_1_408' title='bbox 432 2238 614 2281; x_wconf 65' lang='lat' dir='ltr'>intringere</span> <span class='ocrx_word' id='word_1_409' title='bbox 643 2243 703 2272; x_wconf 87' lang='lat' dir='ltr'>etc.</span> <span class='ocrx_word' id='word_1_410' title='bbox 736 2238 852 2272; x_wconf 80' lang='lat' dir='ltr'>Datum</span> <span class='ocrx_word' id='word_1_411' title='bbox 886 2238 1060 2273; x_wconf 81' lang='lat' dir='ltr'>Avenione</span> <span class='ocrx_word' id='word_1_412' title='bbox 1089 2239 1163 2272; x_wconf 86' lang='lat'>1111.</span> <span class='ocrx_word' id='word_1_413' title='bbox 1194 2238 1269 2272; x_wconf 88' lang='lat' dir='ltr'>ldus</span> <span class='ocrx_word' id='word_1_414' title='bbox 1298 2236 1467 2271; x_wconf 82' lang='lat' dir='ltr'>Februarii</span> <span class='ocrx_word' id='word_1_415' title='bbox 1497 2248 1584 2270; x_wconf 90' lang='lat' dir='ltr'>anno</span> <span class='ocrx_word' id='word_1_416' title='bbox 1614 2240 1766 2282; x_wconf 76' lang='lat' dir='ltr'>septimo.</span> 
     </span>
    </p>

    <p class='ocr_par' dir='ltr' id='par_1_4' title="bbox 170 2295 2011 2645">
     <span class='ocr_line' id='line_1_37' title="bbox 324 2295 2011 2345; baseline -0.002 -14"><span class='ocrx_word' id='word_1_417' title='bbox 324 2299 358 2332; x_wconf 91' lang='lat' dir='ltr'>ln</span> <span class='ocrx_word' id='word_1_418' title='bbox 395 2299 544 2332; x_wconf 82' lang='lat' dir='ltr'>euindem</span> <span class='ocrx_word' id='word_1_419' title='bbox 575 2298 703 2331; x_wconf 91' lang='lat' dir='ltr'>modum</span> <span class='ocrx_word' id='word_1_420' title='bbox 736 2298 923 2332; x_wconf 16' lang='lat' dir='ltr'>Vir-nerabili</span> <span class='ocrx_word' id='word_1_421' title='bbox 954 2300 1061 2333; x_wconf 82' lang='lat' dir='ltr'>l&#39;ratri.</span> <span class='ocrx_word' id='word_1_422' title='bbox 1080 2327 1112 2333; x_wconf 92' lang='lat'>..</span> <span class='ocrx_word' id='word_1_423' title='bbox 1143 2299 1310 2345; x_wconf 83' lang='lat' dir='ltr'>Episcopo</span> <span class='ocrx_word' id='word_1_424' title='bbox 1330 2298 1477 2331; x_wconf 77' lang='lat' dir='ltr'>Cumano</span> <span class='ocrx_word' id='word_1_425' title='bbox 1506 2302 1538 2330; x_wconf 85' lang='lat' dir='ltr'>et</span> <span class='ocrx_word' id='word_1_426' title='bbox 1567 2297 1693 2331; x_wconf 86' lang='lat' dir='ltr'>dilectis</span> <span class='ocrx_word' id='word_1_427' title='bbox 1723 2298 1839 2332; x_wconf 89' lang='lat' dir='ltr'>liliis..</span> <span class='ocrx_word' id='word_1_428' title='bbox 1858 2323 1866 2331; x_wconf 89' lang='lat'><strong><em>.</em></strong></span> <span class='ocrx_word' id='word_1_429' title='bbox 1888 2295 2011 2330; x_wconf 81' lang='lat' dir='ltr'>Wele-</span> 
     </span>
     <span class='ocr_line' id='line_1_38' title="bbox 171 2356 2009 2393; baseline -0.002 -2"><span class='ocrx_word' id='word_1_430' title='bbox 171 2358 368 2392; x_wconf 63' lang='lat' dir='ltr'>liradensis.</span> <span class='ocrx_word' id='word_1_431' title='bbox 403 2386 409 2392; x_wconf 88' lang='lat'><strong><em>.</em></strong></span> <span class='ocrx_word' id='word_1_432' title='bbox 446 2386 452 2392; x_wconf 94' lang='lat'><em>.</em></span> <span class='ocrx_word' id='word_1_433' title='bbox 487 2386 492 2392; x_wconf 95' lang='lat'>.</span> <span class='ocrx_word' id='word_1_434' title='bbox 535 2359 825 2393; x_wconf 77' lang='lat' dir='ltr'>Saum-dawicensi</span> <span class='ocrx_word' id='word_1_435' title='bbox 869 2363 1142 2393; x_wconf 84' lang='lat' dir='ltr'>monasteriorum</span> <span class='ocrx_word' id='word_1_436' title='bbox 1184 2358 1353 2393; x_wconf 86' lang='lat' dir='ltr'>abbatibus</span> <span class='ocrx_word' id='word_1_437' title='bbox 1402 2358 1632 2391; x_wconf 77' lang='lat' dir='ltr'>Olonmeensis</span> <span class='ocrx_word' id='word_1_438' title='bbox 1675 2358 1817 2392; x_wconf 86' lang='lat' dir='ltr'>diocesis</span> <span class='ocrx_word' id='word_1_439' title='bbox 1862 2356 2009 2392; x_wconf 81' lang='lat' dir='ltr'>salutem.</span> 
     </span>
     <span class='ocr_line' id='line_1_39' title="bbox 171 2415 2011 2464; baseline -0.001 -14"><span class='ocrx_word' id='word_1_440' title='bbox 171 2418 360 2452; x_wconf 84' lang='lat' dir='ltr'>Litterarum</span> <span class='ocrx_word' id='word_1_441' title='bbox 391 2422 530 2453; x_wconf 69' lang='lat' dir='ltr'>scientia</span> <span class='ocrx_word' id='word_1_442' title='bbox 560 2424 621 2453; x_wconf 88' lang='lat' dir='ltr'>etc.</span> <span class='ocrx_word' id='word_1_443' title='bbox 653 2430 755 2464; x_wconf 76' lang='lat' dir='ltr'>usqne</span> <span class='ocrx_word' id='word_1_444' title='bbox 784 2420 948 2454; x_wconf 83' lang='lat' dir='ltr'>dimittere</span> <span class='ocrx_word' id='word_1_445' title='bbox 978 2425 1154 2454; x_wconf 87' lang='lat' dir='ltr'>teneretur.</span> <span class='ocrx_word' id='word_1_446' title='bbox 1186 2420 1347 2460; x_wconf 78' lang='lat' dir='ltr'>Quocirca</span> <span class='ocrx_word' id='word_1_447' title='bbox 1377 2418 1568 2451; x_wconf 71' lang='lat' dir='ltr'>mandamus</span> <span class='ocrx_word' id='word_1_448' title='bbox 1598 2421 1749 2464; x_wconf 84' lang='lat' dir='ltr'>quatinus</span> <span class='ocrx_word' id='word_1_449' title='bbox 1778 2429 1838 2452; x_wconf 90' lang='lat' dir='ltr'>vos</span> <span class='ocrx_word' id='word_1_450' title='bbox 1867 2416 1919 2451; x_wconf 90' lang='lat' dir='ltr'>vel</span> <span class='ocrx_word' id='word_1_451' title='bbox 1947 2415 2011 2449; x_wconf 92' lang='lat' dir='ltr'>duo</span> 
     </span>
     <span class='ocr_line' id='line_1_40' title="bbox 170 2477 2011 2525; baseline -0.001 -15"><span class='ocrx_word' id='word_1_452' title='bbox 170 2483 223 2511; x_wconf 89' lang='lat' dir='ltr'>aut</span> <span class='ocrx_word' id='word_1_453' title='bbox 266 2490 348 2510; x_wconf 73' lang='lat' dir='ltr'>nnus</span> <span class='ocrx_word' id='word_1_454' title='bbox 387 2485 530 2513; x_wconf 60' lang='lat' dir='ltr'>vestrum</span> <span class='ocrx_word' id='word_1_455' title='bbox 570 2491 629 2525; x_wconf 93' lang='lat' dir='ltr'>per</span> <span class='ocrx_word' id='word_1_456' title='bbox 666 2492 726 2513; x_wconf 76' lang='lat' dir='ltr'>vos</span> <span class='ocrx_word' id='word_1_457' title='bbox 766 2481 816 2514; x_wconf 62' lang='lat' dir='ltr'>vel</span> <span class='ocrx_word' id='word_1_458' title='bbox 855 2481 951 2514; x_wconf 89' lang='lat' dir='ltr'>alium</span> <span class='ocrx_word' id='word_1_459' title='bbox 987 2492 1045 2514; x_wconf 87' lang='lat' dir='ltr'>seu</span> <span class='ocrx_word' id='word_1_460' title='bbox 1080 2481 1162 2513; x_wconf 84' lang='lat' dir='ltr'>alios</span> <span class='ocrx_word' id='word_1_461' title='bbox 1196 2479 1334 2513; x_wconf 90' lang='lat' dir='ltr'>eundem</span> <span class='ocrx_word' id='word_1_462' title='bbox 1372 2478 1541 2511; x_wconf 76' lang='lat' dir='ltr'>Nicolaum</span> <span class='ocrx_word' id='word_1_463' title='bbox 1573 2478 1769 2519; x_wconf 63' lang='lat' dir='ltr'>Luczconis,</span> <span class='ocrx_word' id='word_1_464' title='bbox 1806 2477 1858 2512; x_wconf 85' lang='lat' dir='ltr'>vel</span> <span class='ocrx_word' id='word_1_465' title='bbox 1886 2487 2011 2522; x_wconf 85' lang='lat' dir='ltr'>procu-</span> 
     </span>
     <span class='ocr_line' id='line_1_41' title="bbox 171 2538 2009 2586; baseline -0.001 -15"><span class='ocrx_word' id='word_1_466' title='bbox 171 2544 312 2571; x_wconf 82' lang='lat' dir='ltr'>ratorem</span> <span class='ocrx_word' id='word_1_467' title='bbox 344 2551 435 2572; x_wconf 79' lang='lat' dir='ltr'>sunm</span> <span class='ocrx_word' id='word_1_468' title='bbox 467 2544 535 2573; x_wconf 72' lang='lat' dir='ltr'>eins</span> <span class='ocrx_word' id='word_1_469' title='bbox 565 2544 696 2575; x_wconf 82' lang='lat' dir='ltr'>omnine</span> <span class='ocrx_word' id='word_1_470' title='bbox 726 2544 755 2575; x_wconf 88' lang='lat' dir='ltr'>in</span> <span class='ocrx_word' id='word_1_471' title='bbox 786 2541 989 2586; x_wconf 89' lang='lat' dir='ltr'>corporalem</span> <span class='ocrx_word' id='word_1_472' title='bbox 1020 2544 1265 2586; x_wconf 75' lang='lat' dir='ltr'>possessionem</span> <span class='ocrx_word' id='word_1_473' title='bbox 1295 2539 1473 2572; x_wconf 87' lang='lat' dir='ltr'>decanatus</span> <span class='ocrx_word' id='word_1_474' title='bbox 1503 2551 1540 2571; x_wconf 87' lang='lat' dir='ltr'>ac</span> <span class='ocrx_word' id='word_1_475' title='bbox 1572 2542 1687 2573; x_wconf 90' lang='lat' dir='ltr'>iurium</span> <span class='ocrx_word' id='word_1_476' title='bbox 1715 2544 1748 2573; x_wconf 91' lang='lat' dir='ltr'>et</span> <span class='ocrx_word' id='word_1_477' title='bbox 1773 2538 2009 2584; x_wconf 87' lang='lat' dir='ltr'>pertinencium</span> 
     </span>
     <span class='ocr_line' id='line_1_42' title="bbox 172 2597 2010 2645; baseline -0.001 -14"><span class='ocrx_word' id='word_1_478' title='bbox 172 2599 392 2644; x_wconf 78' lang='lat' dir='ltr'>predictorum</span> <span class='ocrx_word' id='word_1_479' title='bbox 415 2600 572 2634; x_wconf 80' lang='lat' dir='ltr'>inducatis</span> <span class='ocrx_word' id='word_1_480' title='bbox 593 2605 788 2636; x_wconf 85' lang='lat' dir='ltr'>auctoritate</span> <span class='ocrx_word' id='word_1_481' title='bbox 809 2607 919 2636; x_wconf 80' lang='lat' dir='ltr'>nostra</span> <span class='ocrx_word' id='word_1_482' title='bbox 941 2607 973 2635; x_wconf 89' lang='lat' dir='ltr'>et</span> <span class='ocrx_word' id='word_1_483' title='bbox 993 2601 1176 2636; x_wconf 78' lang='lat' dir='ltr'>defendatis</span> <span class='ocrx_word' id='word_1_484' title='bbox 1198 2600 1384 2641; x_wconf 72' lang='lat' dir='ltr'>antaeum»,</span> <span class='ocrx_word' id='word_1_485' title='bbox 1413 2604 1522 2632; x_wconf 90' lang='lat' dir='ltr'>amoto</span> <span class='ocrx_word' id='word_1_486' title='bbox 1543 2599 1582 2632; x_wconf 89' lang='lat' dir='ltr'>ab</span> <span class='ocrx_word' id='word_1_487' title='bbox 1603 2612 1642 2633; x_wconf 91' lang='lat' dir='ltr'>eo</span> <span class='ocrx_word' id='word_1_488' title='bbox 1663 2599 1808 2645; x_wconf 89' lang='lat' dir='ltr'>quolibet</span> <span class='ocrx_word' id='word_1_489' title='bbox 1826 2597 2010 2638; x_wconf 77' lang='lat' dir='ltr'>detentore,</span> 
     </span>
    </p>
   </div>
  </div>
 </body>
</html>
