2184 2828
1017 83 1088 118 165

128 209 243 250 posset
271 203 402 238 soluere
429 202 540 244 vellet,
570 201 656 246 quod
684 201 769 235 idem
799 205 981 236 canonicus
1015 201 1069 235 vel
1105 203 1250 234 vicarius
1285 203 1345 246 ipsi
1379 201 1520 247 capitulo
1555 211 1727 246 exponere
1765 205 1795 234 et
1828 203 1981 234 intimare

129 264 270 305 debebit,
300 267 423 296 extunc
453 265 635 295 canonicus
665 262 718 296 vel
747 265 893 296 vicarius
921 261 1095 296 dummodo
1124 261 1215 295 fraus
1243 272 1309 295 non
1339 264 1538 296 interueniat
1557 262 1680 296 clerico
1708 261 1763 295 vel
1792 261 1875 295 laico
1904 261 1978 307 plus

128 324 276 359 offerenti
305 334 476 368 exponere
511 325 631 368 poterit
667 327 698 355 et
735 323 859 364 locare,
897 322 934 356 In
971 333 1108 367 quorum
1144 324 1378 367 sempiternam
1412 325 1606 356 memoriam
1641 321 1726 355 dicta
1764 326 1883 355 statuta
1920 332 1981 367 per

127 395 258 419 manum
287 383 466 429 subscripti
494 384 611 427 notarij
641 382 761 429 publici
790 382 891 417 scribi
921 388 951 417 et
980 386 1011 417 in
1039 382 1203 429 publicani
1231 382 1371 416 formam
1398 382 1505 427 redigi
1531 383 1676 428 dictique
1697 382 1835 427 Capituli
1864 384 1979 415 maiori

127 445 236 490 sigillo
264 444 404 478 fecimus
432 446 641 485 communiri‚
662 444 783 477 Actum
806 443 965 478 Olomucz
992 446 1025 477 in
1054 443 1149 477 domo
1178 445 1384 488 prepositure
1414 443 1497 476 dicte
1527 444 1681 485 ecclesie,
1703 443 1868 476 Discretis
1897 445 1978 476 viris

127 506 267 539 dominis
297 504 455 538 Geczlino
484 504 648 550 quondam
678 503 843 538 Pertholdi
873 509 903 537 et
932 503 1070 538 Nicolao
1105 503 1269 550 quondam
1305 503 1393 536 Petri
1420 502 1557 537 Notario
1592 503 1723 549 publico
1753 503 1978 549 infrascrith

128 565 359 600 Olomucensis
388 570 419 598 et
446 564 574 598 Jacobo
603 564 766 609 quondam
796 564 898 598 Vlrici
920 564 1191 598 Chremserensis
1212 564 1431 598 ecclesiarum
1451 566 1586 608 vicarijs
1607 564 1747 598 testibus
1767 563 1980 610 presentibus

126 626 168 660 ad
195 630 355 673 premissa
384 628 514 659 vocatis
543 625 733 671 specialiter
761 629 792 658 et
821 629 958 670 rogatis⁷
994 626 1095 660 Anno
1132 625 1255 659 domini
1292 624 1467 659 Millesinio
1505 624 1756 658 Trecentesimo
1795 625 1980 659 Tricesimo

126 698 227 729 nono,
257 686 492 720 terciodecimo
522 685 574 719 die
602 685 728 719 Mensis
756 684 885 730 Mart-ij,
916 685 1105 720 Indiccione
1133 689 1285 732 septima
1315 685 1529 719 Pontificatus
1565 688 1766 719 sanctissimi
1796 688 1827 719 in
1849 684 1980 718 Christo

126 751 228 794 patris
257 752 289 781 et
318 747 440 781 domini
469 746 590 780 domini
620 745 792 779 Benedicti
821 757 905 792 pape
934 746 1009 789 XII,
1041 757 1127 780 anno
1156 749 1279 792 quinto.

281 807 323 842 Et
351 819 416 852 ego
445 806 602 841 Nicotaus
631 806 797 851 quondam
827 806 912 840 Petri
949 807 988 840 dc
1024 806 1172 841 Trebecz
1205 807 1348 840 clericus
1389 806 1621 840 Olomucensis
1658 806 1802 840 diocesis
1832 805 1980 852 publicus

126 869 290 915 Imperiali
319 871 515 902 anctoritate
543 870 691 901 notarius
720 867 867 913 predicta
898 872 1016 901 statuta
1045 872 1076 901 et
1104 867 1337 902 ordinaciones
1367 867 1405 900 ad
1441 870 1699 913 requisicionem
1729 872 1761 901 et
1790 867 1980 900 mandatum

127 929 347 976 predictorum
385 929 591 962 dominorum
626 930 786 974 prepositi
823 932 853 961 et
888 928 1123 962 Archidiaeoni
1158 940 1196 962 ac
1233 927 1370 974 Capituli
1406 928 1534 974 prefate
1570 927 1714 961 ecclesie
1749 926 1981 961 olomucensjs

126 1002 223 1024 manu
244 993 376 1036 propria
398 992 580 1035 conscripsi
601 994 633 1022 et
652 992 684 1022 in
706 989 789 1022 lianc
811 988 948 1022 formam
969 989 1131 1035 publicam
1159 989 1275 1034 redegi
1305 1000 1445 1033 meoque
1465 993 1627 1022 consueto
1647 991 1744 1033 signo
1770 991 1980 1033 consignani,

125 1053 225 1085 Anno
253 1050 374 1084 domini
402 1061 519 1084 mense
547 1049 738 1083 Indiccione
767 1049 955 1095 pontificatu
985 1051 1058 1084 loco
1088 1061 1126 1084 ac
1153 1049 1365 1095 presentibus
1396 1049 1534 1083 testibus
1564 1052 1815 1095 suprascriptis.

435 1129 520 1161 (Nacli
540 1129 599 1154 dem
618 1128 704 1162 Orig..
722 1129 819 1154 dessen
840 1129 914 1162 Sigill
933 1129 1089 1161 abs-crissen
1107 1129 1149 1155 ist.
1163 1130 1196 1155 im
1211 1129 1326 1155 Archive
1345 1128 1392 1154 des
1408 1128 1543 1155 Olmiitzer
1561 1128 1747 1163 Domkapitels
1765 1128 1979 1162 abgeschrieben

540 1182 572 1207 A.
598 1180 729 1211 Boczek.)

1001 1301 1106 1336 227.

125 1381 239 1425 Iso'm‘y
258 1380 395 1413 Johmm
427 1391 487 1412 ron
511 1379 660 1413 Boletum?
687 1383 854 1423 masinile!
885 1379 995 1413 Holub
1015 1380 1085 1412 dem
1115 1379 1259 1413 [Illeren.
1288 1380 1354 1412 und
1381 1380 1499 1412 dessen
1521 1379 1679 1412 Brildern
1706 1379 1833 1413 L'lriele.
1856 1378 1978 1412 Pes-eh.

132 1440 246 1476 ΠίἸθΙι·
274 1441 339 1474 aud
370 1440 499 1483 ΡῘἽἹΜΊῑ,
534 1441 614 1473 (loss
643 1441 694 1473 sie
722 1441 886 1473 einander
914 1440 1058 1473 lwerben
1087 1440 1216 1484 (Illi-fen.
1249 1440 1306 1474 Dt.
1338 1440 1580 1484 Fraulfensarl.
1617 1441 1670 1473 die
1706 1440 1826 1473 (lomim
1856 1439 1982 1473 Jmh‘ca

866 1501 946 1543 (14.
976 1501 1075 1534 ‚na-12-
1073 1504 1096 1543 J
1129 1501 1238 1535 1339.

277 1576 470 1630 Johannes
500 1596 552 1630 dci
580 1599 694 1641 gracia
723 1596 860 1629 Boeniie
896 1596 971 1630 Rex
1001 1608 1039 1629 ac
1074 1595 1365 1641 Lucenburgensis
1396 1596 1517 1630 Comes
1547 1597 1835 1641 Recognoscimus
1866 1601 1981 1629 tenore

127 1661 338 1704 presencium
366 1660 545 1699 vniuersia
572 1657 667 1698 Quod
697 1657 905 1691 attendentes
935 1662 1039 1701 gratae
1071 1662 1208 1703 accepta
1238 1662 1269 1691 et
1297 1658 1404 1691 fidelia
1433 1660 1588 1699 seruicia,
1613 1657 1685 1698 Que
1706 1658 1838 1691 Strenui
1866 1660 1929 1691 viri
1947 1684 1953 1690 .
1973 1684 1980 1690 .

126 1719 270 1764 Antiqus
303 1717 409 1752 Holub
437 1717 545 1761 Miles,
575 1729 615 1751 ac
641 1717 773 1752 Vlricus
802 1718 908 1752 Pesco
937 1717 1065 1763 Wytgo
1094 1722 1125 1751 et
1153 1717 1289 1752 Przibco
1317 1718 1440 1752 fratres
1470 1722 1551 1752 eius.
1582 1718 1697 1752 fideles
1725 1720 1831 1752 nostri
1860 1718 1981 1759 dilectn

128 1790 203 1812 cum
232 1781 321 1812 omni
348 1779 612 1825 promptitudinis
641 1778 872 1812 beniuolencia
903 1778 1125 1812 exbibuerunt
1154 1783 1185 1812 et
1213 1778 1373 1812 exhibere
1402 1778 1498 1813 nobis
1523 1784 1700 1825 potuerunt
1728 1782 1918 1825 prompcius
1947 1781 1981 1812 in

127 1838 284 1879 futurum.v
313 1838 398 1885 Ipsis
428 1839 566 1885 proinde
594 1838 680 1873 hanc
709 1842 857 1884 graciam
892 1839 932 1872 de
969 1839 1171 1883 benignitate
1207 1839 1315 1884 Regia
1350 1840 1553 1886 prouidimus
1583 1839 1782 1874 faciendam.
1815 1839 1980 1873 videlicet.

129 1899 166 1934 Si
199 1900 400 1946 prefatorum
435 1900 572 1934 fratrum
608 1901 749 1945 aliquem
785 1900 836 1934 uel
871 1901 996 1946 aliquos
1035 1903 1106 1933 sine
1144 1899 1322 1934 heredibus
1359 1901 1527 1945 legittimis
1562 1901 1602 1934 de
1637 1901 1699 1934 hac
1738 1904 1806 1934 vita
1836 1903 1983 1944 migrare

129 1963 318 2005 contigerit,
347 1972 407 2007 per
435 1964 529 1994 cuius
559 1966 612 1994 aut
642 1972 701 2007 per
729 1971 866 2006 quorum
897 1965 1046 1994 mortem.
1083 1960 1168 1994 bona
1204 1972 1262 1994 sua
1298 1961 1348 1994 uel
1382 1964 1528 2007 ipsorum
1558 1965 1618 1995 sita
1658 1965 1688 1995 in
1719 1961 1838 2005 Regno
1868 1965 1981 1994 nostro

129 2020 277 2063 Boemie‚
306 2026 361 2055 aut
388 2024 419 2055 in
450 2026 536 2055 terra
566 2021 716 2055 Morauie
745 2033 804 2055 seu
834 2022 907 2055 alibi
929 2021 1126 2066 xbicinnque
1148 2024 1236 2054 iuxta
1258 2021 1472 2068 approbatam
1493 2026 1597 2056 nostri
1617 2022 1753 2055 Boemie
1774 2024 1980 2055 sentenciam

130 2080 170 2115 ad
205 2092 265 2115 nos
301 2081 570 2123 deuoluerentur,
607 2083 762 2116 volumus
800 2087 831 2115 et
866 2085 1060 2115 auctoritate
1098 2085 1310 2126 presencium
1350 2085 1430 2128 ipsis
1465 2083 1678 2117 concedimus
1714 2085 1914 2125 generosius
1951 2087 1981 2116 et

130 2141 337 2186 indulgemus
364 2147 402 2176 vt
429 2143 579 2189 predicta
608 2142 694 2177 bona
724 2148 756 2177 et
785 2145 1018 2189 possessiones
1048 2153 1086 2175 ac
1116 2141 1327 2185 hereditates,
1357 2148 1420 2177 tam
1442 2147 1473 2177 in
1495 2144 1629 2177 Boemia
1652 2155 1746 2188 quain
1767 2147 1798 2176 in
1819 2142 1981 2177 Morauia.

131 2213 190 2236 seu
220 2201 416 2247 ubicumque
445 2203 521 2237 alibi
549 2206 623 2246 sita,
653 2203 743 2237 Illius
771 2215 831 2237 seu
866 2203 991 2236 illorum
1030 2202 1252 2247 predictorum
1290 2203 1440 2247 fratrum,
1479 2208 1530 2250 qui
1560 2204 1668 2238 medio
1697 2208 1845 2249 tempore
1875 2204 1982 2237 (lece-—

130 2262 260 2303 dentur,
290 2262 330 2296 ad
359 2263 525 2308 predictos
553 2264 676 2298 fratres
705 2267 788 2307 eius,
819 2269 852 2298 et
886 2263 926 2296 ad
961 2262 1138 2308 quemlibet
1166 2266 1310 2309 ipsorum
1344 2269 1482 2310 protunc
1513 2268 1692 2299 vinealem.
1722 2265 1820 2310 pleno
1841 2264 1923 2298 Jure
1952 2269 1985 2298 et

130 2323 292 2366 libertate,
314 2328 408 2368 prout
429 2327 500 2369 ipse
521 2328 623 2358 tenuit
643 2329 673 2358 et
693 2324 855 2371 possedit.
878 2328 1028 2369 spectare
1049 2328 1081 2356 et
1100 2323 1287 2357 redundare
1307 2324 1474 2359 debebunt
1493 2330 1523 2358 et
1545 2325 1753 2359 tenebuntur.
1784 2325 1984 2359 mandantes

131 2387 229 2429 igitur
249 2388 280 2417 et
301 2384 446 2417 districte
472 2388 693 2431 precipientes
715 2413 721 2419 .
745 2412 752 2419 .
775 2386 966 2431 Capitaneis
988 2411 994 2417 .
1019 2411 1025 2417 .
1048 2384 1247 2428 Camerarijs
1277 2411 1284 2418 .
1315 2412 1322 2418 .
1353 2384 1619 2428 Subcainerarijs
1642 2413 1648 2420 .
1672 2413 1678 2419 .
1701 2390 1789 2420 terre
1808 2385 1983 2420 ,Iudicibus

132 2449 166 2479 et
193 2449 282 2479 terre
311 2443 455 2488 Notarijs
490 2444 686 2491 Ceterisque
723 2445 926 2480 Officialibus
962 2449 993 2478 et
1029 2444 1179 2478 fidelibus
1219 2448 1341 2479 nostris
1375 2446 1514 2487 dilectis,
1548 2445 1757 2491 presentibus
1791 2451 1824 2480 et
1851 2446 1983 2481 futuris.

132 2504 305 2546 Quatenus
333 2505 516 2551 predictum
546 2533 553 2539 .
585 2534 592 2540 .
624 2506 729 2541 Holuh
759 2510 916 2552 antiquum
947 2516 986 2538 ac
1014 2515 1092 2539 suos
1121 2504 1242 2539 fratres
1271 2509 1303 2540 in
1333 2506 1480 2552 predicta
1509 2509 1624 2550 gracia
1655 2511 1687 2540 et
1715 2506 1902 2541 donacione
1931 2510 1981 2540 eis

132 2565 233 2609 facta‚
263 2577 327 2600 non
358 2565 501 2599 debeant
528 2567 705 2601 molestare
734 2567 906 2613 impedire,
936 2576 994 2599 scu
1034 2568 1065 2599 in
1101 2566 1208 2610 aliquo
1246 2577 1329 2600 ausu
1359 2569 1534 2600 temerario
1564 2570 1742 2610 contraire,
1772 2572 1866 2613 prout
1895 2567 1987 2601 indi-
