2184 2828
143 207 182 241 de
211 213 323 241 nostra
352 206 455 240 libera
485 206 655 239 voluntate
684 204 835 240 fidelibus
864 209 986 239 nostris
1008 205 1136 240 dilectis
1155 205 1311 239 Jaroslao
1332 210 1363 238 et
1384 205 1526 240 Alberto
1555 205 1709 240 fratribus
1738 206 1778 239 de
1799 205 1991 240 Sternberc.

141 273 174 302 ct
202 279 314 302 eorum
344 266 477 300 cuilibet
505 268 537 299 in
567 265 719 309 solidum,
750 278 790 300 ac
819 269 965 313 ipsorum
995 265 1189 309 heredibus,
1219 265 1370 299 Castrum
1407 271 1555 300 nostrum
1583 267 1709 301 Yssow
1744 266 1992 300 Marchionatus

143 331 244 363 nostri
271 327 433 370 Morauie,
462 326 589 372 pridem
619 328 701 372 ipsis
730 338 747 360 a
778 327 1001 361 Serenissimo
1030 330 1179 373 principe
1208 326 1341 360 domino
1369 326 1523 360 Johanne
1550 327 1647 372 Rege
1675 327 1812 361 Boeinie
1834 327 1993 361 Genitore

143 394 256 423 nostro
283 387 473 429 karissimo,
503 389 642 421 racione
671 386 899 432 dampnorum,
931 399 995 433 que
1023 391 1053 421 in
1085 390 1152 421 suis
1181 397 1220 420 ac
1248 390 1370 421 nostris
1399 390 1570 425 seruiciis,
1607 390 1798 434 captiuitate
1827 392 1858 421 et
1886 387 1992 421 modis

141 450 214 493 alijs
244 452 484 495 perceperunt,
522 452 555 481 et
582 451 719 493 propter
752 448 814 481 alia
850 448 1014 482 fidelitatis
1042 451 1187 494 ipsorum
1217 446 1396 493 obsequia,
1426 459 1488 493 que
1518 459 1581 481 non
1613 452 1763 482 inmerito
1792 451 1995 494 premiantur

140 521 199 556 pro
227 509 356 543 duobus
385 508 516 543 Milibus
545 507 732 542 Marcarum
761 520 956 553 grossorum
987 509 1196 543 denariorum
1225 507 1445 553 Pragensiuui
1473 508 1634 543 Morauici
1665 512 1854 555 pagainenti
1877 509 1995 542 Sexa-

140 573 231 616 ginta
260 574 401 615 quatuor
429 569 470 603 de
499 570 630 613 grossis
659 570 740 613 ipsis
770 580 828 615 pro
859 581 969 603 marca
998 569 1142 614 qualibet
1169 572 1370 615 conputatis,
1409 580 1472 602 nec
1501 580 1566 602 non
1596 581 1654 615 pro
1685 573 1842 604 trecentis
1869 569 1994 603 Marcis

140 631 303 666 eiusdem'
326 634 455 665 numeri
488 636 519 665 et
554 636 707 674 monete,
743 642 824 676 quas
863 630 958 665 nobis
997 641 1075 664 esse
1103 630 1201 676 plene
1230 630 1356 665 solutas
1386 630 1595 676 presentibus
1626 631 1833 676 profitemur,
1864 633 1995 676 pignori

139 692 331 737 obligatum,
361 703 435 726 cuul
463 692 562 738 opido
594 692 732 735 Vssow,
763 691 868 725 eidem
899 691 1015 726 Castro
1044 692 1217 725 adiacente
1247 695 1279 724 et
1308 691 1483 725 tlieoloneo
1513 690 1631 724 ibidem
1663 696 1693 725 et
1723 695 1753 725 in
1783 691 1878 725 Noua
1907 693 1995 724 ciui-

139 758 204 787 tate
233 764 308 787 cum
336 753 423 787 villis
451 752 571 797 Medii,
602 752 806 795 Trubelecz,
837 752 966 795 Felice,
998 751 1187 795 Czbanow,
1223 751 1396 793 Swinow,
1433 751 1576 793 Lazeni,
1614 752 1786 797 lllywicz,
1821 751 1994 794 Sbincow,

142 813 320 856 Stabeliez,
348 812 585 856 IIradesclina,
615 813 786 856 Ilradecz,
816 813 954 859 Lubyna
983 813 1194 847 morauicalis
1223 817 1256 846 et
1283 812 1455 848 Mostrob.
1486 824 1559 846 cum
1590 813 1751 857 Allodijs.
1780 812 1994 849 Molendinis.

143 873 336 917 redditibus,
365 873 540 917 Censibus,
571 874 801 920 prurientibus,
832 874 1034 917 utilitatibus,
1065 874 1302 917 emolimensss,
1332 873 1617 917 obuencionibus,
1647 875 1812 918 seruicijs,
1843 873 1994 919 pbeodis,

143 934 360 981 pheodalibus
386 934 538 979 Judicijs,
570 938 675 978 metis,
705 937 875 979 granicijs,
905 934 1192 979 circumferencijs
1214 939 1246 968 et
1265 934 1413 977 Juribus,
1444 946 1483 968 ac
1512 934 1792 968 iurisdictionibus
1814 937 1994 976 wituersis,

142 1000 175 1029 et
203 995 394 1042 specialiter
422 995 513 1029 Silua
540 995 659 1038 Medii,
689 1007 751 1029 nec
778 1006 844 1029 non
873 998 994 1030 ceteris
1024 996 1132 1037 siluis,
1162 995 1321 1038 Rubetis,
1358 995 1542 1038 arborIbus,
1580 995 1789 1038 nemoribus,
1828 995 1994 1040 virgultis,

139 1056 317 1098 montibus,
347 1055 489 1090 vallibus
518 1057 636 1102 planis,
667 1059 814 1102 pascuis,
843 1059 959 1102 pratis,
989 1059 1081 1101 agris
1111 1056 1205 1090 cultis
1234 1061 1266 1090 et
1296 1056 1439 1098 incultis,
1471 1055 1571 1099 Ortis,
1602 1055 1856 1099 venacionibus,
1886 1066 1994 1089 aucu—

139 1116 345 1163 pacionibus,
374 1120 482 1162 aquis,
511 1121 544 1151 et
572 1128 733 1162 aquarum
763 1117 978 1159 decursibus,
1010 1117 1188 1162 Stangnis,
1217 1117 1377 1159 lacubus,
1408 1120 1548 1163 piscinis
1578 1122 1610 1151 et
1639 1116 1898 1162 piscacionibus,
1930 1129 1993 1151 nec

138 1188 205 1211 non
240 1177 392 1211 omnibus
428 1178 501 1222 alijs
535 1182 566 1211 et
602 1178 743 1222 singulis
771 1176 922 1220 Juribus,
959 1177 1136 1222 fructibus,
1172 1182 1203 1212 et
1236 1180 1470 1224 pertinencijs,
1506 1178 1765 1224 quibuscumque
1808 1177 1995 1211 nominibus

138 1242 349 1280 censeantur,
379 1242 477 1284 prout
505 1237 626 1272 dictum
656 1237 808 1272 Castrum
838 1250 898 1284 per
926 1238 1096 1272 dominum
1127 1267 1133 1273 .
1166 1261 1172 1266 -
1204 1266 1210 1273 .
1243 1237 1436 1272 Genitorem
1471 1243 1617 1272 nostrum
1655 1239 1836 1284 predictum
1872 1243 1905 1272 et
1933 1250 1993 1272 nos

139 1297 282 1332 habitum
312 1303 362 1332 est
396 1298 557 1333 hactenus
587 1303 618 1333 et
647 1310 860 1345 possessum,
892 1310 950 1333 seu
981 1311 1039 1345 per
1068 1310 1128 1333 nos
1157 1304 1189 1334 et
1217 1311 1434 1334 successores
1464 1304 1617 1334 nostros.
1647 1302 1679 1333 in
1709 1299 1852 1333 futurum
1881 1304 1995 1346 posset

139 1358 386 1404 quomodolibet
414 1360 589 1406 possideri,
620 1363 681 1394 rite
710 1365 743 1394 et
771 1360 1020 1394 racionabiliter
1049 1360 1258 1394 vendidimus
1286 1372 1346 1406 pro
1368 1364 1509 1407 pecunia
1531 1360 1731 1406 supradicta,
1761 1360 1913 1406 lpsisque
1934 1372 1994 1394 sno

145 1424 178 1453 et
215 1419 374 1454 heredum
408 1431 543 1454 suorum
571 1424 721 1464 nomine,
757 1421 866 1454 denuo
902 1432 920 1454 a
951 1420 1046 1454 nobis
1076 1424 1146 1455 iure
1175 1425 1207 1455 et
1233 1421 1337 1467 tytulo
1373 1421 1491 1467 pheodi
1521 1421 1780 1467 suscipientibus
1808 1423 1840 1454 in
1878 1431 1995 1455 verum

142 1480 305 1526 pheodum
327 1481 525 1515 contulimus
557 1486 589 1515 et
617 1486 735 1515 tenore
755 1484 965 1527 presencium
996 1481 1199 1515 conferimus
1221 1486 1253 1515 et
1271 1482 1445 1525 donamus,
1475 1493 1536 1528 per
1564 1493 1633 1524 eos,
1664 1481 1821 1515 heredes.
1851 1486 1883 1515 et
1913 1493 1997 1515 suc-

139 1552 295 1575 cessores
325 1544 469 1588 ipsorum
499 1545 670 1588 perpetuis
700 1545 733 1576 in
762 1547 858 1576 antea
890 1542 1094 1588 temporibus
1122 1543 1303 1577 secundum
1338 1546 1387 1576 ius
1416 1547 1449 1576 et
1476 1542 1750 1576 consuetudinem
1788 1542 1995 1589 pheodalium

140 1601 276 1635 Boeniie
305 1606 337 1635 et
366 1601 514 1636 Morauie
543 1602 748 1645 habendum,
778 1603 972 1645 tenendum,
1009 1602 1249 1646 utisruendum,
1287 1608 1318 1638 et
1348 1604 1486 1650 pacifice
1515 1603 1767 1650 possidendum,
1805 1603 1929 1637 Taliter
1964 1608 1996 1637 ut

140 1661 182 1696 de
216 1661 335 1696 Castro
371 1667 403 1696 et
437 1662 534 1697 bonis
563 1664 720 1709 predictis
757 1663 860 1698 Nobis
897 1668 928 1697 et
971 1663 1224 1697 successoribus
1259 1667 1382 1698 nostris
1420 1676 1541 1710 parere
1577 1675 1711 1710 semper
1745 1676 1784 1698 ac
1821 1664 1995 1698 intendere

138 1722 278 1757 fideliter
306 1727 337 1757 et
365 1735 438 1757 cuni
459 1735 526 1757 vno
546 1723 737 1768 Dextrario,
769 1724 884 1759 Galea.
915 1727 1025 1767 armis,
1057 1735 1095 1757 ac
1123 1724 1196 1769 alijs
1224 1728 1316 1770 equis
1345 1728 1547 1759 necessariis
1568 1725 1607 1758 ad
1636 1725 1821 1758 huiusmodi
1841 1725 2000 1758 decenter

139 1787 171 1817 in
198 1787 315 1829 quauis
343 1787 546 1819 necessitate
575 1788 713 1828 seruire,
744 1796 836 1819 more
865 1785 1072 1831 plieudalium
1102 1789 1134 1818 et
1161 1785 1349 1820 vasaloruin
1371 1787 1465 1820 solito
1487 1790 1674 1829 teneantur,
1706 1786 1875 1823 Pretereaq
1907 1788 1933 1819 si
1963 1789 1993 1819 in

139 1844 241 1879 literis
269 1844 391 1879 domini
421 1873 428 1879 .
460 1873 467 1879 .
499 1845 665 1880 Genitoris
695 1849 797 1880 nostri
827 1846 963 1892 predicti
992 1845 1111 1891 aliquid
1141 1849 1417 1891 pertincnciarum
1447 1847 1668 1893 predictarum
1700 1857 1898 1892 expressum
1928 1857 1993 1879 non

140 1904 256 1948 fuerit,
286 1917 344 1951 per
381 1906 443 1940 hoc
480 1906 630 1940 uolumus
666 1906 848 1941 eorundem
884 1907 1017 1940 fratrum
1053 1911 1085 1940 et
1120 1918 1352 1941 successorum
1390 1919 1522 1941 suorum
1559 1908 1692 1941 ,1111111115
1728 1907 1899 1951 derogari,
1936 1906 1994 1940 sed

141 1965 317 2011 quemlibet
345 1968 516 2000 articulum
546 1970 775 2001 necessarium
806 1971 836 2001 in
867 1967 1024 2013 predictis
1053 1967 1175 2001 domini
1206 1995 1211 2001 .
1236 1995 1242 2001 .
1274 1967 1442 2002 Genitoris
1474 1971 1587 2010 nostri,
1619 1969 1671 2002 uel
1702 1971 1733 2001 in
1763 1970 1885 2001 nostris
1914 1978 1996 2012 pre-

141 2025 288 2060 sentibus
323 2027 425 2061 literis
462 2031 593 2062 tacitum
627 2028 679 2062 uel
714 2028 902 2073 neglectum
933 2028 1082 2061 uolumus
1118 2032 1280 2072 tamquam
1311 2031 1466 2074 scriptum
1503 2034 1534 2062 et
1563 2041 1622 2074 per
1658 2031 1765 2062 omnia
1796 2028 1996 2061 declaratum

142 2085 292 2120 obtinere
320 2087 421 2121 robur
449 2093 608 2135 perpetue
637 2089 808 2131 firmitatis,
840 2089 956 2122 dantes
985 2092 1015 2121 et
1045 2088 1268 2121 concedentes
1290 2089 1520 2123 nichilominus
1550 2092 1609 2132 eis,
1640 2088 1816 2122 heredibus
1846 2092 1877 2121 ct
1912 2099 1996 2122 suc-

141 2146 332 2180 cessoribus
361 2150 553 2191 eorundem,
585 2150 735 2184 Castrum
765 2150 945 2196 predictum
975 2148 1152 2182 vendendi.
1183 2150 1400 2194 permutandi.
1431 2150 1585 2184 donandi.
1616 2155 1647 2184 et
1674 2153 1705 2183 111
1728 2160 1807 2182 rsus
1844 2149 1995 2194 placitOS.

142 2208 236 2241 saluo
266 2210 336 2240 iure
365 2208 481 2253 plieodi
511 2211 740 2253 conuertendi,
771 2211 900 2256 plenam
929 2210 1066 2244 liberam
1097 2214 1127 2243 et
1156 2209 1377 2243 omnimodam
1407 2215 1626 2257 potestatem.
1658 2210 1770 2243 1111111111
1809 2214 1994 2243 nostrarum

141 2270 330 2301 testimonio
360 2268 535 2313 literarum,
567 2270 686 2305 Datum
717 2275 747 2305 in
778 2271 922 2305 'sescliin
953 2271 1004 2304 dic
1034 2270 1232 2304 Sanctorum
1262 2269 1509 2315 Innocencium,
1540 2272 1640 2305 Anno
1670 2270 1790 2303 domini
1819 2269 1994 2304 Millesimo

143 2328 396 2363 Trecentesimo
426 2328 823 2378 Quadragesimoquarto.

444 2408 510 2440 (Das
539 2411 612 2440 Oria.
647 2411 693 2436 aus
719 2411 840 2439 Pergam.
873 2413 915 2436 mit
947 2411 1031 2435 vinem
1062 2418 1177 2440 ‹grossa-n
1207 2410 1438 2436 wohlerlialtcnen
1469 2409 1664 2445 Doppelsieille
1696 2410 1728 2435 im
1754 2418 1786 2435 m.
1813 2413 1845 2436 st.
1872 2409 1994 2436 Laudes-

552 2463 657 2487 arrliivc
683 2467 759 2488 1111111
783 2463 834 2488 den
860 2462 993 2488 Miscellcu
1020 2471 1044 2487 n.
1076 2462 1120 2487 12.
1148 2462 1324 2495 Abgedruckt
1349 2462 1390 2487 bei
1416 2463 1501 2488 Pelzcl
1527 2463 1555 2487 k.
1583 2462 1642 2487 karl
1669 2462 1712 2487 ΙΥ.
1739 2461 1757 2487 l.
1781 2462 1827 2487 Τ11.
1855 2462 1992 2488 Urliundb.

554 2514 580 2537 S.
601 2514 640 2539 :ie
666 2523 689 2540 11,
715 2515 862 2547 lxxxxii.)

1788 2634 1846 2662 53*
