2184 2828
1000 188 1040 191 ῳ
1061 134 1134 169 284

184 255 225 289 de
253 253 388 300 Sieyda‚
417 252 594 287 Wilhelmo
622 250 663 285 de
690 250 878 294 Landstain‚
907 250 1059 284 Johanne
1087 250 1128 283 dc
1155 249 1401 294 Falkhenstain‚
1430 251 1592 297 Hyncone
1621 251 1660 285 de
1680 250 1817 285 Nachod
1845 255 1877 285 et
1896 251 2011 286 Theo-

185 315 296 348 derico
326 313 366 347 de
394 312 593 347 Honicbcrin
623 311 771 345 fidelibus
800 314 920 345 uostris
950 311 1075 344 dilectis
1103 321 1143 344 ac
1172 311 1244 345 aliis
1273 310 1409 345 testibus
1436 312 1500 345 fide
1528 312 1645 353 dignis.

488 390 631 423 (sienim—Ps-
660 390 801 416 Urkunden
830 398 874 415 zur
909 388 1067 414 Gescliiclite
1098 388 1145 413 (les
1176 388 1323 414 Bistliumes
1348 389 1454 415 Breslau
1484 391 1510 416 S.
1538 390 1595 415 287
1631 398 1653 415 n.
1680 389 1835 416 CCLXVlll.
1862 390 1929 415 narb
1953 390 2011 416 dem

591 443 664 476 Orig.
690 442 738 467 des
763 442 885 475 dortigen
912 440 1091 474 Domcapitels
1115 449 1138 465 c.
1164 439 1212 467 36.
1259 441 1373 466 Bolimer
1397 442 1465 467 Add.
1491 442 1521 467 11.
1547 443 1573 467 S.
1600 441 1658 466 337
1686 450 1709 466 n.
1737 440 1821 473 516.)

1047 559 1153 594 391.

186 641 373 685 Marhfflvf
402 640 492 673 Karl
523 638 664 672 scleenlft
699 639 769 671 dem
800 636 1073 670 lvmmenlsloster
1112 638 1145 669 in
1174 637 1352 670 Pas-lornei·
1381 638 1440 670 slas
1469 638 1638 671 Patrona!
1675 637 1755 670 iiber
1783 638 1836 671 die
1864 638 2012 671 Kirehen

199 704 232 735 in
262 701 416 734 Gdossau
443 700 509 733 und
536 698 767 742 Lmzdenburffi
825 697 881 730 m.
913 697 1039 741 Pragye,
1068 698 1102 730 in
1129 697 1182 730 die
1211 696 1240 730 b.
1271 697 1448 731 Dorothee
1475 701 1559 743 vir-q.
1593 698 1647 739 (6.
1679 697 1852 739 Februar)
1886 697 1994 731 1342.

326 776 510 837 karolus,
530 793 667 827 domiui.
686 820 693 826 .
710 794 800 836 regis
821 791 955 825 Boemie
975 794 1224 837 primogenitusfi
1246 791 1390 826 marchio
1411 791 1567 826 Morauie.
1599 792 1735 826 Deuotis
1756 795 1822 826 snis
1843 792 1984 826 dilectis.
2005 822 2011 827 .

182 856 347 890 abbatisse
383 859 415 888 et
448 856 623 888 conuentui
653 852 959 886 Sanctimonialium
989 854 1180 885 monasterii
1214 855 1247 885 in
1277 852 1415 885 Pustmir
1442 853 1564 886 ordinis
1593 857 1697 886 sancti
1728 852 1898 886 Benedicti
1928 852 2014 887 010-

182 918 348 950 mucensis
376 915 518 948 diocesis
547 914 684 948 salutem
713 913 854 946 felicem.
885 912 1047 957 Specialis
1076 915 1164 945 circa
1194 923 1255 945 vos
1282 917 1315 946 et
1340 912 1458 946 dictum
1486 916 1719 946 monasterium
1741 918 1899 955 vestrum,
1929 914 2013 958 qnod

181 976 383 1010 venerabilis
418 978 449 1008 in
487 974 615 1007 Christo
650 978 759 1019 pater,
798 973 948 1006 dominus
983 971 1154 1005 Jobannes
1190 975 1369 1017 episcopus
1398 972 1645 1015 Olomucensis,
1684 974 1867 1007 auunculus
1902 978 2015 1007 noster

182 1039 392 1078 carissimus,
421 1034 568 1068 fundauit
587 1038 618 1067 et
637 1036 839 1075 construxit,
869 1036 1028 1078 cuiusque
1049 1044 1113 1066 vna
1143 1043 1256 1066 secum
1285 1032 1476 1067 fundatores
1506 1036 1690 1073 existimus„
1721 1034 1793 1067 zelo
1822 1033 2014 1068 deuocionis

182 1099 314 1130 accensi
349 1098 417 1129 iura
455 1099 664 1140 patronatus,
699 1105 763 1139 que
798 1093 893 1127 nobis
930 1096 960 1126 in
990 1092 1252 1138 parrochialibus
1282 1093 1431 1126 ecclesiis
1459 1096 1491 1126 in
1520 1093 1686 1127 lidussow
1725 1098 1757 1127 et
1784 1093 2014 1127 Luntenburch

182 1157 323 1190 diocesis
344 1156 575 1189 olomucensis
604 1154 761 1188 hactenus
790 1157 1047 1199 compecieruntq
1077 1158 1110 1186 et
1138 1156 1234 1186 etiam
1264 1156 1354 1198 ipsas
1383 1154 1543 1187 ecclesias
1571 1154 1666 1188 vobis
1694 1158 1726 1187 et
1753 1154 1918 1188 antedicto
1938 1165 2015 1188 mo-

181 1219 326 1251 nasterio
357 1220 464 1249 uestro
493 1218 552 1256 sic‚
581 1215 666 1260 quod
695 1226 766 1248 cum
796 1217 947 1259 proxime
975 1217 1187 1256 vacauerint,
1224 1214 1348 1248 fructus
1377 1218 1471 1258 atque
1500 1219 1680 1260 prouentus
1709 1225 1823 1248 earum
1857 1214 1954 1249 vobis
1983 1220 2015 1248 et

182 1277 288 1310 eidem
317 1278 519 1310 monasterio
547 1280 658 1309 uestro
686 1286 744 1321 pro
765 1275 1001 1308 consolacione
1030 1279 1061 1308 et
1089 1275 1238 1320 ampliori
1265 1279 1376 1308 vestra
1406 1274 1598 1308 resectione.
1628 1278 1820 1308 auctoritate
1848 1276 1923 1309 dicti
1950 1275 2015 1309 do-

182 1341 259 1371 mini
279 1339 427 1382 episcopi
448 1337 500 1370 uel
520 1338 728 1370 successoris
749 1338 830 1373 eiusq
860 1338 912 1380 qui
942 1346 1000 1380 pro
1029 1339 1175 1380 tempore
1204 1334 1312 1376 fuerit„
1341 1335 1379 1368 ad
1400 1334 1461 1368 hoc
1481 1335 1673 1377 accedente,
1703 1335 1861 1381 applicari
1886 1339 2016 1381 possint

182 1400 346 1444 perpetuis
381 1399 526 1442 ipsarum
555 1398 708 1438 vicariis,
738 1398 791 1440 qui
824 1406 882 1441 pro
919 1400 1067 1441 tempore
1101 1406 1177 1429 esse
1206 1394 1341 1433 debentq
1377 1398 1534 1439 congruis
1569 1395 1780 1441 porcionibus
1818 1395 1857 1429 de
1891 1395 2015 1429 eisdem

182 1457 340 1492 fructibus
370 1459 557 1501 assignatis,
587 1456 700 1489 damus
728 1460 760 1489 et
787 1455 989 1489 conferimus
1009 1455 1187 1489 liberaliter
1207 1466 1245 1489 ac
1265 1455 1434 1497 donamus⁷
1463 1466 1521 1500 per
1542 1467 1604 1489 vos
1625 1460 1656 1488 ct
1677 1456 1761 1489 idem
1782 1459 2014 1490 monasterium

182 1522 329 1552 vestrum
358 1519 525 1562 perpetuis
555 1516 756 1562 temporibus
784 1515 1012 1566 possidendas.
1043 1515 1076 1549 In
1106 1518 1199 1549 cuius
1227 1518 1275 1549 rei
1303 1518 1522 1549 testimonium
1551 1520 1723 1560 presentes
1750 1515 1846 1549 vobis
1866 1516 2014 1550 dedimus

181 1578 316 1617 litteras„
337 1577 517 1622 sigillorum
536 1582 728 1611 nostrorum
754 1579 932 1610 munimine
951 1576 1134 1610 roboratas.
1165 1576 1284 1610 Actum
1305 1580 1335 1609 et
1354 1575 1471 1609 Datum
1493 1575 1611 1620 Prage.
1642 1576 1742 1610 Anno
1764 1576 1884 1610 domini
1903 1575 2015 1610 Mille-

184 1642 266 1673 simo
296 1638 548 1672 Trecentesimo
579 1636 1002 1681 Quadi-agesimosecundo.
1042 1636 1079 1670 In
1108 1636 1160 1670 die
1187 1636 1283 1670 beate
1310 1635 1478 1669 Dorothee
1507 1639 1656 1680 virginis.

489 1716 573 1749 (Nacti
590 1716 648 1741 dem
667 1715 745 1749 Orig.
772 1716 816 1741 mit
839 1716 924 1740 einem
950 1718 1006 1749 gut
1021 1715 1175 1741 erhaltenen
1200 1715 1290 1748 Sigille
1314 1715 1345 1740 im
1363 1714 1668 1740 fursterzbiscbollicbcn
1687 1715 1801 1740 Archive
1826 1723 1856 1741 zu
1873 1714 2015 1748 Kremsier,

594 1767 807 1801 abgescbrieben
833 1768 864 1792 Α.
890 1766 1019 1797 Boczek)

1048 1886 1155 1921 392.

184 1966 295 2010 [sonis]
322 1964 458 1998 ,Iolemm
486 1976 550 1998 von
580 1964 730 1998 Boletum
759 1963 922 2008 beslalisst
950 1965 1003 1998 die
1031 1965 1103 1997 clem
1132 1963 1403 1997 Nomzenlcloster
1430 1964 1464 1995 in
1493 1963 1671 1996 Puslombt'·
1699 1963 1802 1997 durch
1832 1963 2018 2008 Marlccstaf

184 2026 273 2059 [sm-l
299 2026 365 2059 und
392 2025 541 2069 Biscleof
552 2025 690 2058 Jolmun
718 2036 783 2058 von
805 2025 935 2058 Olmt'llz
961 2024 1161 2069 yeiteaelzlen
1191 2023 1445 2068 Scheultemyen.
1476 2023 1534 2056 DI.
1556 2023 1681 2068 Ρναῃε.
1712 2024 1765 2056 die
1786 2023 1815 2057 b.
1838 2023 2015 2058 Dorothee

842 2087 926 2130 city.
959 2085 1013 2128 (6.
1044 2084 1218 2128 Februar)
1252 2084 1359 2118 1342.

337 2161 382 2214 ln
411 2183 545 2214 nomine
573 2179 624 2213 (lei
653 2183 757 2213 eterni
787 2191 894 2214 amen.
948 2179 1120 2214 Johannes
1150 2180 1201 2213 dei
1229 2181 1340 2224 gracia
1369 2177 1444 2211 Rex
1474 2177 1609 2211 Boemie
1644 2189 1682 2211 ac
1711 2178 2012 2224 Lucemburgensis

185 2240 314 2281 Comes„
345 2240 503 2281 Quamuis
532 2240 659 2285 singula
689 2241 941 2285 magnificencie
968 2241 1091 2285 regalis
1119 2251 1219 2286 opera
1246 2238 1443 2284 principibus
1473 2238 1591 2271 cedant
1619 2238 1658 2271 ad
1679 2239 1827 2282 gloriam,
1858 2239 2015 2284 Congruit

185 2305 258 2334 tunc
286 2303 378 2346 ipsos
407 2304 439 2334 in
468 2312 579 2334 eorum
609 2304 764 2346 precipue
784 2304 956 2343 virtutum,
986 2312 1121 2346 operum
1142 2300 1316 2342 exercicijs
1337 2298 1512 2339 delectari„
1542 2310 1605 2344 que
1635 2299 1788 2333 decorem
1819 2300 1934 2333 domus
1963 2299 2013 2333 dei

186 2361 391 2405 amplificant„
422 2372 460 2395 ac
488 2372 547 2406 pro
575 2361 679 2405 gloria
709 2365 851 2395 nominis
880 2362 1030 2395 altissimi
1059 2366 1092 2394 et
1120 2362 1341 2395 veneracione
1376 2363 1563 2391 sauctorum
1600 2364 1695 2403 atque
1724 2371 1782 2405 pro
1811 2362 2013 2393 incremento

185 2420 288 2453 cultus
318 2421 416 2454 diuini
445 2421 632 2467 specialiter
660 2424 891 2455 instaurantur.
950 2422 1038 2455 Sane
1067 2432 1139 2455 cum
1168 2418 1369 2459 venerabilis
1397 2423 1490 2464 pater
1518 2419 1669 2453 dominus
1705 2419 1893 2457 Johannes„
1929 2419 2013 2465 Epi-

188 2490 308 2524 scopus
330 2480 575 2519 Olomucensisq
606 2484 729 2515 amicus
749 2481 844 2516 nobis
873 2482 1027 2521 dilectus,
1056 2483 1237 2527 inspirante
1266 2478 1325 2513 sibi
1354 2481 1466 2522 gracia
1495 2479 1594 2517 illiusq
1624 2482 1675 2512 cui
1704 2491 1800 2513 omne
1829 2490 1887 2512 cor
1914 2484 2013 2525 patet„

186 2544 418 2573 monasterium
454 2542 749 2575 sanctimonialium
784 2542 908 2576 ordinis
942 2544 1046 2575 sancti
1074 2541 1245 2574 Benedicti
1280 2542 1310 2572 in
1340 2538 1463 2572 bonore
1492 2539 1660 2573 salutifere
1689 2542 1864 2573 natiuitatis
1893 2538 2013 2572 domini

186 2603 290 2633 nostri
318 2599 398 2633 ,lesu
420 2600 550 2639 Clu-isti„
581 2613 619 2635 ac
648 2602 741 2636 beate
772 2607 802 2636 et
830 2603 975 2646 gloriose
1004 2611 1200 2646 semperque
1227 2602 1365 2643 virginis
1393 2598 1508 2633 Marte.
1539 2599 1716 2633 Genitricis
1745 2602 1826 2638 eius,
1856 2602 1886 2632 in
1915 2598 2013 2634 fundo
