2184 2828
1107 84 1180 119 980

217 200 395 234 ecclesiam
431 203 599 246 pertinere
633 200 754 234 debeat
791 203 864 234 sine
896 204 1092 246 grauamine
1127 205 1270 235 omnium
1307 202 1432 236 illorum
1467 205 1520 248 qui
1559 208 1706 238 nostram
1744 208 1891 250 graciam
1931 205 2068 251 diligunt

217 267 250 294 et
279 260 439 294 fauorem.

632 339 815 372 Concessio
844 339 1015 373 [lbet-tatis
1041 339 1275 383 qradieutibns
1304 340 1349 373 ad
1372 341 1451 384 foro
1480 341 1654 374 animalia.

379 400 414 434 V.
445 400 496 434 dei
525 402 653 444 gracia,
684 403 746 432 etc.

370 450 524 494 Primatis
560 465 593 493 ct
629 462 788 505 principis
821 469 878 493 res
916 471 995 493 suas
1031 464 1182 503 augmtcs
1219 460 1398 506 prudenter
1432 462 1576 495 consulit
1604 467 1637 496 et
1666 464 1820 497 consulte
1851 464 2069 508 generalibus

215 520 397 567 reipublice
443 520 657 566 prouectibns
696 525 727 553 et
775 520 956 553 commodis
992 520 1141 565 prouidct
1176 523 1410 567 circumspecti
1447 533 1555 566 sagax
1584 526 1781 569 experignia
1812 527 1995 570 prouisoris
2023 528 2066 560 ita

211 586 246 615 ut
274 584 486 627 primatorum
517 582 599 623 (sic)
629 583 743 614 intuitu
773 591 948 614 commune
977 580 1096 613 bonum
1127 591 1191 614 non
1221 582 1370 626 negligat
1399 587 1429 615 et
1449 587 1540 616 certa
1561 587 1747 617 communia
1774 587 1924 618 saxietus
1948 588 2067 631 proui-

212 642 267 676 det
295 642 449 687 disponat
478 646 509 675 et
538 641 669 674 ordinet
698 652 750 674 res
780 644 1110 687 priuatas‚nouerint
1139 644 1237 685 igitur
1271 647 1446 688 presentes
1488 647 1519 676 ct
1548 648 1716 689 posterum
1746 647 1892 679 vniuersi
1922 645 1997 692 quid
2027 646 2066 680 ad

211 713 387 736 commune
416 701 536 735 bonum
567 706 599 735 et
627 701 791 748 publicum
822 706 1037 734 venturorum
1068 704 1252 735 vicinorum
1295 703 1502 737 commodum
1532 704 1778 751 specialemque
1807 708 1950 740 ciuitatis
1979 717 2066 752 pro-

211 763 332 797 fectum
375 763 661 796 consideracionis
704 767 815 796 nostre
851 767 1087 795 conuertentes
1121 768 1292 809 aspectum
1326 763 1573 798 deliberacione
1608 769 1733 799 matura
1783 766 1947 800 nundinas
1991 769 2064 801 sine

211 825 316 858 l'oruin
347 824 490 858 annuale
521 826 551 857 in
582 823 727 869 predicta
758 825 889 856 ciuitate
918 822 1126 856 decreuimus
1155 824 1361 857 statuendum
1384 829 1414 857 ct
1436 828 1608 859 statuimus
1638 830 1802 870 potestate
1831 831 1944 861 nostra
1971 830 2065 872 regia

210 888 304 919 aunis
333 885 472 929 singulis
502 884 689 918 duraturum
721 884 870 917 uolentes
900 888 930 916 ct
959 883 1149 917 ordinantes
1179 884 1194 929 (
1299 884 1313 929 ]
1343 884 1505 919 stabiliter
1521 891 1552 919 et
1586 891 1778 921 constanter
1799 899 1817 921 a
1840 887 1892 921 die
1913 886 1957 921 S‘³·
1981 886 2065 922 Galli

209 945 460 992 capiens.idem
488 944 594 979 sorum
625 947 781 978 continuo
811 944 1062 988 (piatuordecim
1091 944 1214 978 dicrum
1245 948 1357 991 spacio
1387 949 1460 979 sine
1490 950 1594 979 tractu
1624 951 1713 981 stare
1741 952 1772 981 et
1801 947 1921 981 durare
1947 947 2066 982 debeat

209 1009 377 1040 annuatim
408 1010 463 1040 ant
491 1005 530 1039 ad
561 1005 764 1050 querendum
795 1009 827 1037 et
857 1004 1132 1050 frequentandmn
1163 1006 1326 1040 nundinas
1355 1009 1428 1040 sine
1457 1006 1563 1040 forum
1594 1008 1735 1042 annuale
1771 1008 1935 1054 prefatum
1970 1019 2066 1043 mer-

209 1072 358 1101 catorum
388 1066 552 1112 hospitum
583 1066 786 1110 singulorum
817 1064 1017 1098 all'ecciunes
1046 1070 1078 1099 et
1096 1065 1260 1099 desideria
1286 1067 1455 1101 ellicacius
1484 1072 1721 1102 conuertantur
1749 1068 1901 1103 omnibus
1930 1073 1964 1103 et
1990 1071 2066 1104 sin-

210 1128 297 1173 gulis
326 1127 494 1173 predictas
527 1127 690 1160 nundinas
721 1129 793 1159 sinc
813 1126 918 1159 sorum
941 1126 1082 1159 annuale
1105 1127 1272 1160 mercandi
1302 1139 1402 1161 causa
1427 1131 1500 1161 sine
1516 1132 1670 1174 pretextu
1691 1129 1952 1164 anncedentibus
1966 1129 2065 1164 talem

207 1188 423 1222 concedimus
459 1190 606 1231 graciam
643 1186 802 1220 libertatis
837 1191 881 1219 ut.
918 1185 1025 1220 Vllt‘J.
1061 1186 1184 1220 dicrum
1224 1191 1336 1233 spacio
1373 1188 1552 1234 predictum
1589 1189 1674 1222 diem
1710 1193 1815 1224 sancti
1846 1189 1930 1224 Galli
1958 1194 2064 1224 tractu

205 1249 327 1284 dicrum
357 1248 603 1293 quatuordecim
646 1250 801 1280 continuo
836 1251 1040 1281 mercatores
1076 1251 1107 1281 et
1149 1248 1297 1294 hospites
1328 1251 1474 1282 vainei-si
1505 1253 1536 1282 in
1566 1260 1707 1283 accessu
1736 1253 1882 1284 ciuitatis
1912 1250 2061 1296 predicte

206 1309 312 1356 quoad
349 1320 479 1344 merces
514 1313 545 1342 et
582 1319 746 1354 personas
780 1311 925 1354 ipsorum
973 1308 1013 1341 ab
1052 1313 1140 1343 omni
1176 1312 1353 1343 exactione
1389 1314 1419 1342 et
1456 1310 1578 1343 tributo
1614 1310 1787 1345 theolonos
1817 1314 1882 1345 sint
1909 1310 2003 1345 liberi
2031 1315 2064 1345 et

204 1374 378 1404 immunes.
408 1369 524 1403 Nullus
554 1381 635 1414 ergo
665 1371 798 1402 omnino
834 1369 1138 1403 nobilium.ciuium
1175 1370 1363 1404 officialium
1400 1370 1606 1404 dominorum
1644 1371 1695 1405 uel
1724 1371 1948 1417 prefectorum
1976 1382 2061 1418 pre-

204 1432 280 1466 dicti
310 1430 468 1465 theolonii
498 1441 556 1464 seu
586 1431 722 1464 aliorum
753 1430 970 1474 quorumlibet
1000 1442 1080 1464 ausu
1115 1435 1291 1465 temerario
1328 1436 1498 1477 presumat
1526 1432 1653 1465 uiolare
1681 1433 1733 1466 uel
1761 1432 1946 1477 infringere
1975 1432 2061 1466 hanc

204 1497 318 1527 nostre
354 1494 501 1537 graciam
538 1491 697 1525 libertatis
744 1490 890 1536 predicte
928 1494 1050 1525 ciuitati
1087 1496 1119 1525 et
1157 1491 1395 1525 mercatoribus
1429 1494 1596 1526 vniue1·sis
1630 1492 1784 1526 indultam
1822 1497 1917 1538 prout
1946 1503 2056 1527 rerum

202 1563 334 1587 suarum
365 1551 572 1598 dispendium
602 1556 633 1585 et
662 1551 904 1596 indignacitssmis
933 1555 1027 1597 regie
1056 1552 1322 1597 ingratitudinem
1353 1552 1490 1596 diligant
1519 1557 1656 1586 enitare.

357 1613 393 1647 In
428 1616 522 1646 cuius
556 1612 823 1646 confirmacionis
860 1612 960 1646 robur
997 1618 1156 1658 perpetuo
1195 1613 1370 1646 valiturum
1408 1624 1546 1658 presens
1582 1613 1789 1660 priuilegium
1820 1614 1906 1647 dicte
1936 1617 2058 1648 ciuitati

204 1674 274 1708 dari
304 1673 498 1708 mandamns
527 1673 708 1718 sigillorum
739 1677 927 1707 nostrorum
958 1677 1136 1707 munimine
1165 1673 1365 1707 roboratum.

994 1779 1257 1812 Promo-atoma.

354 1839 437 1875 Nos,
477 1838 585 1872 diuina
622 1841 844 1872 miseracione
879 1839 1083 1883 Prepesilus
1118 1841 1302 1883 pragyense's·
1340 1839 1522 1884 dyocbesis
1552 1843 1662 1873 notum
1706 1838 1844 1873 facimus
1886 1841 2055 1873 vniuersis

199 1906 348 1935 tenorem
383 1903 595 1946 presencium
628 1897 790 1933 habituris
829 1899 915 1946 quod
953 1910 1015 1934 nos
1051 1903 1156 1934 uirum
1195 1899 1367 1946 prouidum
1398 1904 1429 1933 et
1464 1899 1643 1934 discretum
1672 1900 1853 1933 Martinam
1884 1899 1962 1932 licet
1990 1899 2056 1933 ab-

198 1966 340 2003 sentem,
370 1961 558 1994 mandatum
588 1965 698 1994 tamen
735 1965 854 2006 sponte
884 1963 1120 2007 suscipientem
1156 1960 1308 1997 fecimus.
1339 1960 1563 1994 ordinanimus
1593 1965 1625 1994 et
1653 1947 1878 1994 constituimus
1907 1964 2055 1994 nostrum

197 2034 312 2056 uerum
349 2027 382 2056 et
414 2022 594 2067 legitimum
629 2026 880 2067 procuratorem
917 2024 949 2055 in
978 2025 1069 2055 curia
1106 2033 1242 2055 romana
1272 2021 1310 2055 ad
1341 2021 1564 2067 impetrandas
1594 2022 1716 2055 litteras
1748 2021 1914 2066 simplices
1944 2025 1975 2054 et
2002 2021 2057 2054 le-

198 2083 325 2128 gendas
368 2086 515 2128 graciam
554 2087 585 2116 ct
622 2084 782 2116 iusticiam
818 2085 1029 2116 continentes
1065 2087 1096 2116 et
1132 2082 1273 2116 iudicem
1312 2093 1371 2116 seu
1407 2082 1532 2116 iudices
1562 2081 2054 2127 elegendum,concordandum

197 2149 229 2177 et
270 2143 565 2177 contradicendum
612 2147 642 2176 et
685 2143 747 2176 alia
787 2143 974 2177 faciendum
1009 2154 1072 2189 que
1110 2149 1305 2189 procurator
1339 2143 1514 2176 audiencie
1549 2144 1731 2176 communis
1763 2142 1775 2185 (
1882 2143 1898 2186 J
1942 2143 2055 2176 facere

196 2209 302 2250 potest
332 2209 363 2238 et
392 2204 490 2237 debet
520 2206 551 2237 in
582 2206 752 2249 premissis
782 2208 812 2236 et
842 2204 988 2249 quolibet
1016 2207 1253 2250 promissorum
1277 2209 1381 2237 ratum
1413 2209 1445 2237 et
1474 2203 1599 2237 lirinum
1630 2201 1789 2236 babentes
1819 2203 1965 2249 quidqnit
1996 2214 2055 2249 per

195 2265 361 2299 dominum
391 2269 642 2311 procuratorem
671 2263 767 2298 suerit
796 2264 993 2307 ordinatuim

351 2325 387 2358 In
418 2329 512 2359 cuius
543 2330 606 2359 ete.

350 2386 468 2419 Datum
499 2391 560 2419 etc.
593 2397 679 2420 anno
700 2386 820 2419 domini
851 2390 914 2420 etc.

1020 2453 1072 2497 De
1098 2465 1224 2498 eodem.

349 2516 386 2550 In
414 2520 548 2550 nomine
578 2517 699 2550 domini
730 2521 792 2549 etc.

349 2578 450 2611 Anno
480 2577 629 2610 eiusdem
660 2579 904 2611 incarnacionis
934 2581 996 2610 etc.
1027 2576 1106 2610 11110
1134 2576 1219 2622 ydus
1249 2575 1408 2609 februarii
1436 2586 1498 2619 eqo
1526 2574 1700 2618 presbiter
1730 2579 1793 2608 etc.
1826 2573 1924 2617 facio‚
1963 2584 2051 2608 con-
