2184 2828
179 232 319 268 eandem
347 235 534 279 pecuniam,
566 235 621 264 aut
649 233 720 276 ipsa
749 229 842 263 Bona
871 231 904 263 in
931 226 1162 269 Wolsramicz,
1191 227 1222 261 in
1252 230 1346 272 parte
1375 227 1482 272 aliqua
1514 228 1566 263 vel
1594 231 1626 262 in
1655 233 1733 273 toto,
1758 228 1816 263 sed
1840 240 1913 264 eam
1935 241 2027 264 ven-

179 294 344 327 dicionem
372 304 432 339 per
459 303 522 327 nos
556 295 592 325 vt
624 292 821 337 premissum
854 293 918 332 est,
953 289 1171 322 communiter
1205 291 1239 321 et
1272 287 1313 320 de
1341 291 1485 322 omnium
1514 293 1700 324 nostrorum
1728 290 1868 324 consilio
1896 294 1929 324 et
1956 302 2026 325 vo-

179 354 315 397 luntate,
344 353 476 400 prefato
504 352 647 386 Domino
675 350 833 393 Henrico,
863 354 894 383 et
923 351 992 383 suis
1020 346 1219 390 HeredibUS,
1248 347 1370 382 factam
1400 353 1505 382 ratam
1532 349 1655 384 habere
1684 352 1902 396 promittimus
1930 355 2028 397 atque

178 415 317 458 firmam,
346 414 462 448 Eciam
491 415 732 459 promittentes,
761 415 878 444 contra
913 412 1017 455 ipsam
1053 408 1094 442 de
1121 407 1203 441 Jure
1237 408 1290 442 vel
1325 408 1366 442 de
1395 408 1494 451 facto,
1523 409 1577 443 vel
1605 410 1669 444 alio
1697 410 1929 456 quovismodo,
1957 421 2026 446 non

178 478 310 519 venire,
338 475 376 509 In
404 477 499 508 cuius
533 473 596 507 Rei
631 474 854 507 testimonium
891 473 1067 517 presentes
1102 469 1229 503 litteras
1263 468 1346 512 sieri,
1383 480 1422 502 ac
1456 473 1641 504 nostrorum
1679 473 1851 516 prepositi,
1885 470 2026 515 Decani,

178 535 333 571 Custodis
363 540 397 569 et
424 534 613 576 Scolastici,
641 532 875 579 predictorum,
906 541 1037 565 necnon
1067 526 1173 564 tocius
1202 528 1358 563 Ecclesie
1385 534 1512 573 nostre,
1540 529 1678 576 Capituli
1703 530 1893 575 Sigillorum
1914 534 2028 565 muni—

178 600 266 631 mine
293 596 434 630 fecimus
458 594 636 637 Rohorari,
664 594 786 628 Actum
814 597 847 627 et
871 592 979 626 datum
1007 590 1117 636 Prage
1140 589 1213 624 VII.
1242 589 1318 624 Idus
1339 589 1557 637 Septembris,
1578 591 1679 626 Anno
1698 591 1829 625 Domini
1853 590 2028 626 Millesimo

177 658 428 693 Trecentesimo
456 658 618 690 vicesimo
646 657 770 701 quinto.

487 734 571 769 (Nach
595 735 669 760 einer
694 732 832 759 Abschrift
862 732 894 758 im
923 731 948 757 k.
974 730 1064 756 bohm.
1096 730 1213 755 Museuin
1245 737 1275 755 zu
1300 729 1369 763 Prag
1399 737 1447 755 aus
1477 729 1536 755 dem
1562 729 1635 763 Orig.
1667 730 1715 756 des
1745 730 1772 757 k.
1799 730 1825 756 k.
1850 730 2028 757 Horarchives

591 794 620 812 zu
645 785 751 818 wien.)

1054 893 1162 929 234.

331 957 536 1015 Elisabeth,
565 974 694 1008 Witwe
722 973 781 1007 der
808 972 939 1017 Konige
967 971 1112 1006 Wenzel
1140 971 1205 1006 und
1234 971 1387 1018 Rudolph
1416 983 1481 1006 von
1508 971 1668 1015 Bohmen,
1693 971 1868 1006 vermacht
1889 982 1931 1005 zu
1954 971 2029 1005 dem

173 1038 316 1084 jahrlich
344 1037 396 1072 fiir
424 1036 596 1071 dieselben
635 1047 674 1068 zu
708 1033 860 1068 feiernde
888 1032 1102 1077 Erinuerung
1137 1032 1211 1066 dein
1241 1033 1358 1066 Altare
1393 1032 1450 1067 des
1479 1032 1509 1066 11.
1541 1032 1654 1067 Simon
1683 1032 1748 1066 und
1776 1032 1880 1068 Judas
1908 1035 1941 1066 in
1970 1032 2030 1066 der

176 1100 305 1145 Prager
331 1097 455 1133 Kirche
489 1097 547 1131 das
582 1095 669 1130 Dorf
699 1094 852 1129 Krechoi·
887 1093 1053 1138 (Krehor)
1088 1096 1121 1127 in
1154 1093 1214 1127 der
1250 1093 1427 1127 Kauriuier
1455 1093 1610 1127 Provinz.
1647 1089 1724 1128 Dto.
1760 1095 1792 1127 in
1826 1095 2029 1127 monasterio

177 1161 264 1196 Aula
293 1159 328 1194 S.
357 1158 496 1201 Mariae,
525 1156 650 1191 XVIII.
681 1155 819 1189 Kalend.
849 1153 1045 1189 Decembris
1075 1154 1154 1200 (111.
1184 1153 1368 1199 Noveinb.)
1398 1153 1509 1188 1325.

486 1236 571 1269 (Nau-li
596 1236 670 1261 einer
696 1234 833 1260 Abschrift
856 1233 890 1259 im
915 1233 941 1260 k.
966 1234 1055 1259 bohun.
1079 1233 1197 1259 Museum
1223 1241 1252 1259 zu
1278 1233 1347 1267 Prag
1370 1241 1417 1259 aus
1441 1233 1492 1259 den
1518 1233 1603 1259 Acten
1627 1232 1674 1259 des
1699 1232 1812 1258 Wenzel
1836 1240 1889 1259 von
1913 1231 2028 1258 Krumau

588 1289 621 1313 im
645 1287 744 1320 Prnger
769 1286 994 1320 Capitelarchive,
1021 1285 1050 1312 U.
1073 1285 1160 1315 xiv.)

1050 1431 1157 1466 2:35.

333 1493 501 1556 conrad,
538 1510 679 1546 Bischof
712 1521 778 1545 von
816 1508 959 1551 Olmutz,
996 1513 1166 1554 gestattet,
1203 1508 1280 1543 dass
1315 1508 1375 1543 das
1409 1508 1544 1543 Kloster
1579 1507 1712 1542 Sedletz
1748 1507 1801 1542 die
1828 1507 1939 1542 Halfte
1968 1507 2027 1543 des

175 1575 414 1610 Einlzommens
448 1573 507 1607 der
538 1572 711 1606 Pfarreien
749 1583 788 1605 zu
819 1570 962 1604 Jamnitz
996 1570 1063 1604 und
1091 1569 1267 1603 Jarmeritz
1306 1569 1426 1614 (deren
1455 1567 1727 1603 Patronatsrecht
1754 1568 1866 1614 Konig
1894 1567 2028 1603 Johann

176 1636 249 1670 dem
277 1635 413 1670 Kloster
439 1632 627 1679 geschenkt
653 1632 725 1677 liat]
752 1631 915 1665 bezielien
943 1630 1049 1665 diirfe.
1078 1630 1154 1665 Dto.
1185 1629 1327 1673 OlmiitZ,
1359 1631 1391 1663 5.
1420 1629 1513 1664 Marz
1543 1628 1651 1664 1326.

484 1713 569 1745 (Nach
600 1712 648 1738 dei·
675 1710 1008 1738 Conlirmatiousurkunde
1038 1710 1065 1737 P.
1098 1710 1223 1735 Clemens
1253 1709 1298 1736 Vl.
1335 1709 1398 1735 (ldo.
1430 1708 1570 1734 Villanova
1605 1708 1647 1733 bei
1677 1706 1805 1741 Avigiioii
1839 1707 1888 1734 25.
1918 1707 2028 1741 August

590 1763 682 1793 1342,
706 1765 731 1790 in
755 1763 806 1789 den
831 1762 906 1797 Orig.
936 1762 1045 1795 Regest.
1076 1761 1101 1788 P.
1135 1761 1257 1787 Clemens
1289 1760 1333 1786 VI.
1364 1762 1397 1786 im
1427 1760 1489 1786 Vat.
1514 1760 1629 1786 Archive
1659 1759 1701 1785 lx.
1728 1759 1756 1785 B.
1783 1759 1821 1785 56
1847 1759 1886 1785 ΒΥ.
1914 1758 1972 1785 178
1997 1758 2024 1785 S.

587 1816 648 1842 Vid.
674 1816 740 1849 Cop.
767 1816 799 1841 im
824 1823 857 1841 m.
883 1817 915 1841 st.
939 1813 1178 1847 Landesarcliive.)

1046 1958 1153 1994 236.

173 2043 323 2086 Joleann,
352 2041 479 2076 Probst
514 2053 567 2074 am
608 2039 829 2085 VVyselmule,
864 2037 1007 2075 erlaldrl,
1042 2037 1122 2070 class
1157 2037 1268 2080 Kom'y
1302 2036 1439 2070 Johamz
1472 2035 1533 2069 der
1559 2033 1721 2069 Prohstez'
1743 2034 1801 2077 feli·
1833 2034 1887 2067 die
1917 2034 2026 2067 Galer-

179 2104 380 2148 II‘olstwm‘c
410 2103 475 2136 ancl
505 2102 614 2135 Ligula
642 2101 695 2134 die
726 2100 833 2133 Ge't'ter
862 2099 969 2135 Sirim,
999 2097 1156 2141 Lecheae,
1186 2096 1387 2131 Sobechlew
1413 2096 1477 2130 acted
1499 2094 1686 2128 Lz'besowic
1711 2095 1925 2138 (ιη-9610163611
1950 2093 2022 2128 hat.

444 2164 526 2197 Dlo.
556 2164 590 2196 in
624 2160 825 2205 Wyeelaracss
854 2159 917 2194 IV.
947 2158 1028 2192 Idus
1056 2157 1258 2192 Novembris
1289 2158 1373 2201 (10.
1403 2155 1612 2198 November]
1645 2154 1755 2188 1326.

327 2224 417 2277 Nos
444 2242 617 2276 Johannes
646 2239 696 2273 dei
726 2241 840 2283 gracia
868 2237 1060 2283 Prepositus
1088 2241 1308 2271 sacrosancte
1336 2233 1640 2281 Wyssegradensis
1669 2233 1834 2276 Ecclesie,
1863 2243 1904 2266 ac
1927 2230 2023 2266 Can-

173 2303 337 2340 cellarius.
367 2304 476 2348 Regni
505 2302 675 2342 Bohfflnie,
705 2304 817 2333 notum
847 2309 923 2332 esse
951 2300 1101 2343 cupimus
1130 2299 1330 2342 presentium
1356 2293 1603 2341 Iuspectoribus
1628 2296 1808 2336 vniuersis,
1837 2292 1923 2339 quod
1947 2302 2022 2326 cum

174 2363 415 2398 Serenissimus
444 2363 594 2397 (lominus
622 2364 736 2394 noster
765 2360 915 2393 (lominus
943 2357 1115 2391 Joliannes
1142 2358 1217 2391 Rex
1238 2357 1395 2391 Bohemie
1422 2360 1452 2389 et
1478 2354 1625 2393 Polonie,
1652 2366 1691 2388 ac
1714 2352 2021 2398 Lucemburgensis

175 2425 306 2466 Comes,
336 2424 459 2458 Carere
488 2424 600 2465 nollet,
630 2423 706 2466 quin
736 2420 796 2453 sibi
826 2420 919 2453 Bona
948 2423 1064 2452 nostre
1093 2417 1318 2463 prepositure,
1353 2416 1479 2450 scilicet
1510 2417 1542 2448 in
1571 2415 1790 2448 Woll'ramicz
1827 2417 1859 2447 et
1887 2412 2021 2447 Lisnicz

174 2498 246 2520 cuin
276 2496 388 2519 eorum
418 2485 624 2530 pertinentiis
652 2480 884 2516 venderemus.
924 2478 983 2512 Cui
1011 2480 1170 2513 resistere
1204 2489 1269 2512 11011
1305 2477 1455 2511 valentes
1485 2474 1569 2516 Quia
1597 2475 1760 2509 Patronus
1788 2477 1903 2508 nostre
1930 2472 2021 2506 Pre-

174 2550 322 2593 positure
352 2549 432 2578 erat.
460 2544 501 2578 Et
531 2547 605 2589 quia
635 2542 675 2576 ab
703 2544 776 2587 ipso
806 2540 935 2574 Dictam
969 2538 1215 2584 Preposituram
1253 2536 1465 2571 habebamus
1501 2535 1597 2568 Dicta
1630 2535 1723 2570 Bona
1759 2534 1865 2568 eidem
1893 2532 2020 2567 vendi-

174 2609 292 2654 dimus,
322 2606 383 2640 Pro
414 2604 538 2639 duobus
566 2603 696 2638 Milibus
727 2611 922 2635 marcarum.
952 2599 994 2633 Et
1023 2596 1096 2634 cuin
1126 2599 1331 2634 solucionem
1367 2596 1452 2629 dicte
1484 2595 1646 2629 Peccunie
1675 2594 1824 2629 Pluribus
1853 2595 1949 2628 annis
1977 2590 2018 2626 ab
