2184 2828
968 116 1040 152 6⁶23

82 235 336 268 Serenissimum
358 233 555 279 Principem.
575 233 749 268 Dominum
770 234 925 268 Karolum
944 262 949 268 .
969 234 1192 268 Romanorum
1214 234 1355 278 Regem,
1377 246 1509 281 semper
1528 240 1715 280 augustum.
1737 241 1768 270 et
1789 236 1924 271 Boemie

82 295 210 340 Regem
238 305 282 328 ex
309 305 386 337 una,
418 299 450 328 et
477 305 538 328 nos
568 300 663 340 parte
692 307 735 328 ex
764 296 866 328 altera
890 323 895 328 .
919 295 958 328 ‹le
988 296 1064 337 alto.
1095 299 1127 328 et
1154 294 1269 337 basso.
1300 298 1331 328 in
1362 295 1481 341 Optdo,
1511 295 1767 331 Narnislouiensi
1790 325 1795 330 .
1817 298 1924 331 Wra-

81 356 280 389 tislauiensis
319 354 475 400 dyocesis
506 382 512 388 .
543 355 644 388 Anno
683 360 713 389 et
751 355 803 389 die
832 355 1024 401 subscriptis
1063 382 1070 389 .
1104 358 1136 389 in
1171 354 1258 388 hunc
1294 355 1424 389 modum
1463 384 1469 390 .
1508 350 1663 391 duximus
1697 358 1923 392 amicabiliter.

79 414 347 450 concordandum
379 443 384 449 .
415 415 501 460 quod
538 418 669 449 sincera
706 416 770 449 fide
803 415 864 450 sub
897 419 1036 462 prestito
1071 419 1272 457 iuramento.
1303 420 1336 449 et
1363 419 1435 451 sine
1464 421 1553 451 omni
1582 418 1673 461 dolo.
1708 422 1925 464 promittimus

77 475 268 521 supradicto
298 502 305 509 .
345 475 570 509 Romanorum
601 503 607 509 .
645 481 676 510 ct
712 476 850 509 Boemie
881 504 886 510 .
924 477 1010 521 Regi
1043 476 1136 510 fratri
1169 481 1283 510 nostro
1320 504 1327 510 .
1364 482 1557 522 perpetuam
1593 478 1811 512 dileccionem
1848 506 1854 513 .
1892 484 1925 512 et

75 535 255 570 fraternam
289 538 472 569 amiciciam
503 563 509 569 .
541 539 668 570 cunctis
703 540 835 570 inantea
864 536 980 570 futuris
1010 536 1212 583 temporibus
1248 537 1481 572 inuiolabiliter
1515 538 1697 573 obseruare
1728 567 1734 573 .
1765 543 1813 574 sic
1842 540 1924 586 quod

75 599 148 642 ipse
182 607 282 630 uersa
318 599 392 630 uice
426 596 539 630 nobis.
574 597 633 631 sul)
669 601 853 631 iuramento
886 598 1002 641 simili,
1042 598 1082 631 ad
1115 597 1391 632 obseruacionem
1429 600 1607 634 earundem
1638 628 1644 634 .
1675 600 1867 634 dileccionis
1897 605 1927 634 et

76 659 227 691 amicicie
260 661 411 690 teneatur
439 684 446 691 .
477 661 572 702 prout
606 660 636 691 in
667 661 807 703 antiquis
841 659 956 692 litteris
984 685 990 692 .
1018 663 1132 692 nostre
1156 659 1336 692 concordie
1369 686 1375 692 .
1408 661 1493 693 inter
1521 671 1594 693 eum
1625 665 1654 694 et
1686 672 1765 695 nos.
1796 660 1926 706 aliquo-

75 720 168 751 ciens
197 716 381 751 celebrate.
420 718 549 763 plenius
578 722 794 752 continetur.
819 723 850 751 et
878 719 1073 764 supradictis
1102 722 1231 761 vnioni,
1271 724 1303 753 et
1338 722 1517 753 amicicie.
1542 720 1704 754 illustrem
1740 721 1924 767 Principem

75 777 252 812 Dominum
291 777 473 812 Bolkonem
513 777 639 812 Ducem
680 778 959 824 Swydnicensem
991 779 1183 825 ‚Nepotem
1227 785 1375 814 nostrum
1417 780 1571 814 dilectum
1603 808 1610 814 .
1642 786 1796 815 cessante
1838 785 1925 815 omni

75 838 294 875 dissensionis
323 842 459 873 materia
489 841 516 873 si
545 850 606 884 qua
637 842 722 873 inter
749 840 930 885 predictum
956 868 962 873 .
987 840 1133 885 Regem.
1163 845 1195 874 et
1223 841 1363 874 eundem
1400 840 1529 875 Ducem
1555 869 1561 875 .
1585 841 1747 887 Nepotem
1778 847 1925 876 nostrum

75 899 234 937 hactenus
263 904 313 933 est
342 899 451 933 habita
482 899 635 933 duximus
667 901 896 934 includendam
922 929 928 934 .
954 904 980 934 si
1010 912 1108 947 super
1135 901 1209 946 hijs.
1240 913 1300 947 per
1329 902 1554 948 supradictum
1583 902 1709 936 Ducem
1731 902 1924 938 Bollionem.

74 963 106 994 in
136 960 305 994 iuridicam
335 959 580 994 discussionem
606 988 612 994 .
636 961 774 995 illustris
805 966 835 995 et
864 961 1032 1003 Magnilici
1061 961 1222 1008 Principis
1251 962 1382 996 Domini
1411 962 1541 997 Alberti
1572 990 1578 996 .
1613 964 1764 997 Austrie.
1803 964 1924 1009 Styrie.

74 1026 105 1055 et
135 1020 315 1066 Carynthie
341 1050 346 1054 .
371 1020 473 1054 Ducis
498 1048 504 1054 .
528 1032 729 1055 consensum
760 1022 867 1065 suerit,
899 1023 982 1056 inl'ra
1012 1022 1150 1056 triduum
1176 1051 1183 1056 .
1207 1035 1224 1056 a
1255 1023 1307 1057 die
1336 1027 1499 1066 crastina.
1537 1027 1695 1058 continuo
1725 1029 1924 1069 computan-

74 1082 149 1116 dum
174 1109 180 1115 .
206 1082 404 1127 Specialiter
433 1084 538 1115 eciam
560 1085 791 1127 promittimus„
822 1087 852 1116 ct
873 1084 1086 1128 spondemus.
1116 1084 1200 1129 qnod
1231 1084 1340 1117 medio
1369 1089 1528 1130 tempore,
1559 1096 1622 1129 quo
1643 1097 1702 1131 per
1722 1085 1925 1129 suffragium.

74 1147 106 1176 et
134 1146 288 1176 iuuamen
311 1169 318 1176 .
342 1142 481 1188 predicti
511 1143 634 1176 domini
663 1143 776 1176 Karoli
807 1144 1032 1178 Romanorum
1063 1149 1093 1177 et
1121 1144 1259 1178 Boemie
1287 1145 1393 1190 Regis
1419 1172 1426 1179 .
1451 1145 1630 1187 aduersus.
1667 1146 1856 1180 Cruciseros
1886 1145 1925 1178 de

73 1202 182 1237 Domo
212 1202 418 1237 Theotonica
442 1230 449 1236 .
473 1214 531 1237 seu
563 1203 710 1237 Banaros
739 1207 771 1237 in
801 1204 947 1238 Mai-chia
978 1205 1269 1250 Brantleburgensi
1294 1233 1300 1239 .
1325 1210 1512 1249 manentes7
1542 1211 1657 1240 metas.
1689 1207 1795 1249 Regni
1825 1208 1926 1239 nostri

73 1263 209 1298 Polonie
231 1291 239 1298 .
262 1274 327 1298 non
357 1268 671 1310 rccuperauerimus
695 1292 701 1298 .
727 1265 894 1305 hostilius„
931 1270 963 1299 ct
991 1266 1107 1299 emulis
1133 1293 1140 1299 .
1164 1266 1240 1300 dicti
1270 1266 1393 1311 Regis.
1431 1278 1496 1300 non
1526 1270 1716 1313 cooperari.
1752 1267 1805 1300 1101
1835 1269 1926 1300 assi-

73 1330 162 1359 stere
186 1352 193 1358 .
217 1325 358 1367 auxilio,
397 1325 554 1367 consilio,
593 1329 625 1358 et
660 1325 775 1359 fauore
800 1353 806 1359 .
831 1326 1050 1371 Rccuperatis
1087 1331 1197 1360 tamen
1232 1355 1238 1361 .
1269 1327 1424 1361 limitibus
1466 1328 1574 1373 Regni
1617 1331 1719 1361 nostri
1763 1327 1923 1373 predicti.

73 1388 293 1431 promittimus
327 1385 386 1419 sub
421 1385 485 1420 fide
521 1391 553 1420 et
586 1389 789 1419 iuramento,
824 1390 977 1432 superius
1011 1391 1183 1432 expressis
1207 1415 1214 1422 .
1239 1389 1389 1434 predicto
1419 1389 1644 1422 Romanorum
1672 1416 1678 1421 .
1704 1394 1734 1421 et
1764 1388 1924 1422 Boemie.

72 1446 161 1491 Regi
196 1446 356 1480 aduersus
390 1458 521 1480 omnem
555 1446 721 1480 hominem
747 1475 753 1480 .
778 1448 948 1489 auxiliari.
986 1452 1117 1490 astare.
1148 1453 1181 1482 et
1215 1452 1389 1483 assistere.
1425 1449 1521 1493 Rege
1557 1449 1707 1493 Vngaric
1743 1450 1925 1484 dumtaxat.

75 1511 220 1553 excepto
245 1534 251 1540 .
276 1512 371 1553 prout
399 1510 430 1541 in
460 1510 614 1553 antiquis.
645 1508 777 1541 litteris.
810 1511 948 1551 nosti-is,
986 1513 1035 1542 est
1064 1520 1280 1554 expressumq
1317 1514 1349 1543 et
1383 1511 1566 1555 predictum
1595 1511 1723 1555 Regem
1748 1538 1754 1544 .
1780 1515 1811 1544 et
1839 1510 1926 1544 fide-

73 1570 223 1601 iussores
252 1571 322 1601 eius
343 1571 395 1613 qui
425 1567 521 1602 nobis
551 1572 618 1602 suis
648 1569 836 1614 patentibus
868 1570 993 1621 litteris.
1025 1580 1084 1614 pro
1114 1570 1252 1615 quadam
1284 1582 1409 1605 summa
1439 1575 1581 1617 pecunie
1610 1575 1831 1617 promiserunt
1855 1599 1861 1605 .
1886 1571 1925 1605 de

72 1627 219 1674 predicta
248 1632 408 1674 pecunia.J
438 1629 534 1663 nullis
563 1640 718 1675 vmquam
748 1629 950 1675 temporibus
988 1641 1181 1664 ammonere
1205 1658 1211 1664 .
1237 1631 1338 1676 Sique
1368 1631 1549 1671 adiutorio.
1579 1632 1631 1666 dei
1660 1637 1691 1666 et
1721 1644 1818 1678 supra
1849 1632 1925 1666 dicti

72 1689 177 1733 Regis
207 1688 364 1733 suffragio
393 1689 573 1732 mediante,
604 1693 708 1727 metis.
739 1693 842 1723 nostri
874 1691 981 1733 Regni
1011 1690 1129 1725 habitis
1153 1718 1160 1725 .
1186 1694 1348 1737 primitus³
1379 1697 1412 1726 et
1440 1692 1583 1726 obtentis
1609 1720 1615 1726 .
1640 1693 1739 1738 aliqui
1769 1704 1923 1738 occupa-

72 1754 162 1784 tores
185 1777 192 1783 .
216 1749 256 1783 de
285 1749 379 1783 bonis
403 1777 410 1783 .
434 1754 467 1784 et
494 1750 664 1795 dominijs.
695 1750 735 1784 ad
766 1751 937 1794 Regnum.
969 1756 1118 1785 nostrum
1149 1752 1303 1795 Potonie.
1334 1764 1399 1787 non
1429 1753 1683 1800 pertinentibus.
1714 1756 1924 1787 exterminati

74 1815 107 1844 et
133 1811 266 1857 expulsi
294 1810 414 1844 fuerint
438 1838 444 1845 .
468 1811 678 1845 medietatem
708 1811 876 1845 Bonorum
901 1839 907 1845 .
932 1816 963 1845 et
992 1812 1210 1846 dominiorum
1239 1813 1424 1847 huiusmodi
1448 1843 1454 1848 .
1478 1814 1657 1860 supradicti
1679 1814 1923 1848 Romanorum.

75 1875 109 1905 et
135 1871 272 1905 Boemie
295 1899 302 1905 .
326 1871 430 1916 Regis
453 1899 460 1906 .
484 1872 667 1906 Residuam
697 1884 788 1906 uero.
819 1875 940 1906 nostris
965 1900 972 1906 .
996 1872 1120 1907 Ysibus
1150 1873 1360 1908 decernimus
1390 1876 1631 1920 applicandam.
1687 1874 1723 1908 111
1753 1877 1848 1909 cuius
1876 1877 1925 1908 rei

76 1934 294 1966 testimonium
318 1960 325 1966 .
349 1937 498 1966 nostrum
522 1960 529 1966 .
554 1933 706 1977 Sigillum
745 1933 971 1979 presentibus.
1005 1933 1159 1967 duximus
1197 1935 1462 1980 appendendum.
1511 1936 1595 1969 Data
1633 1939 1665 1968 in
1694 1935 1922 1969 Namisslow.

78 1989 182 2036 Opido
211 1992 366 2038 dyocesis
395 1993 688 2028 VVratislauiensis
713 2021 719 2028 .
744 1994 797 2028 die
827 1998 941 2028 sancte
971 1994 1093 2028 Uecilio
1123 1994 1270 2039 Virginis
1289 2016 1297 2029 1
1316 1996 1416 2030 Α11110
1446 1996 1567 2029 domini
1591 2024 1597 2029 .
1622 1995 1796 2029 Mittesimo
1827 1996 1925 2029 CCC0

78 2050 135 2084 XL
164 2056 291 2087 octauo.

383 2133 468 2163 (Nacti
493 2135 568 2159 einer
592 2134 729 2159 Aliscliritt
754 2135 786 2159 im
812 2133 836 2159 k.
864 2133 951 2158 11011111.
978 2133 1093 2159 Mnscum
1118 2142 1170 2159 von
1195 2134 1253 2160 dein
1279 2134 1353 2167 Orig.
1379 2137 1410 2161 ini
1445 2136 1469 2161 k.
1496 2136 1521 2161 11.
1555 2136 1669 2164 gentum.
1704 2135 1864 2160 llol'arcliive
1894 2144 1923 2160 zu

485 2186 576 2212 wien.
630 2203 635 2205 -
668 2186 843 2217 Augeat-ncta
870 2186 910 2211 lici
936 2186 1020 2211 l'clzel
1045 2186 1074 2213 Κ.
1101 2186 1161 2211 Κ1111
1187 2186 1231 2212 lv.
1257 2186 1276 2212 1.
1301 2187 1346 2213 Th.
1372 2187 1544 2213 Urkuudeuti.
1571 2189 1597 2212 S.
1629 2187 1685 2212 th)
1711 2195 1734 2211 11.
1755 2187 1849 2213 chx.
1876 2196 1922 2213 ans

487 2237 546 2263 dem
571 2238 768 2264 Nostitz‘sctien
794 2238 876 2269 Cod.)
1272 2229 1273 2232 ¹

949 2330 1054 2367 870.

226 2385 298 2440 K.
326 2405 406 2440 Karl
432 2407 489 2443 IV.
518 2409 675 2447 bekennt.
706 2410 783 2444 dass
813 2410 877 2443 ihm
907 2409 958 2443 die
988 2408 1135 2443 Consuln
1164 2409 1228 2444 und
1258 2409 1388 2455 Burger
1416 2423 1455 2445 zu
1486 2410 1621 2444 Breslau
1652 2422 1710 2444 zur
1736 2410 1923 2455 Einlosung

82 2466 141 2500 der
170 2466 263 2500 Stadt
293 2466 534 2503 Frankenstein
564 2472 636 2505 500
666 2471 759 2505 Mai-k
791 2470 963 2504 Grosclien
1000 2471 1376 2515 zusammengebraclit,
1405 2471 1515 2506 wol'ur
1543 2482 1580 2505 er
1608 2471 1706 2505 ilmen
1736 2472 1799 2506 den
1825 2472 1923 2515 jahr-

81 2526 190 2561 lichen
218 2527 297 2561 Zins
325 2538 392 2562 von
422 2528 484 2562 den
513 2529 837 2566 Kammerkneclitcn
867 2531 930 2564 den
959 2530 1066 2564 Judcn
1097 2531 1305 2577 verpfandet.
1334 2532 1388 2567 Dt.
1420 2532 1571 2575 1310511111,
1601 2531 1660 2566 23.
1691 2531 1777 2567 Νον.
1810 2532 1919 2568 1318.

395 2606 485 2637 [Nacti
510 2607 568 2633 dem
594 2609 668 2642 Orig.
694 2610 742 2636 des
767 2610 908 2636 Bri-slauer
934 2610 958 2635 11.
985 2610 1061 2635 pror.
1089 2611 1231 2639 Arctiives.
1257 2611 1415 2645 mitgvttwitt
1441 2611 1483 2636 Dr.
1511 2610 1721 2645 Wattenbacli.)
