2184 2828
1017 72 1061 83 -μ

989 73 1055 104 {loz

788 232 1039 267 Promissiones
1063 232 1256 277 fidelitatis.

254 311 323 345 Nos
352 315 415 345 etc.
451 316 563 345 notum
597 311 735 345 facimus
772 315 938 347 vniuersis
968 310 1006 344 ad
1043 321 1182 355 quorum
1211 312 1444 353 cognicionem
1479 308 1652 342 deuenerit
1683 312 1843 355 scriptum
1872 319 1954 354 pre—

101 383 178 406 sens
214 373 298 418 quod
337 383 397 406 nos
432 373 596 417 corporali
631 375 816 406 iuramento
854 376 989 419 prestito
1025 374 1097 405 sine
1132 373 1220 404 omni
1255 370 1330 403 dolo
1370 375 1401 403 et
1444 370 1528 403 malo
1565 373 1700 414 ingenio
1736 372 1950 415 promisimus

101 434 232 468 domino
262 437 386 467 nostro.
424 433 474 467 ii‘.
506 434 622 466 inclito
653 435 727 478 regst'
754 434 917 467 Bolwmt'e
950 435 1078 466 seruire
1111 436 1207 476 atque
1236 434 1345 464 astare
1382 431 1442 464 sihi
1478 431 1618 464 lideliter
1653 442 1727 463 cum
1756 435 1823 463 toto
1855 441 1955 476 posse

100 498 214 528 nostro
244 498 356 528 contra
387 493 551 527 hominem
581 505 712 527 omnem
742 499 772 527 el
802 505 1008 539 ‹piacumque
1038 495 1111 526 uice
1140 491 1235 525 nobis
1266 491 1395 524 duxerit
1422 491 1660 535 iniungendum
1686 495 1718 524 et
1743 491 1828 535 quod
1850 493 1953 536 ipsius

100 555 289 589 mandatum
318 558 388 588 siue
417 557 448 588 111
478 554 565 588 1101111
601 557 672 588 siue
705 558 736 588 in
775 556 860 588 malo
897 566 954 600 pro
991 565 1091 600 posse
1126 553 1302 597 diligenter
1337 556 1369 585 et
1404 552 1543 585 fideliter
1572 562 1780 596 exequamur
1808 555 1840 584 et
1869 551 1954 596 quod

100 627 266 660 nunquam
295 614 489 648 deseremus
520 626 594 648 eum
624 615 681 648 sed
713 627 845 661 semper
880 618 941 661 ipsi
971 614 1151 647 astabimus
1180 617 1213 646 et
1241 616 1346 659 ipsum
1383 613 1568 646 iuuahimus
1602 615 1783 645 occasione
1804 611 1953 656 relegata

101 676 235 721 quilibet
264 687 337 709 eum
366 675 464 709 rebus
493 679 615 709 nostris
645 675 830 709 hominihus
862 678 991 721 propria
1018 677 1048 708 in
1078 685 1219 720 persona
1247 673 1332 720 quod
1358 677 1382 707 si
1411 684 1475 706 non
1505 674 1682 706 fecerimus
1705 677 1780 706 tunc
1801 672 1954 705 uolumus

101 740 223 782 periuri
253 736 392 781 exleges
421 741 452 769 et
483 737 623 770 int'ames
660 737 699 769 ah
736 737 885 770 omnihus
922 736 1067 778 iudicari,
1105 739 1135 768 et
1172 735 1298 768 honore
1335 738 1448 767 nostro
1483 737 1508 767 si
1543 734 1627 779 quod
1660 733 1873 766 hahuerimus
1903 733 1955 766 uel

102 797 241 831 habituri
270 797 428 830 fuerimus
456 800 588 843 prin-ari„
616 799 705 831 nullo
726 800 962 831 excusacionis
983 796 1189 841 subterfugio
1210 795 1304 829 nohis
1325 795 1520 839 sull'ragium
1543 797 1760 828 ndnistrante.
1791 793 1826 827 In
1849 797 1953 827 cuius.

918 901 971 934 De
999 901 1126 934 eodem.

255 978 329 1023 Ego
352 979 530 1024 palatinas
559 981 644 1013 cinis
674 982 823 1013 cinensis
853 982 947 1013 istius
977 983 1092 1012 tenore
1121 980 1243 1024 pagine
1272 980 1304 1010 in
1333 976 1498 1022 publicam
1527 976 1656 1010 deduco
1685 979 1841 1009 noticiam
1870 975 1955 1021 quod

103 1050 167 1083 ego
197 1043 331 1085 promisi
361 1044 392 1073 et
421 1043 574 1085 promitto
605 1040 690 1073 hona
727 1040 790 1073 11110
825 1044 856 1073 ct
891 1042 1080 1073 intencione
1117 1050 1181 1072 non
1218 1038 1293 1071 ficta
1330 1037 1494 1071 adherere
1529 1042 1627 1081 atque
1660 1040 1789 1070 seruire
1825 1036 1956 1070 domino

104 1100 142 1133 0.
174 1100 286 1134 illustri
316 1102 391 1145 regi
417 1100 580 1133 Boleemz'e
610 1101 748 1134 fideliler
777 1105 808 1134 et
837 1101 958 1134 deuote
989 1099 1117 1143 sibique
1148 1099 1349 1143 obsequiosa
1384 1098 1526 1144 prebere
1556 1097 1701 1132 subsidia
1732 1099 1840 1130 onmia
1870 1108 1956 1142 que—

102 1171 243 1206 cumque
272 1165 386 1207 potero
415 1166 529 1194 contra
560 1161 725 1195 dominum
757 1162 798 1195 Ιῖ.
831 1162 1060 1195 Romanorum
1085 1172 1196 1205 reglem
1223 1164 1253 1193 et
1277 1164 1391 1193 contra
1413 1170 1543 1192 onmem
1569 1158 1734 1191 hominem
1757 1168 1956 1202 omnemque

102 1232 281 1266 personam
309 1224 361 1254 cui
392 1221 497 1255 dictus
527 1222 679 1256 dominus
708 1223 751 1256 lt.
781 1222 946 1255 Boleeme'e
981 1220 1325 1254 aduersar‚omnihus
1363 1219 1567 1264 temporibus
1602 1222 1667 1252 uite
1698 1230 1771 1251 mee
1800 1221 1861 1252 nisi
1891 1217 1956 1250 do-

103 1284 222 1315 minica
252 1281 283 1315 hc
324 1286 462 1327 exsequi
491 1288 497 1323 (
614 1284 626 1325 )
656 1287 790 1329 propter
823 1283 923 1316 x'llum
958 1282 1122 1315 hominem
1158 1282 1211 1315 uel
1245 1281 1385 1326 aliquam
1422 1283 1635 1313 occasionem
1667 1279 1724 1312 sed
1756 1290 1795 1312 ea
1826 1281 1956 1324 penitus

101 1342 243 1376 efficiam
272 1346 425 1389 mancipo
454 1348 485 1376 et
516 1343 676 1389 reputabo
705 1343 856 1377 cumdem
894 1343 1059 1376 dominum
1096 1354 1208 1386 reyem
1238 1342 1401 1375 Boleeim'e
1437 1341 1602 1374 domiimm
1633 1351 1741 1373 meum
1772 1340 1954 1385 specialem

101 1407 134 1436 et
172 1402 292 1437 tenebo
325 1415 399 1437 eum
437 1415 496 1449 pro
534 1404 666 1437 domino
702 1415 777 1437 meo
815 1404 953 1450 speciali
992 1403 1134 1449 quandiu
1169 1406 1234 1436 uita
1270 1402 1369 1436 fuerit.
1402 1401 1477 1435 mihi
1514 1412 1641 1435 01111105.
1683 1400 1777 1441 Quod
1813 1403 1839 1433 si
1868 1399 1954 1433 forte

101 1463 186 1509 quod
216 1463 311 1506 absit,
341 1468 505 1498 contraria
535 1465 694 1510 predictis
724 1465 872 1498 l'acerem
902 1465 955 1499 uel
985 1464 1131 1510 predicta
1162 1475 1226 1497 non
1257 1462 1471 1508 adimplerem
1502 1461 1588 1507 quod
1615 1466 1692 1495 tunc
1716 1460 1792 1494 uolo
1817 1463 1953 1506 periuri.

103 1525 207 1558 exlex
236 1529 269 1558 et
295 1524 438 1559 imfainis
468 1530 628 1571 perpetuo
657 1528 805 1559 iudicari.

922 1629 976 1663 De
1004 1630 1132 1662 eodem.

254 1706 323 1741 Nos
358 1707 438 1741 Tlee.
470 1707 529 1741 Dei
560 1710 674 1752 gracia
700 1709 884 1752 prayeusis
913 1709 1109 1752 episeopus:
1130 1711 1195 1740 .et.
1215 1706 1381 1740 harmies
1410 1708 1508 1751 reymff
1538 1705 1700 1738 Roleemie
1729 1707 1761 1737 in
1787 1703 1953 1749 publicam

99 1767 291 1801 deducimus
320 1771 476 1802 noticiam
505 1780 564 1814 per
592 1772 768 1814 presentes
804 1768 889 1814 qnod
928 1768 1004 1801 lii-ct
1038 1779 1080 1801 ex
1115 1778 1196 1813 puro
1231 1767 1333 1801 corde
1367 1767 1518 1813 preclare
1554 1766 1686 1799 domine
1723 1769 1837 1798 nostre
1872 1768 1954 1807 91111)

99 1831 303 1862 serenissimi
338 1829 460 1862 domini
494 1832 597 1862 nostri
634 1829 770 1871 Raidalfi
805 1830 897 1872 reglis
931 1829 1158 1862 Romanorum
1191 1828 1264 1872 filie
1299 1827 1506 1861 commodum
1544 1831 1576 1860 et
1613 1826 1772 1860 honorem
1811 1827 1954 1859 sinceris

101 1899 233 1935 semper
252 1889 426 1923 affectibus
454 1889 594 1923 fideliter
620 1901 800 1935 procurare
827 1890 976 1922 uelinms.
1005 1894 1037 1922 et
1057 1892 1086 1922 ei
1108 1894 1263 1933 tanquam
1283 1891 1401 1931 regine
1421 1900 1461 1922 ac
1483 1888 1614 1921 domine
1635 1891 1749 1920 nostre
1770 1889 1953 1932 promptam

101 1948 317 1983 deuoeionein
347 1962 466 1996 parcre
495 1953 630 1984 summis
665 1950 838 1983 desideriis
873 1950 1065 1983 all'ectemus
1105 1954 1213 1983 tamen
1251 1953 1283 1983 ut
1320 1952 1389 1994 ipse
1425 1949 1465 1982 de
1502 1948 1596 1982 nohis
1626 1948 1755 1993 plenius
1785 1945 1955 1979 considere

100 2013 133 2043 et
160 2011 386 2045 confidencius
415 2022 609 2057 presumere
635 2011 745 2044 ualeat
771 2014 801 2043 et
828 2015 861 2044 ut
889 2014 1001 2043 noso-a
1023 2011 1163 2043 (leuorio
1186 2021 1246 2043 1101·
1269 2021 1332 2042 111111
1358 2014 1389 2042 et
1410 2010 1562 2043 uoluntas
1583 2008 1777 2041 euidencius
1798 2010 1956 2052 appareat

100 2074 282 2115 spontanea
318 2073 486 2106 uoluntate
521 2075 658 2117 prestito
695 2074 879 2104 iuramento
916 2071 1021 2103 eidem
1059 2071 1192 2104 domine
1229 2073 1343 2111 10111110
1378 2073 1450 2104 sine
1487 2069 1561 2102 dolo
1598 2068 1743 2114 quolibet
1779 2072 1810 2100 et
1841 2067 1956 2100 fraude

101 2133 317 2176 promittimus
347 2144 426 2166 vera
457 2133 519 2166 lide
549 2132 632 2177 quod
664 2143 736 2165 eam
766 2143 898 2177 semper
927 2131 990 2165 lide
1026 2143 1106 2178 pura
1136 2134 1294 2175 congruis
1325 2130 1504 2164 honoribus
1535 2133 1568 2162 ct
1597 2128 1768 2173 ohsequiis
1798 2131 1955 2161 venerari

101 2191 252 2225 uolentes
281 2194 306 2225 si
335 2204 408 2227 eam
445 2193 576 2227 domino
607 2197 721 2226 nostro
756 2192 933 2225 karissimo
967 2193 1098 2225 domino
1137 2193 1174 2224 (J.
1210 2193 1286 2234 regyi
1315 2191 1476 2224 Boltemie
1512 2194 1544 2223 et
1573 2188 1770 2222 marchione
1798 2189 1957 2222 Mora‘m'e

101 2255 218 2286 marito
253 2263 312 2286 Suo
347 2255 439 2298 prole
473 2255 580 2299 aliqua
618 2265 660 2287 ex
696 2265 734 2286 ea
771 2257 927 2298 suscepta
964 2253 1014 2286 uel
1050 2256 1122 2285 sine
1157 2252 1279 2285 herede
1314 2254 1427 2284 mortis
1463 2253 1701 2296 prcuencione,
1739 2249 1828 2295 quod
1857 2248 1954 2282 absit.

102 2312 238 2346 uiduare
267 2316 452 2357 contigerit,
485 2327 544 2349 nos
575 2318 689 2360 ipsam.
721 2316 904 2347 occasione
941 2317 1066 2346 remota
1102 2312 1258 2357 qualibet.
1290 2315 1372 2357 patri
1409 2323 1469 2344 suo
1499 2311 1632 2344 domino
1663 2310 1706 2344 R.
1739 2321 1954 2343 romanoram:

100 2375 177 2418 reqi
203 2373 352 2419 predicto
382 2385 442 2408 nec
471 2376 566 2409 aliter
595 2387 636 2408 ex
667 2374 821 2408 l'ratrihus
857 2378 889 2407 et
923 2377 1038 2407 anneis
1073 2385 1156 2419 quos
1193 2373 1232 2406 ad
1271 2373 1333 2406 hoc
1369 2373 1518 2412 elegerit.
1556 2371 1608 2404 uel
1638 2371 1775 2404 domino
1806 2370 1842 2404 F.
1873 2370 1954 2403 hur-

100 2433 240 2479 graphio
270 2434 310 2466 de
339 2435 552 2480 nuremberg.
583 2435 714 2480 qnando
743 2446 802 2480 per
831 2438 935 2480 ipsmn
965 2439 1019 2468 aut
1043 2438 1167 2468 amicos
1194 2437 1265 2467 eius
1290 2436 1435 2478 requisiti
1462 2433 1621 2466 l'uerimus
1648 2431 1954 2477 representabimus

101 2498 155 2527 aut
183 2494 434 2539 procurabimus
465 2499 650 2540 presentari
685 2495 838 2529 honiuole
875 2499 907 2528 et
939 2498 1045 2528 amice
1079 2498 1166 2528 omni
1204 2506 1266 2540 qua
1302 2498 1481 2540 poterimus
1524 2495 1721 2527 reuerencia
1757 2497 1788 2525 et
1816 2491 1952 2525 honore.

100 2553 239 2600 Insuper
268 2555 352 2600 quod
380 2555 530 2589 eamdem
557 2559 710 2601 reqinam
735 2557 901 2589 domiuum
924 2559 1070 2589 nostram
1098 2558 1128 2588 in
1150 2554 1245 2588 honis
1265 2554 1325 2588 sihi
1347 2565 1405 2600 per
1426 2553 1589 2600 prelatum
1611 2553 1776 2587 dominum
1803 2556 1949 2585 nostrum

1750 2613 1804 2639 121
