2184 2828
1022 103 1065 137 13

128 224 212 271 quod
241 234 300 257 nos
320 222 477 256 Nicotaus
506 222 557 255 dei
586 225 699 266 gracia
722 221 870 268 Oppauie
891 221 968 254 Dux
996 220 1035 254 ad
1064 219 1301 254 subleuandum
1329 223 1451 265 pariter
1480 225 1510 254 et
1541 220 1781 254 emendandum
1803 221 1963 266 prefatum

128 285 274 319 ordinem
303 283 362 317 Jus
390 287 581 328 patronatus
610 282 761 316 Ecclesie
789 281 1006 315 Parrochialis
1035 280 1149 314 Sancti
1168 280 1301 314 Martini
1329 283 1361 314 in
1383 280 1521 315 Ciuitate
1541 280 1711 317 Kirnouia,
1741 292 1804 326 que
1833 284 1966 315 nomine

128 345 330 379 Theutonico
371 342 566 388 Jegendorff
598 345 796 385 nominatur,
832 342 916 386 quod
949 341 1043 376 nobis
1081 346 1113 375 et
1147 344 1268 375 nostris
1303 340 1479 375 heredibus
1517 345 1674 387 competit
1706 341 1778 375 Deo
1808 342 1891 375 datis
1927 353 1965 375 ac

126 405 289 450 religiosis
318 407 396 438 uiris
425 407 457 437 in
485 405 668 449 prescripto
704 403 830 444 ordine,
868 414 954 436 nunc
988 406 1018 436 et
1052 404 1084 435 in
1119 402 1227 437 futuro
1264 401 1543 435 connnorantilms
1579 402 1759 436 deliberato
1799 405 1907 435 animo
1937 407 1968 435 et

126 470 252 499 maturo
280 464 418 498 consilio
447 464 636 508 diligentius
666 467 908 497 communicato
937 474 979 497 ex
1006 467 1098 496 certa
1134 465 1279 496 sciencia
1308 467 1420 496 nostra
1450 462 1563 496 damus
1594 467 1728 508 propter
1756 462 1864 496 Deum
1894 473 1967 496 cum

125 526 222 572 pleno
257 529 327 559 iure
360 529 519 571 perpetuo
556 524 803 570 possidendum,
840 524 1078 558 transferentes
1112 526 1143 557 in
1179 526 1270 569 ipsos
1302 534 1399 557 omne
1435 526 1484 557 ius
1519 535 1592 557 cum
1628 534 1730 557 onere
1770 527 1801 556 et
1830 523 1966 563 honore,

125 586 210 633 quod
238 586 333 620 nobis
362 597 400 619 ac
430 587 549 619 nostris
577 584 753 619 heredibus
792 590 824 618 et
861 585 1121 630 quibuscumque
1158 583 1408 617 successoribus
1437 586 1468 617 in
1497 588 1645 629 pretacto
1674 587 1744 617 iure
1772 588 1964 629 patronatus

125 649 293 693 competit,
323 646 375 680 uel
403 650 592 692 competere
621 649 736 691 posset
763 645 966 691 aliquatenus
994 647 1025 678 in
1054 644 1174 687 futuro,
1202 644 1353 678 uolentes
1382 655 1426 677 ex
1454 655 1553 687 nunc,
1575 648 1607 677 ut
1636 647 1864 690 prenominato
1895 647 1965 677 iure

125 711 314 753 patronatus
342 709 421 753 ipsis
450 718 509 752 per
536 717 596 740 nos
624 709 685 739 rite
714 710 746 739 et
774 706 1018 740 racionabiliter
1046 705 1109 739 dati
1138 708 1202 739 sint
1236 708 1307 738 ueri
1336 709 1368 738 et
1397 705 1531 749 legitimi
1560 716 1784 750 possessores,
1815 704 1855 738 ad
1884 715 1965 749 quos

125 771 214 814 ipsos
244 767 425 801 inducimus
459 778 518 813 per
545 771 732 812 presentes,
762 769 918 812 ipsosque
947 778 1005 813 per
1031 777 1092 800 nos
1120 769 1167 800 sie
1195 768 1257 799 rite
1286 770 1317 799 et
1344 765 1591 799 racionabiliter
1610 765 1761 799 inductos
1790 764 1906 799 fouere
1935 769 1964 798 et

125 828 316 871 defendere,
346 832 377 862 et
405 839 464 873 per
491 832 621 861 nostros
650 838 864 861 successores
894 827 996 861 foueri
1025 831 1055 860 et
1084 826 1216 860 defendi
1244 827 1396 860 volumus
1426 829 1457 859 in
1486 826 1603 860 eodem
1631 829 1759 859 cunctis
1783 825 1878 859 huius
1898 829 1966 859 vite

122 888 337 935 temporibus,
366 888 562 934 ubicumque
597 892 629 921 et
671 887 943 934 quandocumque
983 899 1022 921 ac
1057 891 1155 921 etiam
1191 891 1279 921 circa
1313 898 1538 933 quoscumque
1574 889 1653 932 ipsis
1688 887 1763 920 talia
1793 891 1905 920 nostra
1934 891 1965 919 et

122 954 305 983 nostrorum
333 949 492 983 adiutorio
521 951 712 982 necessaria
742 948 861 982 fuerint
887 953 917 982 et
946 949 1108 982 adversus
1137 952 1289 990 cunctos,
1322 951 1374 993 qui
1396 951 1484 994 ipsos
1506 947 1747 993 impediueriiit,
1769 959 1827 993 pro
1848 946 1965 980 eodem

121 1013 354 1055 cuiuscumque
365 1012 469 1043 eciam
480 1013 597 1051 status,
607 1008 943 1044 conditionisfuerint.
956 1009 1025 1044 siue
1037 1013 1137 1042 status
1149 1019 1346 1042 reuocamus
1356 1011 1460 1042 eciam
1470 1013 1502 1042 et
1511 1019 1553 1041 ex
1564 1019 1649 1041 nunc
1662 1011 1748 1041 irrita
1761 1008 1968 1041 deci-enimus

122 1074 337 1104 instrumenta
349 1081 406 1103 seu
418 1070 590 1115 privilegia
607 1081 666 1115 per
682 1081 741 1103 nos
760 1070 810 1103 uel
827 1074 1056 1103 antecessores
1068 1069 1468 1115 nostrosquilmscumque
1479 1072 1575 1102 etiam
1587 1071 1738 1114 personis
1750 1067 1965 1102 secularibus.

121 1131 171 1165 uel
193 1131 373 1175 Religiosis
394 1130 467 1164 data
489 1141 589 1176 super
608 1133 671 1163 iam
692 1130 851 1175 prelibato
871 1130 1012 1164 ecclesie
1031 1130 1287 1176 Jurepatronatu
1304 1129 1419 1176 quihus
1439 1141 1482 1163 ex
1503 1134 1593 1162 certa
1621 1131 1765 1162 sciencia
1786 1133 1818 1162 et
1838 1131 1966 1161 notorie

120 1202 232 1225 sumus
261 1190 530 1225 contradicentes
559 1190 771 1224 offerentibus
802 1194 871 1236 ipsa
901 1191 1071 1224 silencium
1100 1194 1319 1236 imponentes,
1341 1202 1379 1223 ea
1409 1193 1543 1223 omnino
1573 1189 1691 1223 nullius
1720 1200 1796 1223 esse
1816 1189 1968 1223 volumus

121 1252 288 1294 firmitatis,
325 1254 460 1297 ipsaque
496 1256 661 1296 tamquam
697 1251 823 1285 abiecta
861 1255 988 1297 penitus
1022 1263 1089 1286 non
1124 1251 1247 1288 ualere,
1286 1256 1319 1285 vt
1354 1255 1461 1284 antem
1498 1250 1558 1284 hec
1596 1254 1706 1284 nostra
1749 1250 1902 1283 salutaris
1937 1253 1967 1283 et

121 1312 264 1346 liberalis
293 1312 424 1346 donatio
453 1312 588 1357 prouide
609 1323 668 1357 per
688 1323 748 1345 nos
770 1312 854 1345 facta
876 1312 975 1346 robur
994 1311 1115 1346 habere
1137 1315 1240 1358 possit
1259 1316 1420 1358 perpetue
1450 1311 1608 1345 firmitatis
1632 1315 1664 1344 et
1684 1315 1786 1344 tractu
1808 1313 1964 1356 temporis

120 1384 186 1407 non
228 1372 336 1407 ualeat
376 1373 556 1417 aliquorum
595 1384 676 1406 ausu
719 1376 893 1406 temerario
936 1373 1104 1411 infirmari,
1153 1384 1215 1407 nec
1251 1375 1346 1406 etiam
1386 1372 1562 1406 suffocetur
1596 1383 1655 1417 per
1695 1371 1893 1404 obliuionem
1936 1373 1966 1404 in

120 1436 310 1468 memoriam
340 1433 505 1467 hominum
534 1433 760 1479 perennalem,
790 1445 928 1480 presens
956 1434 1163 1479 priuilegium
1193 1433 1301 1478 sigillo
1330 1437 1443 1466 nostre
1463 1432 1646 1466 Maiestatis
1676 1431 1770 1465 nobis
1800 1431 1966 1464 mandan-

121 1494 205 1529 tibus
233 1499 265 1528 et
293 1494 544 1540 procurantibus
573 1497 794 1540 conscriptum
821 1498 1049 1540 prenominato
1071 1494 1183 1528 Ordini
1203 1499 1235 1528 et
1253 1493 1407 1527 fratribus
1427 1496 1458 1527 in
1484 1496 1554 1539 ipso
1579 1492 1786 1526 manentibus
1807 1496 1967 1537 perpetuo

122 1555 292 1589 ualiturum
304 1557 423 1589 nostris
433 1555 547 1599 sigillis
556 1555 704 1588 dedimus
716 1558 955 1599 consignatum.
967 1556 1085 1588 Actum
1097 1560 1129 1589 et
1138 1555 1245 1588 datum
1256 1554 1363 1599 Prage
1374 1555 1472 1588 Anno
1485 1554 1605 1587 domini
1624 1551 1782 1587 it1⁰CCCO
1792 1551 1965 1586 XXXIVO.

122 1619 152 1649 in
183 1615 234 1649 die
254 1615 317 1649 SS.
339 1615 519 1649 Trinitatis
542 1615 660 1649 Testes
694 1620 800 1649 autem
830 1619 882 1660 qui
912 1615 1094 1649 huiusmodi
1122 1616 1288 1649 donationi
1318 1618 1397 1649 iuris
1428 1619 1617 1661 patronatus
1646 1613 1865 1647 interfuerunt
1893 1617 1968 1646 sunt

122 1675 177 1720 hij,
207 1676 363 1709 videlicet
391 1675 599 1710 Venerabilis
629 1679 660 1710 in
689 1676 819 1710 Christo
856 1676 951 1710 Pater
985 1681 1015 1709 et
1044 1676 1206 1715 dominus,
1245 1676 1394 1709 dominus
1423 1675 1571 1709 Joaunes
1601 1678 1787 1720 prepositus
1816 1673 1966 1707 Ecclesie

123 1736 425 1781 WVissegradensis,
447 1748 577 1770 necnon
599 1737 725 1770 electus
745 1741 777 1770 et
803 1738 1014 1770 confirmatus
1034 1736 1185 1770 Ecclesie
1206 1736 1449 1775 Olomucensis,
1471 1740 1502 1769 et
1522 1734 1723 1769 honorabilis
1744 1737 1795 1768 vir
1815 1733 1964 1767 dominus

124 1796 288 1831 Henricus
316 1800 502 1843 prepositus
531 1797 682 1831 Ecclesie
716 1796 872 1841 Menincij
910 1798 960 1841 (2²)
994 1808 1123 1831 necnon
1151 1797 1293 1831 Michael
1329 1796 1516 1831 Canonicus
1545 1796 1722 1840 Pragensis
1752 1799 1782 1828 et
1811 1797 1967 1839 magister

123 1857 300 1900 Henricus,
330 1862 439 1891 custos
468 1858 611 1892 ecclesie
633 1857 874 1901 Olomuccnsis,
905 1869 1033 1891 necnon
1063 1863 1215 1892 strenuus
1234 1857 1329 1892 Miles
1351 1857 1501 1891 dominus
1522 1856 1645 1890 Tobias
1675 1856 1714 1889 de
1735 1854 1965 1888 Benezschow

125 1918 208 1952 filius
237 1917 358 1952 domini
387 1918 549 1963 quondam
580 1918 711 1961 Sdislai,
741 1923 773 1952 ct
799 1918 925 1952 Jolinus
954 1918 1069 1952 Jacohi
1107 1923 1139 1952 et
1166 1918 1268 1953 frater
1295 1930 1373 1952 suus
1403 1918 1508 1952 Bolko
1543 1921 1574 1950 et
1609 1917 1787 1950 Cunzlinus
1816 1916 1855 1948 de
1885 1915 1966 1948 Tust

126 1979 223 2012 Ciues
254 1978 452 2023 pragenses,
483 1983 514 2012 et
541 1978 698 2013 Nicotaus
734 1979 837 2013 dictus
872 1978 1054 2021 Brombart,
1088 1982 1169 2013 ciuis
1205 1979 1244 2013 de
1272 1979 1384 2013 Monte
1420 1983 1451 2012 et
1478 1977 1621 2012 Jacobus
1651 1977 1755 2010 dictus
1785 1976 1904 2010 Selius.
1934 1980 1965 2009 et

125 2049 219 2083 qnam
247 2039 357 2085 plures
386 2039 437 2082 alij
469 2039 531 2073 lide
561 2040 650 2084 digni
680 2040 719 2074 ad
750 2040 811 2074 hoc
841 2040 1027 2086 specialiter
1056 2042 1162 2073 vocati
1192 2044 1224 2073 et
1250 2043 1367 2084 rogati.

431 2127 569 2155 ‹Eint'achc
596 2128 659 2153 abs-r
683 2128 854 2157 verdachtige
882 2128 1014 2153 Abseltrift
1039 2136 1098 2153 voni
1123 2128 1146 2152 .l.
1178 2126 1254 2153 1676
1281 2129 1311 2153 im
1338 2128 1454 2153 Bruuner
1479 2127 1755 2154 Fruuzenmnnsenm.)

1014 2266 1082 2301 17.

127 2359 221 2392 Frilz·
242 2370 303 2392 ron
325 2359 501 2405 Eyerbery
522 2361 700 2406 rerlmufel
720 2363 780 2396 der
801 2363 945 2406 [suumin
969 2362 1148 2395 Elisabeth
1173 2363 1269 2395 ez'uen
1292 2361 1578 2395 Zeheml-lz'imer
1601 2359 1642 2394 W
1643 2361 1736 2393 eines
1757 2361 1787 2392 ἱη
1805 2359 1962 2402 Aua-pitz.

558 2422 613 2456 ΠΙ.
645 2423 769 2467 l’rayw
798 2423 913 2457 Xt'll.
945 2423 1022 2456 Kal.
1052 2423 1139 2456 ιΙιιΙίί
1168 2423 1248 2461 (15.
1278 2423 1378 2463 Jnm')
1414 2422 1520 2455 13:3²1.

282 2504 373 2560 Ego
394 2523 562 2559 Fritschco
583 2527 623 2560 de
644 2526 834 2571 Egerherch
856 2530 1023 2561 vniucrsis
1052 2532 1083 2561 et
1110 2527 1258 2571 singulis.
1287 2531 1351 2560 tam
1377 2525 1542 2559 modernis
1563 2536 1658 2569 quam
1680 2527 1831 2570 posteris.
1850 2527 1963 2556 tenore

127 2587 331 2628 presencium
361 2596 580 2629 recognosco.
617 2599 734 2620 vrnnm
773 2587 960 2621 Montanum
998 2590 1026 2621 in
1064 2588 1262 2633 llustopecz.
1301 2598 1363 2632 qua
1402 2586 1539 2629 singulis
1575 2588 1668 2619 annis
1699 2589 1760 2618 tam
1791 2595 1848 2629 pro
1878 2594 1963 2616 nunc
