2184 2828
968 125 1040 182 635
1106 179 1146 182 e

82 244 192 278 Erben
225 243 305 278 ader
341 253 414 276 wer
448 253 515 276 von
543 253 669 277 vnsern
699 246 726 277 ir
755 254 849 289 eyms
877 243 958 277 oder
990 246 1018 277 ir
1045 242 1163 288 heydir
1191 241 1272 276 ader
1299 254 1421 277 vnserr
1447 243 1559 278 Erben
1594 255 1720 288 wegen
1751 272 1758 279 .
1789 244 1824 279 111
1853 245 1926 278 dem

82 304 243 349 kungrich
271 315 310 337 ze
339 303 500 343 Behmen.r
528 303 596 337 vnd
625 307 657 337 in
687 304 811 337 andern
840 315 965 338 vnsern
994 303 1124 345 landen,
1154 303 1220 336 vnd
1241 303 1451 339 Herscbefte.
1481 305 1646 349 gewaltig
1673 308 1726 338 ist.
1756 317 1821 339 von
1852 306 1926 339 dem

80 369 313 410 vorgenanten
340 363 496 399 friedrich
516 363 732 409 Marggrafen
761 375 799 398 ze
818 364 964 398 Meissen
993 368 1108 398 seinen
1128 363 1257 397 Kindeu
1287 363 1368 397 ader
1395 367 1444 398 ire
1472 365 1594 408 Erbem
1626 369 1681 398 mit
1711 365 1817 399 brifen
1847 366 1928 400 ader

79 429 136 459 mit
163 425 263 459 boten
291 424 368 459 vmh
389 424 467 458 hilfe
487 430 621 469 gemant
650 425 788 459 werden
809 425 854 459 So
884 425 988 459 sullen
1015 424 1083 465 vnd
1102 425 1225 458 wellen
1247 427 1312 457 wir
1337 424 1472 470 bynnen
1493 429 1545 459 vir
1565 425 1732 467 Woehen,
1762 426 1814 459 die
1842 426 1930 460 noch

78 486 137 519 der
163 497 310 530 manung
335 485 548 519 allerschirist
577 485 645 519 sicb
675 485 760 519 noch
787 485 936 519 enander
955 486 1090 530 volgen,
1119 485 1186 518 vnd
1216 495 1331 529 ergen,
1362 487 1393 518 in
1423 496 1461 518 ze
1490 486 1588 520 Hulfe
1616 486 1755 525 komenq
1786 490 1817 520 in
1848 487 1929 520 aller

76 545 134 579 der
163 557 278 592 wey&
312 547 360 580 als
394 547 499 579 davor
526 546 726 590 gescbriben
755 551 829 580 stet.
868 546 936 580 Des
973 549 1035 580 sint
1068 556 1221 590 geczeug
1256 546 1308 579 die
1336 545 1442 579 Edeln
1472 546 1533 580 Bet
1567 558 1634 580 von
1663 547 1814 591 Turgow
1842 547 1929 580 Herr

77 617 116 640 ze
143 606 287 649 Arnom
320 606 438 640 Swink
467 617 533 640 von
563 606 783 640 Hosenburch
810 618 914 640 vuser
943 606 1219 641 Chamermeister
1238 606 1437 640 Beneschen
1467 618 1533 640 von
1554 607 1802 641 Wartenberch
1830 607 1928 641 berre

74 678 114 700 ze
142 667 280 713 Teczyn
308 667 411 701 Jeske
438 678 504 700 von
527 666 665 700 Crawar
695 667 777 700 Bote
796 678 863 700 von
885 667 1034 712 Turgow
1063 667 1159 701 berre
1188 678 1227 701 ze
1256 666 1419 701 Urnsnest
1448 667 1582 701 fridricb
1611 680 1677 702 von
1707 668 1928 702 Schonburch

74 726 152 761 herr
186 739 225 762 ze
253 728 458 774 Kryniczow
488 727 616 774 Thyem
645 739 712 761 von
741 727 878 762 Iioldicz
911 728 970 762 der
996 732 1185 772 vorgenant.
1211 739 1333 763 vnsers
1362 729 1525 773 Swag-ers
1553 728 1700 762 Marsalk
1728 729 1834 763 Alber
1860 740 1928 763 von

73 788 204 822 Malticz
237 792 308 822 sein
341 788 556 822 honericbter
594 791 688 822 vnsir
722 788 809 822 liben
847 793 1021 834 getrewen
1055 789 1268 833 Mitgeczeug
1310 788 1378 822 diss
1419 788 1521 822 briess
1563 788 1622 822 der
1662 789 1772 834 geben
1811 793 1853 823 ist
1889 801 1928 823 ze

73 849 225 883 Dresden
260 848 355 883 Nach
383 848 510 882 Christs
545 848 671 893 geburd
709 848 1017 883 dreuezenhundert
1050 849 1117 883 vud
1146 849 1182 883 Iu
1220 850 1294 883 dem
1323 849 1409 882 Aebt
1445 850 1511 883 vnd
1540 849 1757 884 virczkistem
1785 850 1844 884 Jar
1872 850 1927 884 An

72 909 169 944 senth
197 910 402 954 Thomastag
430 910 489 943 des
519 909 664 953 heiligen
695 910 908 944 zwelsboten.
939 910 974 944 ln
995 910 1067 944 dem
1088 910 1206 944 dritten
1236 910 1295 944 Jar
1322 921 1464 944 vnserer
1492 909 1629 944 Reiche.

381 997 468 1032 [Nach
487 999 561 1023 einer
579 998 715 1023 Absclirist
737 999 769 1023 im
793 998 818 1023 k.
837 998 926 1023 bobin.
945 999 1062 1024 Museum
1080 1006 1131 1024 von
1156 998 1214 1024 dem
1233 998 1307 1032 Orig.
1327 997 1374 1023 des
1400 998 1424 1024 k.
1445 998 1469 1023 k.
1488 998 1551 1031 geli.
1570 998 1747 1024 llofarchives
1769 1007 1799 1024 zu
1821 998 1926 1031 Wieu.)

947 1144 1052 1179 887.

73 1240 182 1274 Pabst
214 1241 368 1275 Clemens
404 1241 457 1275 ΓΙ.
487 1245 632 1274 ernelmt
660 1241 721 1274 cleu
753 1241 925 1274 Olmntzer
953 1241 1144 1274 Domleerrn
1175 1241 1328 1275 Ix'onrad.
1360 1241 1454 1275 Solm
1476 1242 1534 1274 des
1560 1241 1670 1286 ll'gsffo
1701 1253 1762 1275 ron
1793 1241 1924 1275 Brmm.

73 1313 145 1335 z-um
174 1301 334 1335 Decleaul
363 1302 423 1336 der
454 1302 626 1335 Olmiitz-er
656 1302 794 1335 Ii'irclee.
826 1302 883 1335 Dt.
917 1302 1098 1344 Acinione,
1137 1302 1228 1336 VIII.
1260 1302 1339 1336 [sal.
1370 1303 1536 1336 ,Ianuarii
1564 1302 1645 1344 (25.
1672 1302 1779 1345 Dec.)
1814 1302 1923 1336 1348.

230 1377 409 1431 Clemens
437 1397 624 1443 Episcopus
655 1398 782 1431 Servus
804 1398 985 1431 Servorum
1008 1397 1068 1431 Dei
1098 1397 1226 1431 Dilecto
1247 1397 1329 1431 Filio
1360 1398 1514 1431 Conrado
1536 1398 1707 1444 Wyffonis
1728 1397 1767 1431 de
1790 1397 1922 1431 Brunna

72 1457 211 1492 Decano
240 1458 384 1493 ecclesie
413 1458 609 1492 Olomucen.
641 1458 787 1492 Salutem
819 1463 849 1491 et
881 1459 1105 1504 Apostolicam
1137 1458 1420 1492 Benedictionem.

226 1518 401 1553 Probitatis
422 1524 454 1553 et
473 1522 628 1553 virtutum
659 1522 773 1552 merita
804 1530 904 1564 super
931 1519 1048 1564 quibus
1070 1519 1154 1565 apud
1176 1530 1236 1552 nos
1265 1519 1432 1564 fidedigno
1461 1522 1649 1553 testimonio
1680 1518 1925 1553 commendaris

71 1584 259 1625 exposcunt
287 1584 321 1614 ut
350 1579 404 1613 tibi
432 1580 609 1613 reddamur
638 1580 677 1613 ad
707 1583 846 1623 gratiam
877 1579 1043 1613 liberales.
1074 1580 1153 1613 Cum
1183 1583 1292 1625 itaque
1322 1580 1512 1614 Decanatus
1546 1580 1692 1614 ecclesie
1723 1580 1922 1615 Olomucen.

71 1651 166 1686 quem
203 1641 340 1674 dilectus
375 1641 460 1674 lilius
495 1640 655 1674 Nicolaus
685 1641 725 1673 de
757 1641 888 1674 Brutina
924 1641 999 1673 olim
1039 1643 1140 1686 ipsius
1175 1641 1319 1674 ecclesie
1349 1641 1505 1674 Decanus
1541 1641 1659 1674 dudum
1695 1640 1833 1674 obtinuit
1864 1652 1925 1686 per

72 1700 208 1734 liberam
238 1704 497 1745 resignationem
528 1705 630 1747 ipsius
658 1701 785 1735 Nicolai
817 1704 847 1734 in
878 1701 1027 1734 manibus
1057 1704 1179 1734 nostris
1209 1706 1326 1747 sponte
1356 1702 1475 1735 factam
1506 1706 1537 1735 et
1566 1701 1606 1734 ab
1635 1701 1753 1734 eodem
1784 1700 1923 1734 ‘Nicolao

71 1762 110 1795 ad
139 1772 202 1795 nos
232 1762 409 1796 admissam
440 1763 525 1809 apud
556 1763 770 1808 apostolicam
802 1762 913 1795 sedem
944 1773 1069 1795 vacare
1097 1767 1254 1795 noscatur
1274 1763 1311 1796 ad
1335 1773 1487 1808 presens.
1517 1763 1691 1808 nullusque
1721 1766 1833 1807 preter
1862 1772 1922 1794 nos

73 1821 136 1856 hac
164 1825 241 1857 vice
269 1823 447 1869 disponere
477 1827 579 1870 possit
608 1834 667 1869 pro
696 1835 736 1856 eo
765 1823 850 1868 quod
881 1834 941 1856 nos
971 1823 1023 1856 diu
1053 1827 1128 1856 ante
1147 1826 1357 1856 vacationem
1379 1822 1566 1856 huiusmodi
1596 1834 1712 1856 omnes
1743 1822 1922 1865 dignitates

72 1888 268 1927 personatus
305 1888 337 1918 et
371 1883 481 1918 officia
518 1888 696 1928 ceteraque
727 1883 887 1917 beneticia
918 1883 1146 1917 ecclesiastica
1179 1888 1255 1917 tunc
1289 1883 1374 1929 apud
1411 1884 1529 1917 dictam
1561 1883 1673 1917 sedem
1705 1885 1858 1916 vacantia
1890 1887 1923 1916 et

71 1946 203 1977 inantea
239 1949 400 1978 vacatura
438 1945 604 1978 collationi
639 1949 671 1978 et
700 1945 906 1990 dispositioni
937 1949 1051 1977 nostre
1080 1944 1270 1989 specialiter
1307 1949 1524 1978 reservantes
1560 1945 1770 1978 decrevimus
1799 1947 1922 1977 extunc

73 2005 197 2037 irritum
233 2009 264 2038 et
291 2007 390 2039 inane
425 2008 452 2039 si
491 2017 589 2039 secus
619 2017 720 2051 super
757 2005 818 2038 biis
848 2017 864 2038 a
894 2015 1057 2050 quoquam
1093 2007 1210 2048 quavis
1240 2008 1436 2038 auctoritate
1470 2008 1616 2038 scienter
1644 2004 1696 2037 vel
1728 2007 1923 2048 ignoranter

71 2066 280 2107 contingeret
307 2069 504 2112 attemptari.
561 2065 630 2100 Nos
659 2067 811 2099 volentes
841 2070 871 2098 te
901 2068 932 2098 in
961 2065 1077 2098 eadem
1108 2065 1249 2099 ecclesia
1278 2068 1372 2099 cuius
1402 2066 1592 2099 Canonieus
1621 2068 1739 2098 existis
1770 2067 1920 2109 premis-

71 2134 182 2158 sorum
215 2128 401 2159 meritorum
424 2131 552 2160 tuorum
575 2129 691 2160 intuitu
713 2127 850 2171 amplius
872 2136 1027 2167 onerare,
1058 2125 1179 2170 tibique
1206 2129 1346 2169 gratiam
1368 2126 1482 2160 facere
1503 2126 1694 2172 specialeim
1725 2125 1920 2158 decanatum

71 2184 255 2230 predictum
283 2188 330 2219 sic
357 2191 532 2221 vacantem
569 2198 642 2221 cum
681 2186 832 2221 omnibus
869 2185 993 2219 iuribus
1028 2190 1059 2219 et
1089 2189 1294 2232 pertinentiis
1330 2190 1398 2220 suis
1429 2188 1609 2232 apostoliea
1641 2185 1696 2218 tibi
1726 2188 1920 2218 auctoritate

71 2244 275 2278 conserimus
309 2250 341 2279 et
375 2247 415 2280 de
447 2248 501 2281 illo
539 2251 635 2281 ctiam
671 2247 883 2293 providemus
913 2246 1134 2279 decernentes
1164 2251 1259 2292 prout
1288 2250 1411 2281 irritum
1442 2253 1472 2281 et
1503 2250 1600 2280 inane
1635 2249 1662 2279 si
1691 2257 1790 2279 secus
1821 2256 1921 2291 super

72 2305 134 2339 hiis
163 2316 181 2338 a
210 2316 373 2350 quoquam
407 2311 524 2352 quavis
556 2312 751 2342 auctoritate
789 2310 936 2347 scienter
965 2306 1018 2339 vel
1055 2310 1249 2351 ignoranter
1282 2312 1507 2353 attemptatum
1538 2307 1648 2340 forsan
1679 2310 1728 2339 est
1758 2305 1919 2339 hactenus

71 2366 127 2399 vel
156 2368 333 2409 contigerit
355 2369 564 2411 imposterum
587 2371 783 2414 attemptari.
814 2367 885 2401 Non
908 2367 1112 2400 obstantibus
1133 2367 1396 2413 quibuscumque
1422 2371 1549 2402 statutis
1571 2371 1600 2399 ct
1622 2366 1920 2400 consuetudinibus

71 2426 219 2460 eiusdem
249 2426 394 2459 ecclesie
422 2432 595 2462 contrariis
631 2432 814 2462 iuramento
852 2426 1107 2461 'confirmatione
1144 2428 1325 2472 apostolica
1354 2429 1407 2462 vel
1438 2438 1647 2472 quacumque
1676 2427 1827 2461 firmitate
1857 2428 1920 2460 alia

71 2486 248 2520 roboratis.
293 2486 358 2519 Seu
394 2490 419 2520 si
454 2487 549 2533 aliqui
579 2500 678 2535 super
705 2487 953 2535 provisionibus
983 2487 1044 2520 sibi
1076 2488 1238 2521 faciendis
1279 2488 1318 2521 de
1356 2488 1569 2533 dignitatibus
1603 2487 1836 2533 personatibus
1865 2487 1920 2521 vel

71 2546 189 2580 officiis
219 2550 250 2580 in
280 2546 363 2580 dicta
400 2548 543 2581 ecelesia
580 2552 745 2594 speciales
782 2550 833 2583 x'el
870 2549 910 2581 de
941 2548 1111 2581 benetieiis
1140 2549 1376 2582 ecclesiasticis
1412 2553 1442 2582 in
1474 2549 1534 2581 illis
1564 2548 1711 2593 partibus
1740 2549 1918 2591 generales

71 2607 156 2641 dicte
185 2607 274 2641 sedis
294 2607 346 2640 vel
369 2608 552 2651 legatorum
581 2612 652 2643 eius
672 2610 797 2644 litteras
820 2612 1023 2655 impetrarint
1043 2611 1171 2642 etiamsi
1192 2620 1251 2654 pcr
1270 2620 1328 2644 eas
1349 2609 1388 2643 ad
1409 2608 1632 2642 inhibitionem
1652 2612 1917 2642 reservationem

1709 2668 1768 2698 &0*
