2184 2828
919 121 1073 179 *229

987 265 1094 301 315.

258 334 399 398 Konig
441 352 572 387 Johann
613 363 681 387 von
715 352 866 387 Bohmen
900 352 1062 397 bewilligt
1102 351 1165 385 den
1201 350 1355 396 Burgern
1384 362 1450 385 von
1480 350 1655 393 Rudweis‚
1692 350 1770 384 dass
1800 354 1848 384 sie
1878 354 1963 384 zwei

115 414 242 450 fremde
270 414 379 448 Juden
407 417 438 448 in
467 413 538 448 ihre
559 413 653 448 Stadt
673 413 873 448 aufnehmen
893 413 1030 457 diii-fen,
1057 411 1198 447 hefreiet
1225 411 1317 446 diese
1345 411 1405 446 auf
1430 411 1475 445 10
1501 411 1602 446 Jabre
1630 422 1697 446 von
1727 411 1812 445 allen
1832 411 1965 444 Juden-

116 474 288 520 abgaben,
317 474 382 509 und
410 474 545 509 befiehlt
572 474 646 508 dem
673 474 891 519 Markgrafen
925 474 1003 508 Karl
1040 484 1106 508 von
1134 472 1273 506 Mahren
1306 472 1371 506 und
1400 472 1464 506 den
1493 471 1633 517 iibrigen
1662 471 1964 506 Landesheamten.

116 536 194 571 dass
227 539 277 570 sie
310 535 403 570 diese
439 535 548 569 Juden
582 535 635 569 bei
663 535 723 569 der
750 535 850 569 ilinen
879 534 1051 569 ertheilten
1081 533 1197 568 Gnade
1230 533 1409 568 schirmen.
1465 532 1520 567 Dt.
1550 532 1677 577 Pragae‚
1707 532 1768 566 ser.
1799 531 1856 566 IV.
1893 535 1965 577 post

117 595 322 638 Quasimodo
349 595 426 642 (18.
458 595 571 642 April)
602 595 713 630 1341.

425 674 618 709 (Abgedruckt
648 674 690 700 bei
720 675 806 700 Pelzel
837 674 867 700 K.
894 674 953 701 Karl
979 674 1023 700 lv.
1048 674 1067 700 1.
1092 673 1137 700 Th.
1163 673 1337 700 Urkundenb.
1364 673 1390 699 S.
1420 671 1489 699 108.
1517 680 1541 698 n.
1568 672 1614 698 CL.
1642 673 1709 699 nacti
1735 672 1795 698 dem
1819 671 1893 705 Orig.
1919 671 1967 697 des

528 727 686 753 Budweiser
709 727 918 753 Stadtarchives.

989 847 1096 883 316.

119 935 308 981 Markyraf
337 935 428 969 Karl
460 946 525 969 1:012.
553 934 699 969 Malu-en
733 934 851 968 erhebt
879 934 942 968 den
970 933 1139 968 Bertleold
1171 944 1236 967 con
1266 932 1351 977 Le'pa
1380 932 1447 966 und
1473 932 1613 965 Joleamz
1640 942 1706 966 ron
1734 930 1969 976 KIinyenbmy

119 1008 161 1030 zu
180 996 339 1031 obersten
357 996 630 1041 Jaqermeistem
648 997 682 1029 2⁸12
701 995 858 1029 Mithrem.
889 995 948 1029 Dt.
970 995 1102 1040 Praqe,
1139 995 1193 1028 die
1221 993 1251 1028 b.
1275 994 1396 1038 Georq'j
1422 995 1583 1038 martyris
1606 992 1688 1035 (23.
1710 992 1833 1037 April)
1858 991 1967 1025 1341.

273 1071 365 1126 lxos
385 1091 526 1125 Karolus
555 1090 607 1124 dei
635 1093 749 1136 gracia
778 1090 900 1124 domini
920 1093 1024 1124 nostri
1044 1089 1206 1125 Johannis
1227 1088 1365 1123 Boemie
1384 1088 1631 1133 Primogenitus
1652 1086 1800 1122 Marchio
1821 1086 1972 1121 Morauie

119 1151 241 1187 Notum
259 1151 399 1186 facimus
420 1156 536 1186 tenore
556 1155 768 1198 presencium
788 1154 972 1194 vniuersis,
1003 1151 1097 1185 Tunc
1116 1155 1263 1185 nostrum
1284 1153 1345 1184 rite
1365 1150 1576 1183 decernimus
1606 1160 1732 1193 augere
1760 1153 1792 1182 et
1813 1149 1972 1194 ampliare

120 1213 316 1257 dominium,
346 1212 421 1247 dum
449 1224 506 1256 03,
543 1224 606 1259 (1110
640 1223 703 1247 nos
732 1212 902 1246 dumtaxat
933 1214 1008 1257 jure
1036 1214 1234 1258 respiciunt,
1263 1215 1294 1245 et
1322 1222 1382 1256 per
1411 1209 1606 1244 abusionem
1635 1209 1818 1255 improuida
1854 1211 1973 1242 mentis

121 1274 255 1308 leuitate
283 1273 324 1307 ad
352 1274 531 1319 generales
559 1273 727 1307 hominum
755 1284 857 1315 vsus,
887 1278 1000 1307 nostra
1028 1277 1281 1318 nostrorumque
1309 1271 1587 1318 predecessorum
1614 1270 1821 1304 deucnerunt
1849 1268 1972 1303 desidia

122 1335 161 1369 ad
181 1345 242 1369 nos
262 1337 512 1368 restauracione
541 1334 650 1368 debita
679 1339 911 1380 retorquentes
941 1334 1092 1378 legaliter
1118 1333 1360 1375 reformamus,
1389 1332 1524 1366 Etcum
1554 1336 1685 1374 nostra„
1715 1334 1837 1364 nostris
1859 1329 1973 1364 vsibus

122 1395 306 1442 applicareff
336 1398 458 1429 nostris
487 1395 594 1429 solers
614 1406 693 1429 cura
712 1397 884 1439 regiminis
913 1405 974 1428 nos
1003 1397 1180 1438 astringat,
1210 1393 1250 1427 de
1278 1392 1483 1427 venerabilis
1512 1392 1634 1426 domini
1655 1391 1801 1425 Bertoldi
1822 1391 1861 1424 de
1881 1390 1973 1436 Lypa

123 1461 155 1490 et
174 1455 299 1490 Nobilis
318 1458 380 1490 viri
401 1455 562 1489 Jobannis
582 1455 622 1489 de
643 1455 869 1500 Clingenberg
889 1459 1074 1489 nostrorum
1104 1454 1246 1488 fidelium
1275 1454 1467 1488 dilectorum
1498 1453 1699 1487 industriosa
1728 1452 1913 1497 legalitatqu
1943 1455 1975 1484 et

122 1517 223 1562 legali
250 1516 428 1559 industria,
459 1528 542 1550 vero
577 1516 738 1550 suadente
775 1519 1006 1562 experimento
1042 1518 1173 1549 sincere
1208 1526 1303 1560 quam
1338 1515 1510 1561 plurimum
1540 1524 1789 1560 presumamuS.
1819 1512 1914 1558 Ipsos
1943 1515 1975 1544 et

124 1588 238 1612 eorum
266 1582 441 1622 Vtrumque
469 1577 646 1622 generales
666 1580 843 1621 magistros
863 1579 1085 1610 venacionum
1106 1580 1138 1609 et
1155 1581 1352 1610 venatorum
1374 1580 1562 1609 nostrornm
1582 1586 1642 1620 per
1662 1574 1800 1608 Terram
1826 1577 1974 1607 nostram

124 1637 308 1672 Morauiam
346 1641 573 1672 constituimus
609 1637 763 1671 Officium
798 1640 1011 1674 venacionisq
1042 1636 1128 1681 quod
1156 1636 1331 1681 wlgariter
1366 1635 1551 1681 Lowtbzffe
1580 1635 1697 1669 dicitur
1725 1633 1975 1673 committendo.

124 1709 249 1733 meram
270 1701 518 1742 auctoritatem,
539 1701 631 1744 ipsas
652 1697 891 1745 prohibendum
914 1700 1129 1739 ven-aciones,
1160 1697 1254 1731 nobis
1280 1701 1525 1743 competentem
1546 1708 1606 1742 per
1625 1695 1756 1730 modum
1777 1700 1811 1729 vt
1831 1697 1978 1739 sequitur

125 1759 350 1794 conferentes.
406 1758 446 1793 Et
482 1764 517 1793 ut
550 1764 665 1794 nostre
699 1759 877 1793 voluntatis
913 1761 1104 1804 expressius
1143 1757 1310 1791 elucescat
1344 1760 1488 1791 intencio
1524 1756 1759 1790 vniuersaliter
1793 1758 1975 1791 vntum-sisu

126 1831 169 1854 ne
196 1831 355 1865 magnas,
385 1820 541 1854 videlieet
570 1819 719 1863 Ceruos,
749 1819 891 1857 Damas,
922 1819 1112 1865 0011110105,
1142 1819 1254 1864 Apros
1284 1823 1315 1852 et
1343 1818 1532 1852 consimiles
1562 1817 1649 1851 feras
1678 1822 1744 1851 tam
1772 1819 1805 1850 in
1833 1817 1976 1862 proprijs

129 1881 246 1925 Siluis‚
275 1880 492 1923 Nemorum„
523 1880 661 1915 Rubetis
690 1886 723 1915 et
751 1880 950 1927 quibuslibet
978 1879 1058 1913 10015
1088 1879 1275 1913 venandum
1305 1882 1409 1925 aptis,
1439 1889 1536 1924 qnam
1566 1881 1597 1912 in
1626 1881 1750 1912 nostris
1780 1876 1879 1911 Siluis
1908 1878 1976 1910 suis

128 1944 233 1976 tensis
261 1944 393 1987 capiant
421 1941 563 1984 retibus,
593 1942 754 1987 generale
774 1941 981 1975 interdictum
1003 1944 1185 1986 ponentes,
1215 1940 1429 1984 singulariter
1449 1940 1588 1984 singulis
1609 1938 1669 1973 sub
1698 1938 1835 1972 obtentu
1863 1940 1977 1982 gracie

128 2006 243 2036 nostre
271 2006 335 2035 tam
356 2002 551 2047 Religiosis‚
581 2013 679 2048 quam
708 2002 931 2043 secularibus,
960 2004 1196 2045 cuiuscumque
1224 2000 1392 2044 dignitatis
1422 2004 1543 2043 5131115,
1574 2004 1629 2033 aut
1649 1999 1855 2032 condicionis
1884 2000 1977 2032 exti-

128 2064 243 2105 terint,
273 2067 303 2096 et
331 2062 390 2096 sub
411 2074 497 2109 pena
518 2063 634 2096 decem
656 2074 860 2105 marcarum,
890 2064 1192 2107 quocienscumque
1212 2060 1367 2104 fecerint,
1398 2061 1535 2094 tirmiter
1554 2065 1586 2094 et
1605 2062 1758 2094 sti-iccius
1779 2057 1976 2092 inhibemus.

131 2122 325 2156 affectantes
353 2128 387 2157 et
420 2127 553 2157 omnino
581 2124 755 2167 volentes,
796 2124 968 2165 Quatenus
998 2121 1063 2167 lpsi
1101 2121 1274 2154 Bertoldus
1310 2125 1342 2154 et
1368 2121 1542 2155 Jobannes
1572 2120 1726 2167 predicti7
1761 2118 1912 2153 omnibus
1947 2124 1979 2152 et.

131 2183 269 2228 singulis
289 2186 320 2217 in
349 2183 534 2218 huiusmodi
563 2189 638 2218 actu
666 2184 812 2218 venandi
841 2181 1081 2229 deprebensis,
1110 2185 1192 2215 retia
1222 2185 1328 2216 statim
1349 2185 1527 2228 recipiant,
1557 2186 1588 2215 et
1618 2192 1731 2214 eorum
1761 2183 1898 2225 pignora
1920 2191 1979 2226 pro

131 2244 248 2278 decem
278 2247 396 2277 marcis
416 2244 697 2291 contemptoribus
726 2245 953 2278 mandatorum
974 2247 1161 2276 nostrorum
1190 2246 1222 2276 et
1241 2242 1549 2287 transgressoribus
1579 2241 1709 2275 inflictis
1732 2243 1864 2274 nomine
1894 2252 1980 2286 pene

132 2307 265 2351 capiant
283 2303 432 2347 indilate,
461 2308 764 2352 quocienscumque
784 2305 938 2339 duxerint
958 2302 1234 2348 attemptandum7
1255 2307 1287 2336 et
1307 2302 1348 2347 bij
1362 2329 1370 2345 ‚
1400 2306 1452 2348 (1111
1473 2314 1537 2337 000
1558 2305 1588 2336 10
1611 2306 1685 2335 actu
1705 2304 1825 2347 reperti
1847 2301 1977 2339 fuerint.

133 2365 193 2399 sed
222 2364 399 2399 sufficienti
428 2369 614 2400 testimonio
648 2366 688 2400 de
718 2366 882 2400 violencia
916 2369 948 2397 et
984 2374 1128 2397 excessu
1163 2363 1318 2408 predictis
1347 2366 1465 2405 0011111,
1496 2365 1565 2408 pari
1595 2373 1680 2408 pena
1709 2363 1863 2396 volumus
1892 2361 1979 2408 quod

135 2428 357 2471 stringantur,
387 2430 532 2460 nostrum
562 2429 672 2472 itaque
700 2427 887 2460 mandatum
916 2429 950 2459 vt
979 2423 1140 2469 sepedicti
1170 2423 1313 2457 Bertoldi
1334 2428 1367 2457 et
1386 2423 1546 2457 Jobannis
1575 2425 1748 2456 1000001115
1777 2427 1808 2456 01
1829 2426 1979 2457 securius

135 2491 360 2531 exequantur.
391 2485 495 2519 Vobis
524 2486 731 2530 Camerario,
761 2487 918 2528 Zudario„
950 2485 1196 2529 Bciwliciarijs.
1226 2483 1396 2519 ι1111110111115
1426 2484 1672 2518 Prouinciarum
1702 2482 1911 2527 Purchrauijs
1940 2496 1978 2517 ac

135 2546 208 2591 alijs
237 2546 435 2591 quibuslibet
463 2545 656 2581 officialibus
686 2547 836 2582 fidelibus
863 2549 982 2580 nostris
1012 2545 1139 2579 dilectis
1168 2548 1281 2579 5111010
1309 2547 1509 2589 iniungimus
1538 2548 1570 2577 et
1598 2543 1806 2588 mandamus,
1836 2548 1871 2578 vt
1895 2544 1979 2590 Ipsis

136 2607 293 2642 Bertoldo
309 2611 341 2641 et
360 2606 503 2641 Johanni
523 2607 698 2642 antedictis
718 2608 757 2642 ad
779 2610 1018 2642 execucioncm
1040 2606 1181 2640 mandati
1210 2608 1314 2639 nostri
1334 2604 1483 2650 prelibati
1503 2608 1535 2639 et
1554 2603 1798 2639 cohercendum
1819 2604 1982 2650 quoslibet
