2184 2828
1109 127 1179 160 394

228 243 480 289 Archicpiscopi
511 243 689 286 pragensis
718 246 771 287 qui
801 254 859 288 pro
888 248 1035 288 tempore
1065 243 1178 285 suerit,
1215 254 1330 276 omnes
1368 255 1468 278 cause
1502 246 1785 290 suffraganeorum
1820 246 2058 291 Episcoporum

228 309 259 337 et
287 315 502 349 personarum
533 304 831 337 ecclesiasticarum
862 304 901 337 ad
924 305 1097 337 Civitatum
1127 307 1159 336 et
1187 303 1369 336 diocesium
1398 305 1544 338 eiusdem
1565 306 1740 340 Prouincie
1769 309 1858 340 iuxta
1888 317 2059 340 sacrorum

227 367 370 398 instituta
399 375 562 398 canonum
592 364 777 397 reserantur
797 365 914 397 Villam
937 363 1279 397 Luthomusseleusem
1309 363 1349 396 de
1370 363 1530 408 Pragensi
1558 365 1682 399 diocesi
1711 369 1923 409 existentem,
1952 366 2059 400 locum

227 428 335 470 itaque
364 424 506 458 nobilem
536 428 568 457 et
596 427 760 468 insignem
791 425 829 457 ad
861 424 987 457 laudem
1017 424 1115 456 diuini
1146 426 1286 457 nominis
1316 428 1348 457 et
1375 423 1531 458 honorem
1561 437 1622 460 nec
1660 437 1725 459 non
1754 437 1814 471 pro
1842 429 2059 467 incremento,

226 484 372 529 profectu
402 489 433 517 et
461 485 665 518 exaltatione
694 485 848 530 predictis
869 488 900 517 111
922 485 1092 517 Ciuitatem
1122 487 1292 528 erigimus,
1324 487 1492 530 ipsamque
1513 485 1658 519 Ciuitatis
1679 485 1842 519 vocabulo
1863 489 2060 530 insignimus

226 550 255 578 et
291 545 519 578 nichilominus
555 546 731 579 ecclesiam
770 545 963 578 Monasterii
998 544 1181 577 huiusmodi
1216 555 1303 577 noue
1333 544 1494 586 Ciuitatis,
1524 546 1841 579 Premonstratensis
1876 546 2000 580 ordinis
2029 549 2060 579 in

225 605 457 638 Cathcdralem
486 608 587 639 etiam
616 608 799 649 erigentes.
831 616 902 638 cam
932 604 1139 637 decernimus
1169 604 1240 637 fore
1268 609 1428 649 perpetuo
1456 608 1557 650 ipsius
1592 617 1678 640 noue
1708 607 1856 640 Ciuitatis
1884 606 2060 640 ecclesiam

225 665 473 707 (lalliedialeiu,
512 669 563 699 cui
599 670 722 698 certain
759 670 883 710 partem
918 665 958 698 de
994 664 1089 698 dictis
1126 664 1337 698 Olomuccnsi
1373 669 1405 698 et
1439 669 1594 710 pragensi
1629 665 1818 699 diocesibus
1853 665 2061 700 adiacentem

225 726 330 759 eidem
360 730 392 759 et
421 729 522 759 certis
552 726 669 759 linibus
698 725 974 766 distinguendam„
1004 725 1201 758 intendimus
1231 725 1343 758 l'acere
1373 729 1552 770 assignari„
1582 731 1615 760 et
1644 731 1707 759 tam
1744 725 2000 760 Olomucensem
2030 731 2062 759 et

224 785 556 820 luthomusselensein
579 787 741 819 ecclesias
762 790 793 818 et
813 788 957 830 ipsarum
979 784 1136 819 Ciuitates
1166 796 1262 829 quam
1284 784 1547 827 Olomucensenn
1578 798 1640 820 nec
1668 797 1734 820 non
1764 786 1924 832 prefatam
1954 786 2061 820 eidem

225 845 514 880 luthonnisselensi
543 847 689 879 ecclesie
709 846 945 889 assignandam
967 845 1136 883 diocesim„
1166 857 1209 879 ex
1238 857 1324 879 nunc
1344 849 1445 891 ipsius
1465 846 1643 891 Pragensis
1669 847 1811 880 ecclesie
1832 846 2061 891 suffraganeas

224 911 254 938 et
291 906 331 939 de
364 909 535 951 prouincia
572 906 732 950 Pragensi
768 909 1005 951 imperpetuum
1034 905 1107 939 sore
1135 906 1362 940 decernimus.
1398 911 1430 940 et
1463 910 1523 940 iuri
1552 908 1791 953 inet1·‹·›politico
1820 906 2000 941 subicimus
2029 911 2061 940 et

224 966 391 1000 subiectas
425 966 496 1000 fore
531 967 682 1000 uolmuus
721 966 987 1012 Archiepiscopo
1024 966 1183 1010 Pragensi
1219 970 1273 1010 qui
1307 970 1367 1000 erit
1400 978 1458 1012 pro
1494 972 1640 1012 tempore
1668 972 1701 1000 et
1729 967 1889 1011 Pragensi
1917 967 2061 1001 ecclesie

224 1031 424 1065 memorateq
455 1027 651 1062 ecclesiam.
682 1025 854 1059 Ciuitatem
885 1031 916 1060 et
951 1027 1109 1060 diocesim
1140 1026 1394 1061 olomucensem
1423 1039 1441 1061 a
1470 1028 1716 1073 metropoliticis
1744 1028 2002 1073 Archiepiscopi
2030 1033 2061 1061 et

223 1089 366 1121 ecclesie
387 1087 649 1131 Maguntinensis
678 1088 898 1132 predictorum
927 1098 989 1120 nec
1011 1098 1075 1120 11011
1102 1087 1447 1121 Luthomusselensem
1476 1088 1652 1121 ecclesiam
1674 1092 1705 1121 et
1725 1088 1896 1122 Ciuitatein
1916 1088 2061 1133 prefatas

224 1160 261 1181 ac
299 1148 456 1181 diocesim
491 1150 520 1180 ei
560 1152 592 1180 ut
619 1151 813 1192 premittitur
850 1148 1087 1191 assignandam
1116 1147 1156 1181 ab
1185 1148 1359 1181 ordinariis
1387 1148 1461 1181 olim
1492 1148 1671 1192 Pragensis
1701 1151 1869 1194 episcopi,
1903 1159 1967 1182 nec
1996 1159 2059 1181 non

224 1209 416 1241 dilectorum
436 1207 574 1241 liliorum
595 1208 725 1253 capituli
751 1211 852 1253 ipsius
873 1208 1053 1252 Pragensis
1074 1208 1229 1246 ecclesie„
1252 1220 1290 1241 ac
1312 1208 1452 1254 qualibet
1471 1208 1668 1254 prelatorum
1691 1213 1721 1242 et
1741 1209 1873 1254 capituli
1892 1208 2060 1253 generalis

226 1269 300 1301 dicti
329 1268 452 1301 ordinis
482 1268 721 1307 iurisdictione„
738 1263 955 1302 *subiectione
985 1280 1023 1301 ac
1052 1268 1195 1302 dominio
1226 1280 1360 1314 prorsus
1387 1271 1579 1309 eximimuqu
1612 1272 1816 1310 auctoritatQ
1846 1280 1885 1302 ac
1915 1268 1955 1302 de
1985 1269 2060 1314 ple-

223 1329 368 1362 nitudine
399 1329 610 1374 supradictis.
640 1329 711 1362 Hec
733 1332 831 1373 igitur
851 1340 909 1375 per
929 1330 1112 1374 apostolice
1132 1330 1220 1362 sedis
1240 1329 1442 1374 prudentiam
1463 1334 1493 1362 et
1513 1329 1751 1374 prouidentiam
1773 1332 2059 1374 circumspectam,

223 1394 269 1422 sic
298 1389 384 1423 facta
415 1389 589 1423 salubriter
617 1394 649 1423 et
677 1389 795 1423 utiliter
823 1390 984 1426 ordinat-m
1014 1393 1184 1435 perpetuis
1214 1400 1290 1423 esse
1318 1389 1453 1423 ualitura
1483 1389 1683 1434 temporibus
1714 1394 1744 1423 et
1773 1389 1872 1423 robur
1898 1389 2060 1424 firmitatis

223 1449 432 1483 immutabilis
462 1449 614 1483 obtinere
643 1450 809 1485 volentes.
840 1454 1034 1484 auctoritate
1062 1451 1208 1495 predicta
1239 1450 1417 1483 districtius
1446 1449 1642 1483 inhibemus.
1672 1461 1712 1483 ne
1733 1453 1803 1495 quis
1823 1453 2061 1494 cuiuscumque

222 1512 462 1555 preeminentie
492 1510 629 1552 ordinis,
659 1510 857 1544 conditionis
887 1515 941 1543 aut
969 1515 1082 1547 status*
1113 1514 1210 1544 etiam
1232 1513 1259 1544 si
1278 1510 1563 1555 Archiepiscopali
1584 1514 1638 1543 aut
1658 1510 1846 1556 Episcopali
1874 1521 1933 1545 seu
1954 1510 2060 1554 Regia

222 1570 273 1603 uel
304 1571 420 1613 majori
449 1570 635 1615 persulgeat
664 1571 834 1615 dignitate,
864 1570 1047 1604 huiusmodi
1077 1570 1303 1604 ordinationes
1332 1570 1530 1616 apostolicas
1559 1574 1591 1603 et
1618 1570 1680 1604 alia
1710 1571 1912 1616 supradicta,
1942 1573 2060 1616 quovis

222 1633 352 1676 quesite
372 1630 485 1663 colore
516 1631 567 1664 uel
589 1631 685 1664 modo
714 1634 784 1664 siue
814 1642 915 1664 causa
944 1631 997 1664 uel
1023 1634 1202 1665 occasione
1230 1631 1373 1676 qualibet
1400 1630 1583 1664 adiuuentis
1612 1630 1756 1673 turbare,
1786 1642 1846 1665 seu
1874 1631 2060 1677 quomodo-

223 1691 300 1724 libet
328 1691 486 1736 impedire
515 1696 693 1736 presumat.
724 1691 765 1725 Et
793 1691 1022 1725 nichilominus
1051 1694 1081 1725 in
1112 1703 1171 1725 eos
1200 1695 1252 1737 qui
1282 1703 1325 1725 ex
1353 1696 1443 1725 certa
1468 1694 1605 1725 scientia
1634 1694 1833 1725 contrarium
1862 1696 2060 1738 attemptare

223 1754 499 1796 pi‘esunipseriim
530 1754 591 1785 nisi
621 1751 704 1786 infra
736 1752 820 1785 Octo
840 1752 965 1786 dierum
995 1755 1133 1797 spatium
1163 1757 1237 1798 post
1256 1752 1508 1797 publicationem
1528 1754 1730 1796 presentium
1759 1755 1958 1798 resipuerint
1985 1763 2058 1785 cum

223 1812 352 1854 ellectu,
382 1815 737 1846 excommunicationis
758 1824 891 1846 necnon
920 1816 952 1846 iu
972 1813 1231 1854 Vniuersuaies„
1261 1817 1365 1846 terras
1394 1817 1426 1845 et
1444 1812 1515 1845 loca
1536 1822 1648 1844 eorum
1671 1811 1834 1846 interdicti
1853 1823 1893 1846 ac
1912 1812 2058 1857 Capitula

223 1877 254 1905 et
283 1872 477 1905 Conuentus
507 1883 567 1906 seu
596 1873 757 1917 Collegia,
788 1876 1019 1918 suspensionis
1049 1876 1243 1909 sententias*
1273 1872 1313 1906 de
1342 1871 1494 1918 predictis
1523 1875 1720 1905 auctoritate
1749 1877 1780 1906 et
1807 1873 1947 1906 consilio
1976 1884 2060 1918 pro-

223 1933 420 1976 mulgamus„
450 1943 467 1965 a
497 1943 560 1977 qua
590 1933 720 1978 quidem
749 1936 913 1967 sententia
942 1936 1298 1967 excommunicationis
1326 1933 1370 1966 illi
1397 1935 1451 1978 qui
1479 1943 1549 1965 eam
1580 1935 1787 1973 incurri-erint„
1817 1943 1882 1966 non
1911 1936 1973 1966 nisi
2002 1944 2061 1978 per

223 1993 407 2026 Romanum
436 1992 634 2038 pontilicenn
665 1998 873 2038 preterquam
902 1997 932 2027 in
954 1996 1066 2028 mortis
1095 1994 1243 2036 articulo,
1273 1993 1484 2027 absolutionis
1512 1992 1709 2026 beneficium
1737 1993 1870 2026 ualeant
1897 1993 2059 2032 obtinere,

225 2054 459 2090 decernentesq
490 2056 612 2086 irritum
643 2058 674 2087 et
702 2057 812 2091 inane,
842 2057 868 2087 si
898 2065 995 2088 secus
1016 2065 1116 2100 super
1135 2056 1318 2100 premissis„
1347 2065 1364 2087 a
1385 2063 1544 2098 quoquam
1565 2055 1681 2096 quauis
1702 2056 1897 2087 auctoritate
1916 2056 2060 2087 scienter

223 2114 274 2147 uel
294 2116 489 2157 ignoranter
509 2116 686 2158 contigerit
706 2117 903 2159 attemptari.
935 2114 1021 2148 Nulli
1041 2126 1122 2159 ergo
1143 2117 1275 2148 omnino
1296 2114 1459 2147 hominum
1479 2114 1575 2146 liceat.
1594 2113 1678 2146 hanc
1697 2116 1853 2159 paginam
1872 2119 2058 2148 nostrarum

222 2177 488 2219 exemptionum,
518 2173 738 2216 liberationis,
769 2177 994 2215 evectionum„
1023 2175 1256 2217 subiectionis,
1294 2175 1470 2207 uoluntatis
1499 2173 1698 2208 inhibitionis
1728 2179 1760 2208 et
1789 2177 2058 2209 constitutionum

224 2235 406 2278 ml'ringere
435 2235 487 2268 uel
517 2237 547 2267 ei
575 2245 657 2268 ausu
687 2238 863 2268 temerario
891 2238 1070 2269 contraire.
1102 2236 1137 2269 Si
1166 2239 1237 2282 quis
1266 2240 1373 2268 autem
1401 2234 1464 2267 hoc
1493 2238 1688 2279 attemptare
1716 2239 1970 2280 presumpserit,
2000 2239 2058 2269 in—

224 2294 445 2332 dignationem
476 2297 709 2341 omnipotentis
739 2296 790 2328 dei
820 2300 851 2329 et
879 2295 1050 2330 beatorum
1072 2295 1158 2329 Petri
1187 2301 1219 2329 et
1245 2295 1333 2328 Pauli
1359 2294 1594 2340 Apostolorum
1624 2298 1693 2328 eius
1720 2306 1757 2328 se
1784 2299 1915 2329 nouerit
1941 2298 2058 2329 incur-

224 2364 344 2388 surum.
374 2354 492 2389 Datum
521 2355 691 2389 Avinione
720 2355 748 2388 11
778 2356 917 2390 Kalend.
947 2356 1025 2400 Maij
1056 2356 1268 2390 Pontificatus
1296 2357 1399 2388 nostri
1428 2356 1504 2388 anni
1533 2355 1694 2388 secundo.

529 2451 613 2480 (Nach
628 2452 700 2476 einer
715 2452 801 2477 vidim.
820 2452 932 2477 Abschr.
949 2461 995 2478 aus
1009 2453 1068 2478 dem
1084 2453 1158 2486 (trig.
1174 2453 1288 2486 Regeste
1302 2451 1401 2477 Pabsffs
1416 2450 1539 2476 Clemens
1555 2451 1596 2476 vt
1612 2449 1638 2476 ,1.
1659 2452 1689 2477 11.
1706 2452 1731 2477 Β,
1752 2452 1795 2478 vt.
1812 2452 1837 2478 S.
1855 2451 1910 2477 651
1928 2453 1959 2477 im
1976 2460 2008 2477 m.
2024 2455 2056 2477 st.

632 2503 851 2529 Landesarcliive.
878 2504 930 2529 Das
952 2505 1026 2538 (trig.
1048 2506 1079 2530 im
1103 2505 1128 2530 k.
1151 2505 1176 2529 k.
1196 2504 1257 2537 geli.
1277 2503 1390 2528 Archive
1411 2511 1440 2527 zu
1460 2502 1549 2528 wien.
1576 2503 1694 2529 Fctum-ti.
1716 2504 1826 2532 aligedr.
1848 2504 1888 2529 bei
1906 2503 2015 2529 Goldast
2034 2505 2056 2529 iu

633 2555 798 2589 Suppluwut.
820 2559 904 2581 actor.
921 2556 1051 2590 publicor.
1070 2557 1095 2581 S.
1115 2556 1172 2581 277
1191 2564 1215 2581 11.
1232 2555 1300 2581 XXX
1313 2563 1368 2580 zum
1385 2553 1408 2579 J.
1428 2554 1515 2579 1343.
1536 2555 1628 2588 vergt
1644 2555 1752 2581 Dobuei·
1768 2556 1881 2581 Monuni.
1899 2555 1942 2580 tv,
1956 2556 1982 2581 S.
1997 2555 2056 2581 312

634 2616 657 2632 11.
685 2607 803 2633 [LXXV.
829 2608 879 2633 und
906 2607 994 2633 Balbin
1022 2608 1078 2633 Vita
1106 2608 1211 2633 Aruesti
1237 2608 1263 2631 S.
1289 2606 1352 2637 97.)
