2184 2828
1075 132 1147 166 9:36

1058 326 1165 361 3915.

198 412 255 447 W.
275 439 280 445 .
300 438 326 452 .,
355 413 468 457 Iso‘mTq
497 424 560 445 rou
591 412 751 455 Holmon,
782 412 949 445 iiber-lcissl
979 413 1049 445 dem
1079 412 1251 446 (litterali-‚er
1273 413 1527 447 Domdechanle
1551 413 1668 456 Quiriti
1692 416 1758 448 und
1782 415 1852 448 dem
1877 416 2033 461 dortr‘gyen

190 473 332 517 Kapitel
364 473 418 506 die
451 474 482 505 17η
517 473 589 506 dem
623 473 758 516 Dorfe.
778 499 784 506 .
803 499 810 506 .
839 472 895 506 bei
929 472 1060 505 (llumlz
1094 473 1279 516 (leleqenen
1311 474 1418 508 (inter
1451 473 1570 517 110111113-
1605 474 1665 507 der
1693 475 1903 520 Errielettmy
1937 478 2033 509 einer

794 532 983 567 Pra‘bemle.
1017 532 1054 565 ί).
1086 532 1128 566 D.
1162 534 1200 567 0.
1231 534 1297 567 med
1322 534 1421 568 Jaler.

319 600 405 654 W.
436 620 487 654 dci
516 623 631 665 gracia
660 625 723 654 etc.
753 620 876 654 Parere
905 619 1097 665 parentibus
1131 620 1205 653 ‹lum
1241 623 1355 655 vivunt
1389 626 1422 655 et
1456 624 1643 667 preminent
1671 633 1711 655 ac
1739 622 1872 657 lionoris
1900 625 2035 669 impen-

191 682 270 715 dere
308 682 413 715 filialis
447 680 642 727 obsequium
676 683 756 715 satis
795 683 906 725 utique
942 681 1005 714 late
1038 681 1141 714 claret
1176 692 1215 714 ac
1251 684 1312 715 iam
1348 681 1512 715 defunctis
1549 684 1611 727 piis
1648 682 1768 717 adesse
1802 683 1968 728 suffragiis
2002 688 2034 717 et

191 741 390 777 honorabilis
423 752 487 788 ope
524 741 658 776 subsidii
694 741 876 775 subvenire
911 742 1013 774 lacius
1051 741 1223 783 elucescit,
1258 752 1298 775 eo
1334 741 1419 788 quod
1454 742 1525 787 plus
1558 743 1692 777 claritas
1729 754 1813 789 opus
1841 746 1973 789 pietatis
2001 746 2035 778 in

191 802 294 837 libero
323 813 418 848 quam
447 805 645 836 reverencie
669 801 822 849 ,debitum
858 804 889 834 in
925 800 1086 839 subiectoq
1123 801 1302 847 Cupientes
1337 805 1436 847 igitur
1470 814 1509 835 ea
1540 801 1654 836 facere
1682 814 1746 848 que
1775 814 1897 837 sereno
1926 804 2026 838 lumin

190 863 379 910 preradiaut
407 865 551 909 pectoris
588 874 647 908 pro
681 862 786 896 salute
821 864 1002 895 animarum
1036 863 1125 908 olym
1160 861 1290 895 Domini
1329 862 1368 895 Ο.
1407 862 1511 896 Incliti
1546 862 1649 908 Regis
1685 863 1838 897 bohemie
1872 868 1903 897 et
1937 863 2035 898 Mar-

191 924 318 958 chionis
346 923 498 958 Moravie
526 923 694 957 karissimi
730 923 884 956 avunculi
919 925 1020 956 nostri
1057 934 1095 955 ac
1130 922 1262 956 1101111110
1296 922 1357 956 Τ11.
1395 922 1535 956 Domine
1570 923 1700 968 Regine
1735 923 1888 958 bohemie
1922 927 2035 958 matris

191 988 303 1018 nostre
337 987 446 1018 omnia
483 983 569 1017 bona
605 986 784 1018 in..iuxta
818 984 992 1018 Civitatem
1029 983 1298 1025 01011111001150111,
1334 994 1407 1016 011111
1441 986 1544 1029 pratis
1579 986 1714 1029 pascuis
1750 987 1843 1029 aquis
1878 995 2036 1030 aquarum

191 1044 399 1088 decursibus,
428 1044 684 1091 piscacionibus,
715 1044 916 1085 molendium
951 1044 1088 1077 editiciis
1121 1043 1247 1077 rubetis
1281 1047 1371 1088 agris
1407 1044 1503 1077 cultis
1531 1048 1563 1077 et
1592 1044 1720 1079 incultis
1749 1049 1781 1078 et
1809 1047 1976 1079 universis
2004 1049 2037 1079 et

192 1105 330 1150 singulis
358 1104 482 1139 iuribus
511 1109 543 1138 et
571 1107 760 1139 attinenciis
790 1104 980 1138 eorumdem
1010 1104 1113 1138 libera
1142 1109 1173 1138 et
1202 1104 1346 1150 quolibet
1375 1108 1545 1139 servitutis
1579 1116 1682 1139 onere
1717 1109 1846 1151 penitus
1884 1105 2037 1140 absoluta

194 1165 330 1207 Quirino
359 1164 574 1200 Olomuccusi
603 1165 742 1207 decano,
773 1168 952 1211 preposito,
983 1164 1129 1208 Custodi‚
1160 1167 1284 1210 totique
1313 1168 1417 1211 ipsius
1446 1165 1599 1199 Ecclesie
1627 1165 1856 1199 Oloniuceusis
1886 1166 2036 1212 Capitulo

190 1226 339 1261 dedimus
376 1237 419 1260 ex
452 1231 542 1260 certa
577 1230 689 1260 nostra
723 1229 868 1260 sciencia
903 1230 934 1260 et
969 1225 1110 1259 fecimus
1145 1228 1322 1270 assignari„
1359 1225 1407 1259 Ita
1443 1230 1554 1260 tamen
1587 1226 1671 1271 quod
1708 1226 1748 1260 de
1777 1226 1913 1271 prefatis
1942 1226 2037 1260 bonis

191 1287 309 1321 hiidem
339 1286 495 1322 decanus.
526 1289 727 1333 prepositus,
757 1286 889 1330 Custos7
926 1291 1095 1332 totumque
1124 1285 1307 1331 Capitulum
1340 1286 1488 1332 predicte
1517 1286 1749 1320 Olomucensis
1777 1286 1932 1321 Ecclesie
1959 1285 2036 1320 for-

190 1352 279 1381 ment
306 1358 404 1381 unam
434 1346 636 1393 prebendam
664 1351 696 1380 et
725 1350 826 1393 ipsam
856 1347 976 1381 dilecto
1006 1347 1131 1393 phisico
1161 1351 1192 1380 et
1221 1346 1399 1392 Capeliano
1432 1351 1545 1381 nostro
1574 1346 1736 1392 Magistro
1765 1347 1795 1380 h.
1825 1358 1921 1392 quem
1951 1357 2038 1380 nunc

190 1410 271 1454 ipsis
299 1408 339 1442 ad
367 1407 509 1442 eundem
538 1412 686 1442 tenorem
718 1410 928 1453 presencium
964 1412 1196 1454 presentamus
1230 1407 1415 1450 conferant,
1452 1410 1558 1453 ipsum
1591 1410 1623 1441 in
1657 1406 1784 1453 prefata
1818 1407 1972 1441 Ecclesia
2004 1410 2037 1441 in

191 1480 285 1503 suum
314 1471 578 1502 concanonicum
608 1472 638 1502 et
667 1468 865 1502 confratrem
894 1471 1067 1514 recipiant,
1103 1467 1230 1514 sibique
1265 1467 1394 1501 stallum
1428 1470 1460 1501 iu
1496 1467 1600 1502 choro
1628 1472 1661 1501 et
1688 1478 1806 1501 vocem
1834 1470 1866 1501 111
1895 1467 2037 1513 capitulo

191 1532 366 1574 assignent
394 1534 425 1563 et
454 1528 613 1574 prebeant
641 1529 792 1563 tarditate
821 1540 859 1562 ac
888 1528 1079 1563 difficultate
1108 1527 1307 1574 quibuslibet
1334 1529 1450 1574 procul
1479 1531 1587 1571 motis7
1616 1538 1747 1562 necnon
1772 1532 1805 1561 et
1832 1528 1918 1573 quod
1946 1531 2037 1574 prius

191 1592 292 1636 ipsius
320 1588 471 1634 Magistri
499 1589 530 1624 11.
561 1589 738 1623 decessum
768 1590 885 1635 prefati
915 1589 1076 1633 decanus⁷
1111 1591 1300 1636 prepositus
1330 1588 1452 1622 Custos
1482 1593 1651 1634 totumque
1679 1587 1862 1634 Capitulum
1891 1587 2037 1622 01011111-

191 1653 303 1685 censis
331 1649 484 1684 Ecclesie
513 1654 546 1684 et
574 1653 719 1695 ipsorum
753 1661 972 1685 successores
1008 1650 1051 1683 illi
1084 1660 1326 1695 quemcumque
1360 1660 1420 1682 nos
1456 1649 1509 1683 vel
1544 1651 1648 1683 nostri
1681 1659 1898 1683 successores
1933 1650 1963 1682 ei
1997 1648 2038 1682 ad

191 1710 351 1756 prefatam
379 1710 580 1756 prebendam
611 1710 804 1744 duxerimus
833 1710 1092 1756 presentandum
1120 1713 1227 1756 ipsam
1256 1709 1458 1755 prebendam
1487 1708 1689 1752 conferatur,
1722 1719 1861 1755 eumque
1890 1712 1923 1742 in
1951 1719 2039 1743 con-

190 1775 386 1805 canonicum
416 1776 449 1805 et
476 1770 677 1805 confratrem
706 1774 738 1804 in
767 1771 917 1817 predicta
946 1771 1089 1805 ecclesia
1119 1773 1280 1817 recipiant
1308 1769 1435 1816 sibique
1463 1770 1593 1804 stallum
1621 1773 1653 1804 in
1677 1769 1778 1803 choro
1804 1774 1836 1803 et
1860 1780 1980 1803 vocem
2005 1772 2037 1802 in

191 1831 341 1878 Capitulo
370 1835 544 1877 assignent
572 1836 604 1865 et
632 1830 792 1877 prebeant
820 1834 892 1865 sine
920 1831 1111 1865 difficultate
1146 1831 1290 1877 qualibet
1318 1842 1358 1865 ac
1387 1834 1493 1864 eciam
1526 1830 1690 1873 tarditate,
1719 1834 1751 1863 et
1778 1840 1838 1875 pro
1867 1829 2040 1863 animabus

190 1892 348 1927 dictorum
376 1896 478 1938 patris
507 1897 538 1926 et
566 1894 678 1926 matris
708 1903 855 1926 meorum
890 1903 955 1926 uua
989 1903 1063 1926 cum
1098 1892 1217 1926 eodem
1250 1902 1349 1926 orare
1386 1891 1577 1937 frequenter
1611 1890 1752 1924 debeant
1784 1893 1817 1923 111
1853 1890 1906 1923 die
1935 1893 2038 1924 anni-

190 1956 331 1988 versarii
358 1958 391 1987 et
418 1955 522 1999 patris
551 1958 584 1987 et
611 1956 724 1987 matris
753 1965 827 1987 cuin
856 1953 972 1987 eadem
1003 1953 1149 1987 ecclesia
1177 1956 1353 1987 missarum
1383 1953 1579 1998 sollempnia
1608 1950 1789 1993 celebrare,
1815 1950 1856 1984 Et
1883 1953 2039 1995 quoniam

190 2015 343 2049 volumus
373 2013 459 2060 quod
488 2014 573 2048 dicta
601 2013 686 2048 bona
715 2014 813 2060 plene
842 2025 881 2047 ac
909 2017 1070 2060 perpetue
1100 2014 1226 2047 solacio
1255 2013 1423 2058 gaudeant
1451 2012 1611 2046 libertatis
1640 2013 1805 2057 presentis
1830 2015 1948 2045 tenore
1966 2014 2040 2057 pri-

189 2075 304 2120 vilegii
333 2074 448 2108 eadem
477 2086 495 2108 a
525 2074 669 2120 qualibet
702 2075 935 2109 iurisdiccione
972 2085 1031 2108 seu
1066 2078 1233 2120 potestate
1268 2074 1457 2108 villiconum
1485 2072 1636 2107 Judicum
1668 2072 1935 2117 provincialium,
1964 2072 2040 2106 col-

191 2136 351 2169 lectorum
379 2135 548 2180 generalis
578 2136 633 2169 vel
661 2135 815 2181 specialis
844 2135 984 2169 collecte
1012 2146 1073 2169 seu
1101 2139 1224 2177 5101110,
1254 2133 1520 2168 Camerariorum
1548 2137 1583 2167 et
1607 2132 1827 2178 quorumlibet
1849 2131 2040 2166 officialium

191 2205 399 2242 quocumque
427 2200 629 2229 censeantur
662 2198 795 2229 nomine
828 2200 927 2241 atque
960 2194 1117 2229 nobilium
1151 2199 1184 2229 et
1212 2194 1341 2229 Civium
1376 2199 1440 2228 tam
1479 2195 1688 2240 presencium
1723 2203 1820 2238 quam
1854 2192 2040 2226 futurorum

192 2258 366 2289 eximimus
395 2255 436 2289 de
463 2260 577 2290 nostre
606 2255 807 2302 plenitudine
835 2261 1018 2302 potestates
1047 2260 1078 2289 et
1107 2258 1279 2290 statuimus
1308 2260 1341 2289 ut
1370 2258 1512 2289 omnium
1541 2256 1673 2287 0111111110
1702 2252 1852 2287 libertate
1879 2252 2040 2292 fruantur„

192 2325 255 2360 qua
284 2315 434 2350 fruuntur
469 2321 501 2350 et
536 2316 598 2350 frui
634 2315 756 2350 debent
788 2316 874 2350 bona
911 2321 944 2351 et
978 2315 1149 2363 prebende
1182 2315 1337 2350 Ecclesie
1370 2318 1544 2362 pretaxate
1579 2314 1770 2359 specialiter
1803 2318 1881 2348 ante
1908 2323 2041 2347 omnem

192 2375 431 2420 obligacionem
461 2388 658 2422 omnemque
690 2381 896 2411 contractum
932 2377 1050 2423 quibus
1084 2388 1144 2423 per
1172 2377 1313 2422 aliquem
1343 2376 1567 2410 Camararium
1601 2374 1746 2408 villicum
1775 2373 1927 2408 Judicem
1956 2383 2039 2418 pro—

192 2436 369 2470 vincialem
404 2438 459 2471 vel
491 2438 587 2471 alium
624 2448 863 2483 quemcumque
896 2439 993 2472 alicui
1029 2437 1101 2471 Civi
1136 2438 1189 2470 vel
1225 2438 1361 2471 alterius
1398 2435 1530 2470 cuilibet
1566 2434 1650 2468 dicta
1690 2434 1777 2469 bona
1811 2434 1867 2468 vel
1901 2444 2040 2480 quorum

193 2508 269 2542 pars
298 2496 405 2541 aliqua
434 2507 641 2544 quocumque
669 2502 816 2543 tempore
845 2498 901 2532 vel
929 2508 1136 2544 quocumque
1164 2497 1261 2531 modo
1290 2497 1345 2531 vel
1373 2496 1477 2542 tytulo
1505 2494 1638 2529 fuerant
1665 2495 1722 2529 vel
1750 2495 1901 2529 dicuntur
1924 2493 2041 2528 forsan

192 2556 338 2602 obligata
365 2556 472 2591 locata
501 2569 559 2591 seu
589 2558 731 2592 alienata
760 2568 818 2591 seu
847 2559 990 2592 alienata
1019 2562 1135 2592 tenore
1164 2560 1328 2603 presentis
1357 2556 1522 2603 privilegii
1551 2556 1701 2590 similiter
1729 2555 1769 2589 de
1797 2558 1912 2589 nostre
1936 2558 2040 2600 pote-

192 2619 286 2651 statis
314 2616 516 2663 plenitudine
545 2618 750 2653 annullamus
779 2618 998 2654 rescindimus
1027 2621 1194 2653 irritamus
1225 2622 1257 2652 et
1279 2620 1422 2652 omnium
1448 2618 1580 2663 penitus
1606 2627 1725 2651 carere
1743 2615 1896 2650 firmitate
1916 2614 2042 2648 decre-
