2184 2828
1000 105 1068 140 181

982 267 1088 303 250.

115 353 227 397 Ko'uiq
245 352 381 386 Jolmnn
409 363 472 386 rou
493 352 644 386 Bo‘lemen
665 354 731 387 wid
750 353 938 398 illarlt'qruf
950 354 1040 388 Karl
1064 365 1127 388 von
1147 353 1291 387 Maleren
1321 353 1513 388 bestimmten
1542 355 1604 388 den
1624 355 1763 399 Herzog]
1782 355 1957 388 Boleslaw

112 424 176 447 von
205 413 383 447 Sclelesien
412 414 479 447 mnl
505 413 619 447 Herm
648 425 710 447 ron
742 414 893 459 Le'eym'lz-
929 416 995 449 (md
1027 415 1145 448 dessen
1181 414 1297 448 Solone
1332 427 1373 448 zu
1409 415 1642 460 Hauplleuten
1671 416 1732 449 der
1760 416 1863 450 Stmlt
1894 416 1958 449 mut

112 474 171 507 des
198 474 387 508 Districtes
423 486 487 508 1·οη
523 475 668 519 Gloqou.
707 475 772 508 und
806 474 995 519 ribei-ychen
1032 476 1129 509 {lmen
1165 476 1219 509 die
1254 476 1358 509 Stadt
1394 477 1462 509 nied
1493 477 1555 509 dus
1593 477 1735 510 Seleloss
1770 478 1828 509 mil
1866 476 1957 509 allen

112 534 267 568 Recklen
282 535 349 568 mul
363 534 571 579 Einhilnfleu
589 537 700 579 (russo
717 536 828 580 langse,
846 535 896 569 bis
912 537 973 569 den
991 537 1153 570 letz-tereu
1171 536 1268 569 2125
1279 536 1381 570 Marh·
1392 536 1713 571 Groscleenbezalelt
1724 538 1795 571 sein
1812 537 1955 570 werden.

375 596 433 630 De.
463 596 625 639 Budese'u,
655 598 688 629 ῖιι
716 596 770 630 die
800 595 829 629 b.
860 597 1100 631 But-lleolomei
1126 601 1239 641 apost.
1273 597 1354 639 (24.
1385 597 1543 641 August)
1578 597 1687 632 1339.

255 680 355 734 *Ros
383 699 553 734 Johannes
582 700 634 734 dei
662 704 774 745 gracia
804 700 878 734 Rex
908 701 1065 735 Boliemie
1093 705 1124 734 et
1152 701 1272 735 Comes
1310 700 1603 746 Lucenburgensis
1631 712 1693 735 nec
1721 713 1786 735 non
1815 701 1958 735 Karolus

111 761 182 793 eius
218 762 455 806 primogenitus
488 761 637 795 Marchio
671 760 821 795 Morauie
856 762 895 795 ad
934 765 1163 796 vniuersorum
1202 762 1380 796 deserimus
1421 765 1594 796 necionem
1630 790 1639 796 .
1676 762 1760 808 quod
1796 762 1956 796 Illustrein

110 819 294 866 Principem
324 826 357 855 et
377 821 545 856 Sororium
575 826 722 856 nostrum
752 822 902 856 dilectum
924 822 1112 856 Bolezlaum
1141 822 1256 856 ducein
1284 823 1394 856 Slezie
1424 828 1455 856 et
1483 823 1649 857 dominum
1679 823 1954 868 Legniczensem.

110 892 148 914 ac
177 885 248 915 eius
277 882 360 917 filios
389 882 489 917 duces
517 882 739 917 Wencztaum
767 887 799 916 et
828 882 1019 917 Ludwicum
1049 886 1222 917 statuimus
1251 888 1285 917 et
1314 884 1452 917 facimus
1488 887 1627 918 ciuitatis
1656 889 1771 918 nostre
1800 889 1830 918 et
1866 888 1956 917 terre

111 940 274 986 Glogauie
309 954 408 977 veros
443 948 474 978 et
507 944 687 989 legitumos
725 947 917 989 capitaneos
954 944 1136 978 indicantes
1171 944 1210 978 ad
1248 944 1383 978 eosdem
1421 947 1524 990 ipsam
1558 947 1723 978 ciuitatem
1761 944 1955 989 Glogouiam

109 1012 182 1036 cum
219 1008 329 1037 castro
357 1009 389 1038 et
418 1008 488 1038 eius
518 1005 675 1047 districtuff
705 1009 736 1038 et
770 1004 921 1039 omnibus
959 1009 990 1038 et
1024 1005 1161 1050 singulis
1197 1005 1435 1039 exaccionibus
1470 1008 1612 1051 pecunie
1647 1010 1680 1039 et
1717 1016 1848 1039 annone
1882 1016 1956 1039 cum

109 1062 228 1097 allodio
256 1064 446 1100 Prsedmost
473 1066 560 1100 dicto
589 1070 622 1100 et
650 1065 720 1099 aliis
754 1065 905 1099 omnibus
940 1069 1060 1099 nostris
1093 1066 1316 1100 solucionibus
1347 1066 1619 1110 jurisdicionibus
1649 1066 1845 1112 juribusque
1882 1077 1955 1100 cum

106 1123 292 1159 feudalibus
320 1131 353 1159 et
381 1129 532 1160 seruiciis
561 1126 752 1160 eorumdem
782 1154 789 1161 .
820 1138 893 1160 cuni
924 1126 1163 1161 municionibus
1199 1131 1231 1160 et
1267 1127 1382 1160 incolis
1417 1127 1568 1160 omnibns
1603 1127 1750 1161 eiusdem
1788 1127 1956 1162 districtus

107 1190 139 1220 et
158 1189 298 1220 ciuitatis
320 1214 326 1221 .
348 1198 421 1221 cum
442 1187 620 1221 tlieoloniis
651 1190 791 1221 monetis
812 1187 1001 1221 aduocat-iis
1019 1215 1026 1221 .
1045 1187 1165 1232 judeis.
1187 1188 1322 1232 judiciis
1350 1191 1514 1233 supremis
1542 1192 1571 1221 et
1600 1188 1717 1221 intimis
1745 1215 1751 1222 .
1781 1200 1854 1222 cum
1881 1190 1956 1233 jure

108 1251 299 1293 patronatus
334 1248 552 1282 ecclesiarum
582 1260 620 1282 ac
648 1251 904 1295 presentacione
933 1248 1111 1282 earundem
1147 1253 1178 1282 et
1212 1251 1355 1282 omnium
1393 1248 1632 1282 beneficiorum
1668 1253 1855 1282 curatorum
1884 1253 1955 1283 siue

107 1319 172 1342 11011
202 1313 388 1343 curatorum
418 1309 609 1353 dignitatum
637 1309 692 1343 vel
721 1314 964 1355 personatuum.
991 1320 1054 1355 que
1082 1309 1121 1342 ad
1150 1314 1294 1343 nostram
1316 1312 1603 1355 presentacionem
1625 1310 1679 1343 vel
1700 1309 1954 1355 disposicionem

108 1381 347 1415 quamcumque
383 1375 535 1416 spectare
570 1370 741 1413 videntur,
777 1381 857 1416 quas
896 1370 947 1403 vel
986 1381 1048 1415 que
1083 1370 1236 1404 conferre
1270 1370 1438 1404 debebunt
1472 1370 1557 1403 idem
1593 1373 1742 1404 sororius
1777 1375 1891 1404 noster
1925 1375 1957 1404 et

107 1433 178 1464 eius
206 1431 259 1475 lilij
291 1431 470 1465 secundum
500 1442 560 1465 sue
589 1431 741 1477 placitum
770 1431 946 1465 voluntatis
974 1442 1037 1464 non
1059 1430 1260 1464 obstantibus
1281 1431 1395 1464 litteris
1415 1430 1577 1476 aliquibus
1598 1442 1658 1476 per
1677 1442 1739 1464 1105
1760 1434 1955 1476 cuicumque

107 1495 196 1538 prius
225 1492 308 1526 datis
337 1492 396 1526 sed
425 1495 473 1526 eis
502 1496 669 1526 reuocatis
698 1491 849 1526 omnibus
888 1492 1118 1525 x-ninersatuer
1145 1496 1177 1525 et
1204 1495 1346 1526 cassatis
1377 1519 1383 1525 .
1414 1496 1447 1525 et
1475 1503 1548 1525 cum
1578 1491 1729 1525 omnibus
1759 1491 1955 1526 aduenticiis

107 1553 278 1599 appendiis
307 1558 338 1587 et
367 1553 557 1587 utilitatibus
587 1553 846 1599 quibuscumque
876 1552 1060 1586 nominibus
1090 1555 1276 1586 vocitentur
1304 1552 1399 1586 nullis
1428 1552 1523 1586 1101115
1546 1552 1674 1596 juribus
1704 1557 1736 1586 et
1764 1553 1954 1587 vtilitauhus

107 1616 139 1647 in
165 1614 289 1647 eisdem
316 1618 424 1648 castro
450 1617 583 1648 ciuitate
603 1619 633 1648 et
655 1614 798 1648 districtu
819 1616 947 1660 penitus
973 1617 1115 1658 excepto
1142 1613 1310 1647 dumtaxat
1329 1613 1530 1647 hereditario
1550 1613 1693 1646 dominio
1713 1640 1721 1647 .
1743 1617 1924 1647 reseruatis
1945 1641 1951 1647 .

106 1677 190 1708 sicut
229 1675 368 1708 eandem
408 1678 572 1708 ciuitatem
610 1702 617 1708 .
653 1679 797 1708 castrum
835 1679 866 1708 et
899 1674 1077 1707 disti-ictum
1113 1685 1185 1707 cum
1222 1685 1335 1708 eorum
1371 1674 1544 1720 appendijs
1580 1677 1748 1708 vniversis
1785 1677 1954 1707 noscimur

109 1735 268 1769 hactenus
309 1735 464 1770 habuisse
501 1740 533 1770 et
566 1738 649 1769 sicut
683 1738 714 1769 in
758 1738 827 1769 suis
869 1739 943 1768 sunt
984 1735 1541 1779 grenecijscircumferencialiter
1582 1735 1705 1768 limitati
1745 1762 1752 1768 .
1792 1735 1952 1768 tenendos

106 1797 329 1831 vsut'mendos
365 1800 486 1843 pariter
527 1801 559 1831 et
593 1797 763 1831 habendos
797 1808 814 1830 a
851 1796 934 1829 sesto
973 1795 1056 1828 beati
1096 1794 1225 1829 Martini
1260 1798 1413 1841 proximo
1449 1795 1488 1828 ad
1531 1795 1613 1829 dnos
1655 1806 1760 1829 annos
1796 1798 1951 1828 continue

106 1858 346 1904 conputandos.
377 1858 468 1899 Quos
496 1858 621 1892 fructus
651 1862 681 1891 et
701 1858 858 1891 Vtilitatcs
880 1857 965 1889 dicte
986 1858 1127 1888 ciuitatis
1148 1858 1246 1889 castri
1273 1861 1304 1890 et
1331 1856 1495 1890 districtus
1516 1861 1547 1889 et
1568 1858 1711 1889 onmium
1732 1856 1952 1901 predictorum

106 1924 138 1953 et
164 1922 269 1953 eciam
300 1922 587 1965 presentat-ionem
616 1918 775 1952 dictorum
812 1917 1046 1951 beneficiorum
1082 1916 1274 1959 dignitatum
1303 1917 1357 1950 vel
1393 1921 1627 1962 personatuum
1664 1916 1792 1962 prefato
1825 1919 1953 1949 sororio

108 1985 220 2014 nostro
248 1985 280 2014 et
308 1984 380 2014 eius
409 1980 480 2014 liliis
509 1979 658 2014 dedimus
688 1983 822 2025 propter
851 1981 989 2012 seruicia
1020 1981 1051 2010 ct
1080 1977 1219 2022 dampna
1249 1989 1310 2023 que
1337 1983 1472 2023 propter
1493 1989 1551 2011 nos
1572 1979 1651 2010 satis
1670 1980 1818 2021 grauiter
1846 1977 1953 2010 multis

108 2041 307 2087 temporibus
335 2046 411 2075 sunt
438 2043 588 2087 perpessi
619 2067 626 2075 .
657 2043 883 2085 promittentes
913 2038 1035 2072 exinde
1073 2038 1247 2071 insolidum
1276 2037 1361 2072 bona
1398 2043 1510 2072 nostra
1548 2038 1610 2071 tide
1647 2041 1718 2071 sine
1756 2037 1843 2079 dolo,
1878 2037 1952 2070 loco

107 2107 137 2136 et
167 2105 298 2136 nomine
327 2105 497 2136 iuramenti
528 2129 534 2135 .
565 2100 693 2147 prefato
731 2103 860 2134 sororio
898 2104 1010 2133 nostro
1045 2102 1075 2131 ct
1104 2100 1174 2132 eins
1210 2098 1282 2132 liliis
1319 2099 1516 2144 supradictis
1551 2103 1583 2132 et
1617 2098 1656 2132 ad
1693 2109 1804 2131 eorum
1835 2108 1952 2131 manus

108 2163 217 2197 inclito
252 2162 392 2208 Principi
421 2167 533 2196 nostro
564 2189 571 2196 .
601 2161 744 2196 Rudolso
773 2161 846 2195 duci
875 2161 1023 2193 Saxonie
1052 2163 1083 2192 et
1111 2170 1225 2192 eorum
1249 2158 1432 2193 feudalibus
1455 2186 1461 2193 .
1484 2158 1655 2204 Stephano
1676 2158 1716 2191 de
1737 2157 1952 2192 l'arcliowiez

106 2223 241 2262 Jesconi
271 2223 438 2268 Buseway
468 2223 615 2257 heinrico
644 2222 848 2256 Laudiseron
879 2225 910 2254 et
938 2220 1066 2253 luthero
1096 2219 1135 2253 de
1165 2218 1400 2253 Schellendors
1432 2223 1523 2265 ipsos
1558 2219 1598 2252 de
1633 2221 1832 2263 capitaniatu
1867 2218 1952 2252 dicte

106 2288 247 2319 ciuitatis
275 2287 375 2318 castri
403 2289 435 2318 et
461 2289 550 2318 terre
581 2283 745 2328 Glogouie
773 2287 805 2317 et
833 2282 872 2316 (1(-
901 2280 1052 2315 omnibns
1081 2291 1194 2313 eornm
1224 2280 1397 2325 appendijs
1426 2285 1523 2314 antea
1562 2282 1708 2313 recitatis
1741 2290 1949 2325 nequaquam

107 2347 298 2387 destituere,
329 2344 512 2389 degradare
542 2345 596 2378 vel
625 2347 656 2377 in
695 2347 742 2377 eis
777 2343 926 2377 omnibus
962 2341 1142 2386 aliqualiter
1176 2341 1334 2386 impedire
1371 2368 1376 2374 .
1414 2341 1520 2375 donec
1559 2343 1606 2373 eis
1641 2342 1729 2384 prius
1765 2339 1828 2373 dno
1864 2340 1950 2373 milia

108 2418 291 2441 marcarum
322 2433 329 2439 .
359 2410 488 2439 centum
523 2416 651 2439 marcas
680 2409 713 2438 et
740 2407 857 2449 viginti
887 2405 1029 2447 quinque
1058 2412 1187 2434 marcas
1215 2412 1406 2445 grossorum
1435 2401 1577 2447 polonici
1598 2403 1787 2446 pagaiiienti
1809 2427 1815 2434 .
1838 2412 1950 2434 eoram

107 2467 298 2503 consulibus
335 2466 601 2510 legniczensibus
622 2465 811 2499 ‹letter-nnus
842 2469 872 2497 et
899 2463 1094 2497 solaci-iuius
1115 2462 1321 2505 integraliter
1349 2462 1438 2495 etad
1461 2462 1592 2506 plenum
1623 2488 1631 2494 .
1660 2465 1693 2494 ct
1720 2461 1826 2494 donec
1846 2464 1949 2494 eciam

108 2529 169 2563 sibi
205 2528 350 2563 redditus
386 2527 470 2560 dicte
499 2529 639 2560 ciuitatis
667 2529 769 2560 castri
797 2530 829 2559 et
857 2525 1020 2558 districtus
1048 2534 1107 2568 per
1135 2533 1197 2555 nos
1230 2522 1415 2568 deputatos.
1451 2525 1477 2555 si
1506 2521 1624 2555 alicubi
1661 2532 1720 2567 per
1748 2533 1809 2555 nos
1839 2526 1950 2554 essent

108 2589 210 2624 alcius
245 2600 340 2635 quam
376 2591 407 2622 in
445 2587 594 2621 ducentis
631 2590 750 2621 marcis
786 2586 948 2633 polonicis
984 2585 1133 2629 occupati
1169 2583 1461 2617 resormaucrinius
1496 2582 1549 2616 vel
1583 2582 1870 2616 emendauerimus
1906 2593 1947 2615 cx
