2184 2828
1001 108 1069 143 511

987 260 1094 295 (393.

117 345 388 390 Sehmcileselzre'ft
417 345 554 390 Ludwig]
582 346 641 379 des
672 346 780 380 Bm'er
806 358 914 391 yegyete
947 347 1036 380 lsai-l
1062 346 1123 380 IV.
1153 345 1554 380 retm'sele-ln'ilemz'sehen
1595 348 1707 392 [fancy
1741 348 1807 380 und
1834 347 1959 380 Mark—

437 409 558 451 yral'en
588 418 651 441 ron
681 408 836 442 Maleren.
894 408 952 441 Dt.
985 407 1186 444 Ratisboue,
1225 406 1297 440 t'II.
1328 406 1493 440 Jamcarii
1521 408 1631 441 1347.

268 482 485 536 Lvdovicvs
514 502 575 535 Dei
605 506 717 546 gracia
748 503 972 536 Romanorum
1000 502 1181 548 Imperator
1209 513 1342 547 semper
1368 502 1541 546 Augustus
1570 503 1696 537 Karvlo
1725 505 1777 549 qui
1808 514 1845 536 se
1873 505 1958 547 gerit

114 561 341 596 Marciiionem
370 563 520 596 Morauie
549 564 687 596 salutem
718 574 814 607 quam
844 568 997 608 pretextu
1028 565 1237 608 presencium
1267 567 1484 608 promeretur.
1522 563 1704 608 Imperialis
1734 564 1958 598 Romanorum

113 622 272 656 Maiestas
302 628 469 669 sceptrum
499 623 607 657 diuina
636 627 879 669 preparat-ione
909 624 1054 664 ducens,
1085 628 1234 656 eternum
1264 623 1382 656 solium
1411 623 1516 667 glorie
1546 624 1734 669 possidens,
1766 627 1838 658 siue
1866 626 1959 656 cuius

113 683 297 717 celsitudini
328 688 460 717 terrena
491 683 719 717 orbicularitas
749 685 837 717 velut
867 685 1044 718 scabellum
1076 684 1193 730 pedum
1223 683 1394 717 subiicitur
1422 687 1600 729 omniaque
1620 696 1797 725 regnorum
1828 685 1957 717 climata

113 755 130 777 a
152 743 215 777 line
237 755 341 788 vsque
362 744 400 777 ad
423 744 519 777 tinem
549 748 698 778 seruiunt
727 749 758 778 et
786 748 936 777 vninersi
966 745 1075 778 mundi
1097 745 1238 789 dignitas
1265 745 1303 777 ad
1326 749 1435 778 nutum
1465 748 1601 790 promtis
1622 745 1791 790 obsequiis
1811 744 1960 778 indeside

114 805 295 847 ancillatur,
326 809 355 838 et
385 804 570 849 digniorem
600 804 660 838 sibi
690 808 846 838 nesciens
875 805 1086 847 dominatum,
1117 805 1259 850 nunquid
1290 809 1421 838 terrene
1442 808 1614 851 potestatis
1643 805 1766 838 timebit
1794 805 1957 839 insultum.

114 870 190 898 ante
219 868 311 898 cuius
341 870 557 911 conspectum
586 865 729 898 barbare
749 868 1007 899 contremiseunt
1034 869 1204 902 naciones.
1235 870 1288 899 ant
1308 866 1480 911 columpna
1504 870 1603 899 totam
1635 866 1743 899 mundi
1774 866 1958 899 mat-binam

113 930 302 959 sustentans
336 937 395 971 per
433 926 648 959 vermiculum
680 926 769 959 velut
798 926 897 959 edera
927 926 1131 960 corrodetur.
1176 926 1375 959 Estimamus
1404 926 1488 972 quod
1520 930 1570 960 sui
1599 931 1787 972 potentatus
1817 929 1958 970 insignia

113 986 225 1020 radice
255 986 516 1019 immarcescibili
547 989 578 1019 in
609 989 709 1031 petris
739 986 933 1020 firmissimis
963 987 1130 1027 stabilitae„
1160 990 1220 1020 uisi
1251 987 1423 1020 stultorum
1453 990 1592 1021 vesania
1622 990 1695 1020 ocia
1725 986 1959 1030 subterfugere

113 1058 150 1080 se
179 1046 336 1080 simulans
364 1049 511 1092 ymagini
541 1046 715 1080 fantastice
745 1047 799 1080 dat
827 1058 962 1092 operam
991 1052 1020 1080 et
1049 1047 1169 1081 frenesi
1191 1047 1398 1093 chymerine.
1428 1051 1546 1092 putans
1576 1047 1660 1093 quod
1692 1058 1812 1093 rapere
1841 1046 1959 1080 debeat

111 1110 183 1141 ouis
221 1108 328 1152 lupum
367 1112 421 1140 aut
457 1107 594 1140 formica
632 1107 761 1141 leonem
799 1107 1009 1141 fortissimum
1047 1109 1157 1141 valeat
1190 1108 1360 1152 deglutire.
1418 1107 1578 1141 Miramur
1615 1108 1775 1153 siquidem
1814 1118 1892 1153 ymo
1927 1110 1959 1140 in

111 1167 309 1201 cachinnum
345 1167 555 1209 deducimur,
590 1168 676 1212 quod
712 1169 833 1201 lumine
868 1169 1025 1202 naturalis
1060 1169 1217 1202 industrie
1251 1172 1417 1202 exstincto
1446 1172 1573 1213 apicem
1603 1168 1769 1213 dignitatis
1799 1167 1957 1214 predicte„

112 1239 208 1273 quam
244 1228 385 1262 Domino
423 1229 558 1262 favente
592 1232 868 1263 vicmriosissime
902 1233 1067 1274 gerimus.
1104 1232 1173 1263 siue
1208 1230 1358 1263 manibus
1396 1230 1448 1263 vel
1478 1230 1582 1263 oculis
1621 1240 1740 1262 carens
1775 1233 1958 1274 atemptare

111 1292 273 1335 presumis
294 1294 325 1323 et
347 1290 484 1323 eandem
516 1301 579 1323 non
610 1294 748 1323 vocatus
778 1295 832 1323 tue
861 1294 912 1323 vis
942 1293 1066 1323 inercie
1087 1301 1260 1335 vsurpare,
1291 1301 1364 1323 cum
1394 1294 1502 1323 tamen
1533 1293 1682 1335 spiritum
1712 1289 1818 1323 adbuc
1838 1289 1960 1322 habeat

110 1353 203 1384 cuius
237 1350 352 1384 fauore
387 1355 417 1383 tu
453 1354 553 1384 vitam
590 1353 678 1394 geris
719 1354 854 1396 eiusque
890 1354 1003 1395 grat-ia
1035 1350 1136 1384 babes
1166 1362 1229 1395 que
1258 1354 1288 1384 in
1326 1355 1379 1384 tua
1408 1350 1536 1384 detines
1565 1354 1740 1396 potestate.
1797 1350 1864 1383 Aut
1893 1361 1958 1383 uon

111 1411 280 1457 protendis
315 1416 434 1456 quanta
472 1414 665 1445 strenuitate
704 1411 888 1457 Principum
928 1416 959 1444 et
988 1412 1094 1444 electe
1124 1411 1241 1444 milicie
1270 1410 1498 1444 innumerabili
1535 1413 1630 1456 copia
1660 1413 1749 1444 curia
1780 1415 1890 1443 nostra
1920 1413 1961 1443 sit

111 1474 241 1517 stipatm
273 1474 325 1517 qni
355 1483 428 1505 cnm
458 1472 588 1505 villanis
619 1473 797 1505 vinolentis
829 1483 886 1517 per
914 1475 1054 1517 compita
1085 1471 1273 1506 discurrens
1304 1476 1447 1505 nostram
1469 1472 1611 1516 gloriam
1634 1472 1806 1505 annullare
1836 1474 1958 1517 queris,

110 1543 208 1577 quam
238 1543 353 1565 errore
382 1533 542 1566 frenetico
572 1533 728 1566 seductus
758 1536 894 1566 estimas
925 1533 1074 1565 arundini
1104 1533 1242 1566 similem
1271 1537 1304 1566 et
1332 1537 1434 1567 vonto
1464 1536 1630 1577 agitatam.
1676 1532 1849 1576 Recollige
1884 1535 1958 1577 quia

109 1593 254 1626 nondum
293 1596 385 1626 venit
426 1593 505 1626 liora
537 1598 571 1626 vt
598 1597 720 1639 pigmei
750 1593 790 1626 de
820 1593 917 1626 Iudea
948 1598 1071 1626 statura
1109 1593 1223 1626 cubica
1259 1594 1430 1627 euolantes
1460 1593 1651 1627 soi-titudine
1679 1596 1822 1637 gnauica
1852 1597 1959 1626 terras

109 1656 313 1699 gygancium
343 1653 519 1687 detrahere
549 1653 693 1687 debeant
722 1657 753 1687 in
783 1657 894 1687 ruinas
924 1659 955 1687 et
986 1658 1019 1687 vt
1047 1657 1168 1699 pigmei
1199 1653 1228 1687 id
1250 1658 1299 1687 cst
1320 1653 1472 1687 homines
1502 1653 1696 1687 bicubitales
1727 1656 1779 1698 qni
1810 1656 1842 1687 in
1871 1663 1958 1686 anno

110 1716 214 1747 tercio
243 1719 400 1748 crescunt
428 1714 468 1748 ad
498 1714 679 1760 perfectam
710 1718 924 1758 ‹punititatem
961 1719 992 1747 et
1022 1717 1051 1747 in
1081 1717 1220 1759 septimo
1249 1726 1336 1748 anno
1368 1719 1551 1748 senescunt
1579 1719 1610 1748 et
1639 1717 1819 1747 moriuntur
1848 1717 1958 1759 impe-

110 1778 182 1808 rent
217 1775 432 1820 gygantibus.
490 1774 667 1808 Hortamur
708 1775 848 1808 fideliter
885 1775 1064 1808 suadentes
1100 1779 1134 1808 vt
1169 1774 1223 1808 tibi
1253 1779 1285 1808 et
1314 1778 1376 1809 tuis
1405 1778 1517 1808 sanius
1547 1775 1723 1808 consulere
1753 1774 1894 1814 debeas,
1925 1779 1959 1807 vt

110 1840 251 1868 caueant
279 1835 450 1869 effundere
479 1839 676 1880 sanguinem
706 1839 916 1869 innocentem
946 1840 975 1868 et
1006 1840 1061 1868 tuo
1090 1846 1203 1868 errore
1225 1835 1376 1881 deposito
1406 1847 1566 1881 properes
1595 1835 1779 1879 confugere
1801 1838 1831 1868 in
1852 1838 1956 1868 sinum

110 1895 292 1929 clemencie
321 1897 500 1942 imperialis
529 1900 660 1930 veniam
690 1896 730 1929 de
759 1900 855 1929 tantis
885 1896 1082 1929 excessibus
1112 1898 1311 1942 pasciturus,
1341 1907 1403 1941 que
1432 1896 1538 1930 adbuc
1559 1896 1599 1929 de
1619 1899 1727 1929 innata
1755 1895 1957 1939 benignitate

114 1960 226 1999 parata
263 1961 315 1990 est
351 1960 499 2001 graciam
536 1968 601 1990 non
637 1957 818 2001 denegare.
860 1957 953 1990 Alias
991 1960 1016 1990 si
1051 1961 1081 1990 tu
1115 1957 1255 1990 stulticia
1292 1956 1525 1991 abliominabili
1561 1956 1743 1990 obstinatus
1772 1958 1957 2001 perstiteris

112 2026 241 2049 omnem
270 2020 457 2062 potenciam
488 2023 575 2051 tuam
606 2018 646 2051 de
675 2030 813 2064 sompno
843 2029 902 2051 nos
931 2017 1128 2057 ‹=11i‹„¹„·ilaiites
1149 2021 1297 2062 tempore
1317 2018 1463 2051 vindicte
1484 2018 1574 2051 velut
1603 2021 1720 2051 testam
1752 2016 1840 2060 figuli
1870 2027 1957 2049 con—

114 2080 256 2109 teremus
285 2082 316 2110 et
335 2078 609 2122 quemadmodum
630 2080 710 2112 solis
731 2079 913 2112 atliomaeia
937 2081 967 2110 in
989 2077 1120 2110 nibilum
1143 2077 1342 2121 redigemus.
1374 2078 1491 2111 Datum
1515 2078 1697 2123 Ratispoue
1717 2088 1804 2110 anno
1825 2076 1956 2110 Domini

113 2134 365 2171 MCCCXLVH.
397 2138 469 2172 Vll.
501 2139 553 2172 die
582 2143 706 2173 mensis
736 2140 879 2173 ianuarii
909 2139 1017 2182 Regni
1048 2141 1151 2172 nostri
1181 2138 1338 2172 XXXIII.
1368 2138 1499 2184 Imperii
1531 2150 1612 2172 vero
1641 2138 1716 2171 XX.

419 2235 613 2268 (Abgedruckt
636 2236 677 2261 bei
703 2236 787 2261 Peizel
813 2235 842 2260 Κ.
869 2235 928 2260 Karl
955 2235 998 2260 lV.
1025 2234 1043 2260 1.
1065 2235 1111 2260 Th.
1137 2234 1354 2261 Urkundenbueh
1378 2236 1404 2260 S.
1421 2235 1458 2261 39
1477 2244 1501 2261 n.
1521 2234 1664 2261 xxxvm
1691 2241 1738 2259 aus
1764 2233 1822 2259 dem
1847 2234 1953 2264 gleich-

522 2288 635 2318 mugen
661 2287 848 2322 Copiarbuelie
879 2287 927 2312 der
951 2286 1081 2312 Klement.
1111 2286 1261 2312 Bibliotliek
1288 2287 1315 2313 Y.
1341 2287 1355 2314 l.
1383 2287 1410 2313 3.
1442 2303 1468 2306 -ο
1503 2287 1593 2320 vergi,
1627 2286 1741 2318 Regesta
1766 2287 1866 2320 imperii
1891 2286 1953 2312 Joh.

521 2339 622 2367 Friedr.
648 2339 762 2365 801111181-
786 2341 812 2366 S.
843 2339 895 2364 101
926 2347 949 2364 11,
976 2338 1084 2370 2550.)
