2184 2828
1023 99 1097 134 809

137 217 302 252 ecclesiae
331 216 642 262 Wyssegradensis
677 228 715 251 ac
751 216 885 251 officiali
914 219 1027 251 curiae
1057 216 1236 261 Pragensis
1270 217 1409 251 salutem
1439 222 1471 253 in
1500 219 1633 254 domino
1662 225 1697 254 et
1725 220 1867 255 debitam
1897 220 1987 256 obe-

138 277 294 312 dientiam
323 280 356 311 in
384 279 583 311 commissis.
615 278 696 312 Cum
724 282 838 312 contra
868 277 983 312 literas
1019 277 1140 311 domini
1175 276 1335 322 Rigensis
1371 276 1631 327 archiepiscopi,
1666 285 1861 316 executoris
1891 282 1984 317 sedis

140 338 358 384 apostolicae.
388 342 421 371 et
455 342 570 372 contra
606 344 737 373 nostras
773 339 921 373 decanus
960 339 994 373 S.
1029 338 1139 383 Egidii
1175 337 1361 383 Gregorius
1397 339 1497 374 faciat
1533 344 1565 375 in
1594 341 1834 387 praejudicium
1865 343 1985 378 decani

137 400 300 445 praedicti
331 398 630 443 wissegradensis
659 401 828 434 ecclesiae
858 400 1133 434 denunciationes
1165 402 1273 433 minus
1304 401 1424 443 justas.
1455 407 1592 448 propter
1627 403 1713 448 quod
1742 414 1810 437 non
1839 409 1890 438 est
1919 404 1988 438 du-

136 458 236 501 bium,
271 462 378 505 ipsum
414 464 599 494 sententias
635 463 991 494 excommunicationis
1024 463 1186 494 incurisse
1220 464 1285 494 tam
1321 460 1408 494 illius
1443 473 1539 507 quam
1574 469 1724 498 nostras:
1755 475 1856 510 quare
1885 465 1984 499 vobis

135 521 168 553 in
197 523 321 554 virtute
350 525 488 554 sanctae
517 520 728 555 obedientiae
757 526 790 555 et
820 521 880 555 snb
910 524 1267 556 excommunicationis
1293 532 1414 566 poena,
1443 534 1540 568 quam
1566 527 1598 558 in
1625 536 1687 559 vos
1712 527 1744 558 in
1769 525 1830 559 hiis
1852 528 1983 571 scriptis

135 579 347 626 proferimus,
377 581 514 615 duorum
545 582 671 615 dierum
701 586 883 616 monitione
911 585 1107 628 praemissa,
1137 585 1164 616 si
1192 593 1259 616 non
1287 581 1446 625 feceritis,
1475 584 1562 630 quod
1588 585 1793 629 mandamus,
1822 591 1985 631 quatenus

136 641 344 687 praedictum
376 641 575 686 Gregorium
606 647 770 689 tamquam
806 646 1132 677 excommunicatum
1168 646 1200 677 in
1231 643 1354 687 judicio
1388 649 1503 678 vestro
1540 644 1580 678 ab
1615 645 1742 680 actibus
1773 647 1985 691 judicialibus

136 702 317 748 repellatis,
348 707 379 736 et
408 714 483 737 eum
512 708 545 736 ut
575 707 900 738 excommunicatum
934 708 966 737 in
1002 703 1152 738 omnibus
1191 707 1335 738 evitetis.
1378 704 1497 739 Datum
1527 708 1559 739 in
1588 706 1753 751 Pragensi
1782 712 1892 742 castro
1923 708 1984 744 sub

137 766 232 797 annis
261 763 448 798 dominicae
476 766 713 798 incarnationis
742 765 914 799 millesimo
944 768 1178 799 trecentesimo
1207 765 1336 799 decimo
1364 776 1465 809 nono,
1493 766 1536 800 X.
1567 767 1736 802 Kalendas
1762 768 1982 816 Septembris.

617 825 786 870 (Sigillum
815 837 915 860 unum
945 826 1120 872 appendet,
1151 825 1289 860 alterum
1319 826 1503 874 avulsum.)

444 904 533 938 (Nach
559 906 633 930 einer
658 905 797 931 Abschrift
820 907 852 931 im
878 906 903 931 k.
930 905 1019 931 bolim.
1044 905 1162 931 Museum
1184 914 1216 931 zu
1241 906 1309 940 Prag
1333 914 1379 932 aus
1404 907 1463 933 dem
1489 907 1563 941 Orig.
1586 907 1634 934 des
1651 907 1837 941 Wysetirader
1860 910 1985 944 Kapitel-

540 957 672 983 arcliives.
701 973 734 976 —
761 958 822 984 Yon
848 958 898 983 den
923 959 989 984 zwei
1015 957 1126 991 Sigillen
1149 958 1183 984 ist
1208 958 1256 984 das
1280 960 1375 984 zweite
1401 959 1589 994 abgerissen.)

1012 1130 1118 1165 200.

281 1186 423 1252 Konig
451 1207 584 1241 Johann
620 1218 686 1241 von
715 1207 864 1242 Bohmen
898 1208 1086 1254 verspricht
1121 1209 1173 1243 die
1207 1209 1304 1244 Mark
1337 1210 1504 1254 Budissin,
1543 1211 1784 1246 insbesondere
1819 1212 1898 1247 aber
1933 1212 1985 1247 die

137 1267 252 1302 Stadte
281 1267 448 1311 Budissin,
479 1267 624 1302 Camenz
653 1269 718 1302 und
747 1268 859 1303 Lobau
888 1269 1005 1303 weder
1030 1281 1070 1303 zu
1095 1270 1282 1305 verkaufen
1310 1271 1396 1305 noch
1423 1283 1462 1305 zu
1482 1270 1721 1316 vertauscliem
1744 1273 1809 1307 und
1829 1278 1986 1308 erneuert

134 1327 208 1363 ihre
235 1328 439 1374 Privilegien
467 1329 533 1363 und
562 1329 702 1363 Rechte.
732 1329 785 1364 Dt.
815 1329 959 1376 Pragae7
988 1329 1028 1364 II.
1059 1330 1198 1365 Kalend.
1231 1331 1417 1378 Septembr.
1448 1333 1526 1379 (31.
1556 1334 1710 1379 August)
1742 1334 1851 1369 1319.

445 1408 561 1441 (Kohler
585 1409 651 1435 Cod.
677 1409 739 1443 dipl.
764 1409 852 1435 Lusat.
878 1417 969 1444 super.
995 1418 1020 1444 p.
1050 1409 1117 1437 164.
1143 1419 1167 1436 n.
1191 1410 1269 1438 CXII.
1295 1411 1362 1437 nach
1394 1413 1469 1438 einer
1498 1413 1647 1439 vidimirten
1680 1413 1763 1448 Copie
1795 1422 1818 1439 ν.
1851 1413 1874 1440 J.
1904 1414 1983 1440 1490

547 1462 579 1486 im
606 1461 735 1487 Bautzner
762 1459 978 1491 Rathsarcllivc.)

1012 1624 1119 1660 201.

281 1682 421 1747 Konig
449 1702 581 1736 Johann
610 1714 677 1736 von
707 1702 856 1737 Bc'jhmen
886 1703 1042 1737 verkauft
1072 1703 1134 1738 den
1164 1704 1317 1750 Burgern
1347 1718 1387 1740 zu
1410 1706 1565 1742 Budissin
1588 1711 1674 1743 zwei
1699 1708 1763 1743 ihm
1788 1710 1986 1755 zusta'ndige

135 1761 273 1796 Denare
301 1765 343 1797 im
374 1762 530 1797 Gerichte
559 1762 703 1797 daselbst
732 1763 783 1797 fiir
813 1764 885 1797 150
917 1763 1051 1798 Schock
1082 1764 1254 1800 Groschen
1285 1766 1410 1812 Prager
1437 1768 1625 1813 Wahrung.
1665 1770 1727 1804 Als
1755 1770 1895 1816 Zeugen
1924 1782 1985 1805 er-

137 1822 317 1858 scheinen:
347 1823 481 1867 illustris
510 1824 683 1871 Nycolaus
713 1824 780 1858 dux
811 1823 973 1871 Oppauie‚
1005 1829 1158 1871 princeps
1189 1832 1303 1861 noster
1332 1828 1481 1872 dilectus,
1511 1830 1628 1864 fideles
1657 1834 1759 1865 nostri
1787 1831 1917 1877 Thymo
1944 1832 1985 1866 de

137 1881 261 1918 Colticz
289 1889 321 1918 et
348 1883 568 1919 Fridmannus
599 1885 638 1919 de
668 1886 769 1919 Sman
799 1890 830 1919 et
860 1886 911 1930 alij
943 1896 1038 1930 quam
1067 1886 1180 1932 plures
1215 1887 1278 1921 lide
1307 1887 1408 1934 digni.
1441 1890 1495 1925 Dt.
1523 1894 1555 1925 in
1582 1896 1691 1926 castro
1716 1891 1802 1938 apud
1836 1891 1984 1936 0elsntz,

136 1942 180 1977 X.
208 1943 282 1979 Kal.
312 1944 448 1980 Octobr.
479 1945 557 1991 (22.
588 1946 776 1992 Septemb.)
810 1945 917 1980 1319.

442 2025 562 2058 (Kohter
586 2025 652 2051 Cod.
678 2025 741 2060 dipl.
766 2025 854 2051 Lusat.
880 2034 969 2059 super.
996 2034 1021 2060 p.
1051 2025 1118 2052 172.
1145 2035 1169 2052 n.
1193 2027 1284 2054 CXVI.
1309 2037 1357 2055 aus
1379 2030 1437 2056 dem
1455 2031 1529 2066 Orig.
1554 2033 1587 2058 im
1604 2032 1753 2058 Bautzener
1773 2032 1984 2066 Stadtarchive.)

1012 2198 1118 2233 202.

293 2252 482 2317 Heinrich,
503 2274 640 2320 Herzog
664 2279 696 2310 in
725 2275 910 2310 Schlesien.
936 2275 1022 2309 Herr
1049 2288 1088 2310 zu
1109 2277 1212 2311 Jauer
1236 2278 1301 2312 und
1322 2279 1561 2326 Ftirstenberg.
1592 2281 1732 2315 sclienkt
1757 2282 1833 2317 dem
1852 2282 1984 2329 Konige

136 2332 268 2367 Johann
297 2343 363 2366 von
393 2332 540 2369 Bohmen
569 2336 632 2370 alle
661 2336 803 2379 Rechte,
834 2335 965 2370 welche
995 2336 1059 2371 ihm
1089 2337 1147 2371 auf
1171 2338 1224 2372 die
1252 2338 1392 2375 Marken
1421 2342 1587 2377 Budissin.
1614 2342 1723 2377 Lebus
1747 2343 1813 2377 und
1837 2343 1983 2383 Lausitz,

138 2403 177 2428 so
206 2396 274 2427 wie
303 2392 362 2427 auf
387 2392 439 2427 die
468 2394 561 2429 Stadt
589 2396 766 2431 Frankt'urt
802 2408 841 2431 an
878 2397 937 2430 der
972 2396 1062 2431 Oder
1095 2397 1268 2443 gebtihren
1305 2401 1471 2437 mochten.
1512 2403 1616 2437 Unter
1651 2403 1712 2437 den
1748 2404 1886 2450 Zeugen
1923 2416 1983 2439 er-

137 2453 314 2487 scheinen:
346 2453 474 2496 With),
503 2454 683 2491 Misnensis
713 2461 901 2504 episcopus
933 2457 1065 2491 illustris
1095 2461 1250 2506 princeps
1280 2460 1430 2497 dominus
1458 2463 1628 2506 Nicolaus‚
1665 2464 1732 2499 dux
1767 2464 1980 2512 Opaviensis.

136 2524 200 2547 nec
227 2525 293 2548 non
322 2513 450 2548 nobiles
478 2518 552 2549 viri.
591 2516 712 2552 domini
742 2518 859 2552 Petrus
889 2517 929 2551 de
959 2517 1169 2564 Rosenherg.
1200 2519 1399 2556 Wilhelmus
1434 2523 1474 2557 de
1507 2523 1699 2566 Landstein,
1733 2525 1842 2560 Hinko
1877 2526 1983 2561 dictus

138 2573 247 2608 Berka
278 2574 318 2608 de
348 2574 452 2608 Duba.
484 2573 601 2609 Tliima
637 2577 677 2612 de
715 2578 850 2621 Coldstz,
887 2578 1108 2621 Friedericusi
1143 2579 1363 2624 Hei-mannus
1402 2583 1542 2618 Friczko
1576 2583 1697 2620 fratres
1727 2586 1768 2620 de
1798 2586 1985 2622 Schonen-
