2184 2828
1030 85 1099 119 157

1009 203 1116 238 218.

144 265 261 299 Ulriclz
290 276 352 298 ton
374 264 537 298 Neuhaus
565 263 697 297 carli-[art
725 265 778 297 die
806 266 872 308 auf
892 267 1006 298 see'uen
1031 264 1158 297 Genera
1180 262 1385 296 besteleendc
1407 263 1638 305 Geerolmleeil,
1665 262 1750 295 noch
1773 262 1919 295 zrelcher
1938 262 1992 295 die

142 327 249 359 Ge'lter
267 324 508 358 cer-storbener
527 324 734 368 Seelsorqer
753 325 836 358 odet·
854 325 1040 369 erledz'qler
1059 324 1207 368 Psarren
1227 335 1290 357 ϊοη
1311 325 1426 357 seinen
1456 324 1644 367 l'orsahren
1666 323 1731 356 mni
1748 322 1989 356 Gutsbeamten

138 388 172 419 in
198 385 319 420 Besitz
345 397 540 429 qenommen
569 385 636 418 und
661 396 826 429 yenossen
864 386 1009 427 eom-den,
1038 385 1091 418 als
1119 385 1180 418 (len
1202 384 1428 418 canom'sclzeu
1453 384 1619 418 Gesetz-en
1641 385 1789 418 suicide!-
1818 384 1883 416 and
1911 383 1989 417 heht

189 446 339 480 doe'eselbe
367 447 436 490 auf.
466 446 526 479 Dl.
548 445 587 479 Iu
616 445 825 489 Nocadomo,
856 447 888 479 in
917 450 1041 479 octana
1062 446 1100 480 S.
1121 445 1266 479 Martini
1293 447 1446 489 episcope·
1475 444 1555 487 (18.
1582 444 1793 488 November]
1827 444 1937 478 1338.

293 505 339 558 ln
368 526 502 557 nomine
530 523 663 558 Domini
692 524 813 558 Amen.
871 523 1032 565 Quoniam
1071 535 1140 569 quae
1171 528 1247 557 sunt
1275 523 1396 557 Contra
1426 522 1614 557 Canonicas
1643 523 1855 565 Sancttones,
1888 522 1989 556 celeri

138 589 213 618 sunt
242 584 348 618 studio
378 584 604 618 submouenda
635 584 710 618 hinc
739 589 790 618 est
819 585 903 630 quod
924 596 986 619 nos
1008 585 1136 619 Uli-icus
1158 584 1198 618 de
1217 583 1414 618 Nouadomo
1434 584 1656 626 attendentes‚
1679 583 1763 630 quod
1785 582 1990 617 consuetudo

138 649 170 679 in
199 648 307 688 terris,
343 650 374 679 et
408 644 681 691 possessionibus
716 647 851 687 nostris
888 646 1041 692 exemplo
1082 648 1264 692 pernitioso
1299 645 1472 679 multarum
1509 647 1648 691 partium
1685 647 1992 691 circumpositarum

137 717 198 753 per
225 706 487 752 predecessores
516 710 548 739 et
582 705 744 739 officiales
780 710 914 739 nostros
950 707 1109 740 hactenus
1138 709 1356 752 perniciosius
1385 705 1564 739 obseruata
1600 708 1639 739 sit
1668 709 1776 751 potius
1805 705 1992 751 corruptela

138 778 211 801 cum
245 766 359 801 obviet
393 769 563 800 canonicis
597 769 765 809 institutis,
802 770 983 800 occasione
1025 770 1116 801 cuius
1152 767 1400 800 consuetudinis
1435 769 1499 800 imo
1535 769 1643 812 potius
1686 766 1881 812 corruptelzr
1917 765 1993 799 dicti

138 827 417 874 praedecessores,
461 839 500 861 ac
543 827 712 861 Ofliciales
757 831 872 864 nostri.
916 828 1001 861 bona
1044 827 1280 865 Ecclesiarum,
1327 827 1544 861 morientibus
1590 830 1736 873 ipsarum
1777 826 1991 861 Rectoribus.

139 888 325 934 Capellanis
354 891 486 931 nostris,
515 891 652 922 inventa
679 899 739 922 seu
760 888 893 922 dimissa
914 889 968 923 vel
989 894 1135 935 tempore
1154 891 1350 923 vacacionis
1371 891 1513 934 ipsarum
1536 888 1761 922 Ecclesiarum
1783 887 1992 921 obuenientia

137 948 344 995 occupabant
380 977 387 983 .
424 952 493 983 suis
529 949 583 983 vel
618 951 650 983 in
686 952 806 983 nostris
846 949 958 983 usibus
992 951 1205 996 applicantes,
1242 949 1407 986 volumus„
1446 952 1629 991 statuimus,
1661 953 1692 983 et
1720 949 1921 991 ordinamus,
1952 958 1991 980 ac

137 1011 285 1044 districte
313 1013 534 1056 praecipimus,
565 1014 597 1043 et
626 1010 831 1044 mandamus.
862 1010 1011 1044 omnibus
1040 1015 1071 1044 et
1100 1010 1238 1055 singulis
1275 1009 1479 1044 Oflicialibus
1512 1015 1542 1044 et
1572 1009 1710 1044 subditis
1739 1012 1873 1043 nostris.
1904 1020 1993 1055 quo-

136 1082 277 1116 cumque
305 1074 439 1104 nomine
468 1075 682 1113 censeantur,
713 1070 798 1115 quod
829 1070 986 1117 deinceps
1015 1071 1088 1105 talia
1118 1071 1230 1105 facere
1260 1083 1325 1105 non
1355 1076 1566 1117 praesumant,
1597 1073 1680 1104 sicut
1708 1073 1843 1116 cupiunt
1862 1080 1992 1115 poenam

137 1131 279 1165 debitam
309 1134 448 1174 evitare,
478 1135 544 1164 tam
569 1132 654 1175 juris
684 1143 779 1177 quam
810 1143 870 1178 per
898 1143 957 1165 nos
987 1135 1035 1165 eis
1061 1133 1252 1178 specialiter
1270 1131 1496 1177 infligendam.
1526 1131 1759 1166 Promittentes
1780 1131 1992 1165 nihilominus

137 1203 197 1239 per
230 1203 290 1226 nos
324 1195 414 1238 ipsos
451 1191 492 1226 ab
529 1192 716 1226 huiusmodi
751 1192 912 1226 bonorum
951 1193 1222 1239 occupationibus
1258 1192 1437 1227 abstinere.
1473 1192 1628 1239 quodque
1662 1192 1757 1226 nobis
1796 1192 1898 1226 licere
1927 1201 1992 1225 non

138 1256 290 1300 patimur,
320 1256 443 1287 nostris
472 1253 724 1287 successoribus
762 1253 956 1287 indicamus.
1013 1253 1136 1288 Verum
1172 1254 1257 1288 dicta
1298 1253 1385 1287 bona
1420 1257 1468 1288 sic
1504 1257 1640 1288 inventa
1676 1265 1734 1288 seu
1765 1253 1910 1291 dimissa„
1940 1251 1995 1285 vel

137 1319 284 1360 tempore
313 1317 507 1347 vacat-ionis
537 1313 747 1348 obuenientia
778 1326 837 1360 per
866 1315 947 1348 duos
976 1314 1139 1349 Plebanos
1168 1317 1310 1351 vicinos.
1332 1326 1405 1349 cum
1435 1314 1568 1349 officiali
1597 1319 1711 1348 nostro
1739 1314 1802 1348 loci
1832 1313 1993 1355 eiusdem„

137 1376 192 1408 vel
221 1375 284 1408 alio
313 1386 372 1420 per
400 1386 472 1410 nos.
502 1379 555 1408 aut
586 1386 804 1408 successores
841 1380 973 1409 nostros
1009 1376 1196 1421 specialiter
1229 1375 1429 1421 deputando.
1466 1375 1526 1409 sub
1562 1375 1648 1409 bono
1684 1377 1871 1409 testimonio
1907 1385 1994 1408 con-

137 1435 334 1477 scribantur,
364 1440 396 1469 et
424 1435 562 1469 fideliter
591 1447 651 1481 per
679 1447 737 1469 eos
769 1441 822 1470 aut
851 1447 1081 1469 successorem
1110 1439 1281 1470 morientis
1316 1436 1480 1475 Rectoris.
1516 1436 1556 1470 de
1586 1441 1698 1470 nostra
1730 1438 1935 1469 conscientia
1965 1439 1996 1468 et

138 1497 277 1530 consilio
313 1496 366 1530 vel
402 1507 637 1530 successorum
679 1502 880 1532 nostrorum.
916 1500 947 1530 ln
982 1497 1152 1531 utilitatem
1193 1500 1296 1544 ipsius
1331 1498 1520 1532 evidentem
1556 1497 1716 1531 Ecclesiae
1752 1497 1992 1531 convertenda.

138 1557 299 1591 Volumus
327 1561 438 1591 tamen
467 1557 583 1603 quodsi
612 1560 758 1591 moriens
778 1557 904 1591 Rector
933 1558 1038 1603 aliqua
1065 1557 1173 1591 debita
1194 1562 1408 1602 contraxerit,
1429 1570 1488 1605 pro
1509 1559 1645 1593 utilitate
1666 1558 1827 1592 Ecclesiae
1848 1558 1994 1591 evidenti

138 1618 193 1652 vel
222 1630 293 1664 quae
322 1618 467 1663 legitime
498 1621 624 1664 possint
652 1618 795 1664 probari.
827 1622 918 1652 tertia
947 1630 1024 1664 pars
1053 1617 1213 1652 bonorum
1234 1619 1393 1653 dictorum
1414 1619 1510 1653 cedat
1531 1623 1562 1653 in
1592 1620 1789 1654 solutionem
1810 1618 1993 1652 debitorum

138 1682 286 1725 ipsorum
314 1678 390 1713 Alia
419 1682 528 1713 omnia
564 1684 658 1725 prout
696 1691 797 1726 supra
834 1680 962 1721 dicitur,
998 1682 1028 1713 in
1067 1685 1281 1724 augmentum
1315 1680 1498 1714 reddituum
1529 1692 1586 1714 seu
1622 1683 1653 1714 in
1692 1680 1787 1714 aliam
1823 1680 1994 1713 utilitatem

139 1739 341 1783 evidentem,
359 1740 456 1773 cedat
472 1740 632 1774 Ecclesiae
649 1743 701 1774 cui
717 1740 906 1786 praefuerati
923 1743 975 1786 qui
992 1740 1122 1774 decedit
1140 1746 1173 1775 ut
1194 1744 1241 1775 sic
1261 1741 1440 1775 redditibus
1462 1744 1563 1787 ipsius
1585 1741 1744 1775 Ecclesiae
1765 1740 1994 1775 crescentibus

139 1803 344 1843 successiue‚
379 1805 411 1835 et
445 1801 571 1835 honore
604 1801 739 1835 dilatato
776 1802 924 1835 eiusdem
961 1801 1066 1835 cultus
1101 1804 1198 1835 etiam
1234 1801 1333 1836 diuini
1369 1805 1510 1836 nominis
1546 1806 1577 1836 et
1619 1802 1757 1848 amplius
1792 1804 1994 1836 sut-ctissiuis

139 1861 343 1907 temporibus
373 1865 531 1907 suscipiat
559 1865 810 1898 incrementum,
867 1862 1028 1896 Volentes
1065 1862 1276 1896 nihilominus
1312 1867 1345 1896 ut
1374 1863 1413 1896 de
1442 1863 1597 1909 predictis
1626 1863 1704 1896 liant
1733 1868 1873 1909 quatuor
1903 1866 1992 1908 paria

139 1922 317 1965 literarum,
360 1922 510 1967 eJusdem
553 1925 677 1957 tenoris
720 1922 759 1957 de
801 1923 906 1957 verbo
948 1922 987 1956 ad
1023 1922 1172 1966 uerbum,
1208 1934 1307 1957 unum
1344 1929 1537 1958 reservetur
1574 1926 1604 1957 in
1643 1924 1802 1968 pragensi
1839 1928 1871 1957 ct
1908 1923 1993 1956 aliud

141 1981 354 2016 Olomucensi
383 1985 554 2019 sacristiis-
584 1987 616 2017 et
643 1984 769 2030 reliqua
795 1983 858 2017 duo
880 1995 939 2030 per
959 1983 1121 2017 Plcbanos
1142 1988 1174 2017 et
1194 1982 1391 2029 Capellanos
1412 1989 1544 2018 nostros
1574 1989 1759 2018 seruentur.
1792 1985 1825 2017 ln
1856 1995 1994 2030 quorum

139 2045 283 2076 omnium
312 2046 535 2077 testimonium
565 2048 597 2077 et
625 2043 726 2078 robur
754 2049 947 2091 perpetuum
977 2044 1082 2089 sigilla
1113 2049 1258 2078 nostrum
1289 2050 1321 2078 et
1348 2045 1564 2079 Dominoruni
1594 2045 1680 2079 Petri
1712 2045 1751 2078 de
1772 2044 1994 2090 Rosenbergk

141 2108 172 2136 et
201 2103 368 2137 Wilbelmi
398 2104 439 2138 de
459 2104 649 2150 Landsteyn
671 2105 888 2151 praesentibus
909 2105 1062 2138 «luximus
1083 2105 1311 2151 appendenda.
1344 2106 1383 2139 Et
1403 2106 1612 2140 nihilonimus
1633 2106 1739 2151 sigilla
1761 2106 1994 2150 religiosorum

142 2167 287 2197 virorum
317 2164 353 2198 F.
383 2164 420 2199 F.
453 2165 537 2199 Galli
567 2165 822 2200 Praedicatorum
853 2171 885 2200 et
915 2166 1000 2199 Petri
1040 2168 1245 2199 minimorum
1276 2166 1436 2200 Ordinuni
1473 2166 1716 2213 Inquisitoruiu‚
1754 2166 1934 2211 Pragcnsis
1964 2172 1995 2201 ct

141 2224 372 2259 olomucensis
410 2225 602 2260 Diocesium
633 2226 795 2261 haeretieae
824 2229 992 2273 prauitatis
1035 2238 1051 2259 a
1092 2226 1180 2259 Sede
1215 2227 1408 2272 Apostolica
1452 2228 1680 2274 deputatorum
1723 2226 1762 2261 ad
1805 2230 1993 2261 instantiam

141 2289 286 2319 nostram
321 2285 444 2319 eisdem
482 2287 691 2332 presentibus
725 2292 799 2321 sunt
837 2298 992 2333 appensa.
1051 2286 1113 2328 Qui
1150 2287 1223 2321 huic
1261 2292 1379 2321 nostra·
1410 2289 1580 2325 voluntati,
1617 2292 1747 2331 statuto,
1783 2289 1994 2331 ordinationi⁷

141 2350 307 2392 praecepto
337 2351 368 2378 et
397 2348 549 2381 mandato
579 2348 653 2381 dum
684 2360 743 2394 per
772 2360 833 2382 nos
864 2349 990 2381 tierent.
1022 2353 1203 2393 prwscntcs
1233 2348 1362 2381 suerunt
1391 2354 1421 2382 et
1451 2350 1503 2392 alij
1534 2353 1637 2382 testes
1657 2350 1784 2394 plurimi
1807 2349 1870 2383 lide
1891 2350 1992 2395 digni.

142 2407 260 2440 Actum
292 2411 323 2440 et
353 2406 462 2440 datum
492 2411 521 2441 in
552 2408 748 2442 Nouadoino
777 2412 807 2442 in
845 2409 961 2442 Castro
1000 2407 1122 2442 Nostro
1159 2410 1257 2442 Anno
1295 2409 1416 2443 domini
1451 2408 1779 2444 Mottoxxxvllw.
1809 2413 1841 2444 in
1871 2415 1991 2444 octava

142 2467 178 2501 S.
208 2466 339 2501 Martini
370 2467 525 2514 Episcopi
554 2473 586 2502 et
615 2469 839 2503 Conl'essoris.

451 2529 534 2561 (Nacta
563 2530 612 2556 der
646 2531 959 2563 Restatiguugsurkumlc
988 2530 1036 2555 des
1061 2531 1160 2559 Prasser
1189 2531 1377 2557 Erzbiscbol‘es
1408 2531 1503 2557 Erue-st
1532 2540 1590 2557 vom
1623 2531 1672 2558 25.
1704 2533 1761 2566 ttlaj.
1795 2531 1886 2562 1361,
1911 2533 1994 2558 deren

555 2582 691 2608 Abscbrift
714 2585 747 2609 ini
774 2584 888 2609 Art-inve
914 2583 961 2607 der
986 2583 1082 2608 craten
1108 2576 1204 2609 Cei-nin
1229 2591 1259 2608 zu
1285 2584 1407 2609 Neutwns
1438 2584 1494 2613 (Nr.
1524 2583 1570 2609 10.
1600 2584 1624 2610 1.
1654 2585 1677 2611 1.
1708 2584 1747 2615 1.)
1771 2585 1828 2611 sicli
1853 2585 1995 2617 belinae-t.)
