2184 2828
1052 115 1126 149 424

167 237 376 279 guntiueusi.
406 237 457 281 qui
488 238 537 267 est
566 244 623 278 pro
653 237 819 278 tempore¹>
856 244 894 266 ac
925 235 983 277 ipsi
1015 231 1158 264 ecclesie
1188 230 1433 275 Maguntinensi
1468 244 1485 265 a
1522 232 1663 266 Civitate
1690 232 1914 273 Mawittineusi
1951 244 2009 277 per

169 296 341 328 duodecim
372 295 476 328 dietas
507 294 558 326 vel
588 296 676 326 eirca
706 293 883 327 distabanh
914 297 945 325 et
973 292 1058 336 quod
1088 291 1198 324 Incole
1228 292 1304 325 dicti
1335 291 1441 335 Regni
1469 296 1522 338 qui
1551 293 1725 326 locuuntur
1754 293 1885 338 ydioma
1907 292 2009 326 Scla-

167 359 322 389 vouicum
352 358 485 389 omniuo
515 354 684 387 diversum
714 358 745 386 et
774 364 838 386 non
869 351 1073 395 intelligibile
1103 352 1218 385 incolis
1256 352 1392 385 aliorum
1422 351 1675 398 Episcopatuum
1706 353 1791 386 dicte
1820 353 2007 391 Provincie„

167 419 219 462 qui
242 427 357 461 purum
380 414 512 460 vdioiua
534 413 796 446 'l'heottioiacum
826 413 910 457 loqui
942 416 1136 445 noscuntur.
1167 416 1260 445 eraut
1280 416 1376 456 prout
1397 417 1470 446 sunt
1489 416 1621 446 omuino
1643 413 1766 446 diversi
1787 416 1818 446 in
1840 413 2008 458 vdiomate

167 476 207 509 ab
238 476 383 513 etsdvnn
414 474 567 520 quodque
596 474 638 507 illi
667 474 707 506 de
737 474 832 506 dictis
859 473 1019 509 Prusensi
1047 476 1079 504 et
1106 472 1318 505 Olomucensi
1346 471 1539 506 Civitatibus
1565 477 1596 505 et
1616 472 1750 506 Dioces.
1781 478 1845 506 tuiu
1876 477 2009 518 propter

168 536 334 582 predones
364 540 396 568 et
424 539 575 580 raptores
606 537 635 567 in
666 534 836 567 itineribus
866 537 1094 567 ‹tecttt'1'eltl‹’.<.
1125 536 1157 565 ut
1178 535 1328 565 itinerum
1358 534 1499 577 ipsorum
1521 533 1709 566 discrimina
1739 537 1770 566 et
1799 536 2007 578 asperitateS,

166 608 302 630 nemora
332 600 364 628 et
394 600 567 628 montanea
598 598 628 627 iu
659 598 749 627 exitu
779 599 808 627 et
839 604 995 629 regressu
1027 593 1102 625 dicti
1135 592 1242 635 Regni
1271 595 1495 633 consistentia„
1527 598 1590 626 tuni
1612 597 1709 626 etiam
1731 595 1805 638 quia
1834 593 2007 638 oportebat

166 669 225 690 eos
262 667 320 701 per
356 656 451 688 aliam
490 667 549 688 seu
578 656 659 688 alias
690 657 878 700 provincias
909 656 1059 688 transire.
1087 664 1159 685 cum
1189 652 1417 696 illaguntiuam
1448 654 1567 687 vellent
1603 653 1765 687 accedere
1803 653 2009 696 cogebantur

167 728 225 762 pro
256 716 509 761 appellationum
540 720 569 748 et
599 717 670 748 aliis
701 718 812 747 causis
841 715 879 747 ad
912 714 1016 747 foi-uui
1038 713 1343 758 Arcliiepisctqialis
1364 714 1460 747 Curio
1481 713 1745 757 Maguutiuensis
1766 712 2008 758 Metropolitico

166 780 236 810 iure
271 776 496 821 spectantibus
539 775 779 820 [ii-oscquemlis
815 774 971 819 predictis
1008 773 1161 818 periculis
1202 784 1239 806 ac
1278 773 1536 819 importabilibus
1575 777 1735 819 expensis
1771 778 1803 807 et
1840 773 2008 807 laboribus

166 837 402 871 subiacebaut.
438 841 467 869 et
499 841 633 880 propter
668 835 727 868 bec
765 846 828 867 uon
864 839 936 867 erat
972 837 1128 867 meumria
1165 833 1330 867 bominum
1367 834 1449 879 quod
1484 834 1636 867 Ecclesie
1672 835 1823 867 Civitatis
1853 838 1885 867 et
1911 833 2008 867 Dioc.

168 898 346 941 Pragensis
369 901 397 929 et
420 897 650 928 tilomuccusis
680 895 825 940 predicte
855 895 962 928 forent
991 906 1050 940 per
1070 894 1366 940 Arcbiepiscopum
1387 893 1674 939 Maguntincnseni
1704 897 1766 928 nisi
1796 894 1901 928 semel
1930 898 2006 927 tan-

166 957 330 991 tummodo
361 960 503 992 visitateq
535 961 565 988 et
596 956 679 1000 quod
710 956 888 988 altissimus
918 958 949 988 in
980 959 1068 988 tauta
1090 954 1291 988 multitudine
1321 955 1427 1000 populi
1457 955 1559 988 dictas
1582 955 1787 999 l'ragensem
1813 959 1846 988 et
1867 954 2009 988 Olomu-

165 1029 301 1051 ceusem
330 1017 415 1050 dioc.
445 1027 580 1061 quarum
611 1019 713 1061 prima
744 1027 802 1061 per
834 1019 977 1061 quinque
1013 1020 1045 1048 et
1079 1015 1179 1048 altera
1217 1027 1275 1061 per
1312 1020 1447 1059 quatuor
1481 1015 1584 1048 dietas
1620 1015 1919 1061 protemlebantur,
1958 1015 2009 1048 vel

167 1081 310 1115 circiter,
342 1081 373 1110 et
401 1080 499 1109 etiam
530 1079 559 1109 in
589 1077 741 1109 ecclesiis
770 1081 799 1108 et
830 1077 911 1109 locis
941 1076 1181 1109 ecclesiasticis
1209 1075 1446 1109 fecundaverat
1466 1075 1668 1109 et‘auxerat.
1700 1075 1784 1120 quod
1806 1076 2008 1119 singularum

167 1142 313 1185 ipsarum
343 1137 492 1181 singulos
527 1137 637 1170 vultus
668 1140 782 1169 unicus
812 1141 923 1181 pastor
948 1136 1119 1180 nequibat7
1152 1141 1182 1169 ut
1213 1136 1355 1169 officium
1390 1136 1554 1181 pastorale
1593 1135 1746 1173 decebat.
1782 1138 1948 1181 inspicere
1977 1140 2010 1169 et

167 1200 246 1232 alias
277 1202 387 1243 partes
419 1197 493 1230 boni
525 1200 666 1242 pastoris
696 1197 847 1242 implere.
885 1197 1037 1242 quodque
1073 1196 1185 1229 durum
1221 1201 1291 1230 erat
1325 1201 1418 1241 atque
1453 1196 1585 1229 difficile
1619 1199 1648 1229 in
1679 1195 1822 1240 qualibet
1850 1196 2008 1229 dictarum

166 1265 231 1293 tam
260 1259 399 1292 latarum
429 1262 459 1291 et
489 1257 679 1290 diffusarum
709 1257 792 1290 dioc.
825 1257 862 1290 ad
900 1269 998 1290 uuum
1028 1262 1150 1290 tautum
1182 1257 1351 1290 Pastorem
1389 1268 1407 1290 a
1442 1260 1487 1290 tot
1523 1259 1673 1302 personis
1710 1257 1950 1290 ecclesiasticis
1979 1261 2010 1289 et

167 1319 340 1353 mundanis
370 1329 542 1351 recursum
572 1317 696 1351 baberi.
728 1329 765 1350 ac
797 1329 855 1362 pro
885 1322 977 1362 parte
1006 1321 1151 1363 ipsorum
1182 1318 1284 1361 Regis
1313 1322 1344 1350 et
1365 1316 1577 1361 Priiuogeniti
1606 1316 1701 1350 nobis
1731 1316 1895 1351 humiliter
1924 1328 2008 1362 sup-

166 1380 298 1425 plicato,
328 1383 361 1412 ut
381 1378 483 1411 dictas
506 1378 709 1422 Pragensem
731 1383 759 1411 et
782 1378 1037 1411 (ilminat-ensein
1067 1379 1232 1411 ecclesias
1258 1377 1298 1411 ab
1319 1380 1405 1411 omui
1434 1377 1576 1410 dominio
1606 1382 1636 1410 et
1664 1382 1829 1423 potestate
1849 1377 2009 1411 dictorum

167 1439 426 1485 Arcbiepiscopi
456 1443 485 1472 et
516 1439 659 1472 ecclesie
689 1438 934 1482 Maguntineusi
969 1442 1135 1481 eximere,
1172 1441 1342 1484 ipsamque
1377 1438 1553 1471 ecclesiam
1582 1438 1786 1482 Pragensein
1815 1441 1847 1471 in
1875 1437 2009 1471 Metro-

167 1501 363 1546 politanaim
394 1504 424 1532 et
454 1499 580 1544 aliquas
610 1499 774 1532 ecclesias
804 1502 836 1532 in
866 1499 991 1533 eisdem
1022 1499 1106 1533 dioc.
1144 1502 1190 1533 sic
1220 1499 1343 1532 diffusis
1371 1501 1402 1531 in
1433 1497 1647 1532 Cathedrales
1682 1501 1836 1543 erigere,
1871 1498 2010 1544 illasque

167 1572 205 1594 ac
226 1560 386 1606 prefatam
408 1560 664 1593 olmnueensem
685 1560 861 1593 ecclesiam
897 1560 983 1593 dicte
1020 1559 1181 1604 Pragensi
1215 1560 1357 1593 ecclesie
1376 1558 1615 1603 Metropolitico
1644 1562 1714 1592 iure
1743 1558 1897 1592 subicere
1925 1570 2010 1592 auc-

166 1624 297 1654 toritate
327 1621 508 1665 apostolica
538 1620 763 1664 dignaremur.
820 1619 889 1653 Nos
920 1620 1106 1654 huiusmodi
1134 1621 1373 1666 supplicatione
1402 1620 1562 1652 antedicta
1599 1619 1751 1653 volentes
1779 1623 1812 1653 in
1841 1621 2010 1665 premissis

167 1684 364 1725 gravitatem
395 1684 426 1713 et
455 1680 649 1714 modestiam
679 1680 823 1713 debitam
851 1680 1047 1717 observare.
1078 1693 1116 1714 ac
1137 1681 1177 1714 de
1206 1684 1315 1714 causis
1344 1680 1525 1713 huiusmodi
1555 1679 1649 1712 nobis
1679 1682 1840 1725 expositis
1868 1683 2010 1713 certitu-

168 1741 320 1775 dinaliter
354 1740 522 1774 informari
561 1740 745 1774 venerabili
781 1741 871 1774 fratri
910 1741 1093 1775 Bertraudo
1127 1741 1294 1786 Episcopo
1338 1740 1502 1782 Ostiensi,
1546 1745 1577 1774 et
1620 1740 1745 1773 dilectis
1779 1739 1852 1774 filiis
1887 1743 2009 1773 nostris

168 1801 338 1835 Bernardo
369 1802 449 1834 tituli
479 1804 582 1834 sancti
604 1802 723 1834 Ciriaci
752 1805 783 1834 in
814 1801 944 1835 Teriuis
974 1801 1170 1847 presbitero,
1201 1812 1239 1834 ac
1268 1800 1462 1846 Raymundo
1492 1805 1607 1833 sancte
1626 1800 1730 1833 Marie
1750 1811 1839 1834 nove
1859 1799 2009 1834 DIacono

168 1861 398 1896 Gardmalibus
428 1865 650 1895 commisimus
679 1863 815 1895 oraculo
844 1865 923 1895 vive
954 1866 1059 1904 vocis,
1088 1867 1121 1895 ut
1149 1862 1189 1895 de
1217 1864 1383 1907 premissis
1411 1864 1521 1894 causis
1556 1865 1587 1894 et
1615 1872 1727 1894 earum
1757 1863 2009 1894 circumstantiis

170 1926 201 1956 iu
241 1922 357 1956 talibus
393 1922 602 1955 attendendis
637 1934 674 1956 se
706 1922 895 1966 diligentius
923 1922 1155 1961 informarent,
1186 1926 1217 1956 et
1245 1932 1449 1968 quecumque
1478 1932 1578 1966 super
1607 1921 1667 1955 biis
1696 1924 1886 1955 invenirent
1914 1920 2009 1954 nobis

168 1982 308 2016 fideliter
344 1982 471 2016 referre
500 1987 667 2016 curarent.
722 1982 762 2016 Et
797 1986 870 2028 quia
904 1994 964 2028 per
995 1984 1190 2016 relationem
1225 1982 1381 2028 Episcopi
1419 1980 1580 2015 Ostiensis
1617 1986 1648 2015 et
1677 1981 1898 2015 Cardinalium
1927 1992 2010 2027 pre-

169 2044 340 2078 dictorum.
371 2046 425 2088 qui
444 2046 534 2076 iuxta
556 2046 822 2076 commissionem
853 2048 997 2077 nostram
1019 2043 1203 2077 huiusmodi
1223 2046 1270 2076 eis
1291 2042 1407 2075 factam
1428 2041 1691 2075 informationem
1712 2053 1813 2087 super
1839 2044 2010 2087 premissis

168 2108 360 2149 receperat.
396 2103 535 2136 fideliter
570 2103 664 2136 nobis
701 2104 821 2137 factam
851 2108 1072 2150 comperimus
1101 2115 1222 2137 causas
1251 2101 1431 2136 huiusmodi
1462 2113 1538 2135 esse
1568 2113 1666 2136 veras
1701 2107 1731 2136 et
1767 2101 2009 2148 quodammodo

169 2164 371 2198 manifestas.
402 2168 433 2197 et
461 2164 623 2209 postulata
654 2164 838 2198 huiusmodi
867 2165 937 2198 lieri
966 2176 1032 2198 non
1052 2165 1157 2198 solum
1187 2163 1263 2197 utile
1290 2162 1361 2196 fore
1381 2161 1438 2195 sed
1459 2173 1585 2195 summe
1605 2165 1834 2196 necessarium
1862 2167 1895 2196 et
1913 2165 2009 2195 etiam

170 2229 401 2269 opportunum.
432 2228 464 2257 et
492 2229 667 2270 propterea
697 2225 818 2258 cultum
848 2236 973 2269 augere
1002 2225 1160 2268 divinum,
1191 2235 1229 2258 ac
1258 2222 1456 2268 spiritualem
1478 2225 1657 2256 animarum
1687 2222 1882 2268 profectum„
1913 2232 2010 2268 quem

171 2294 214 2316 ex
242 2283 303 2317 biis
333 2284 466 2317 indubie
496 2287 673 2330 provenire
703 2287 931 2330 speravimus,
968 2296 1168 2331 promovere
1204 2283 1377 2318 salubriter
1405 2282 1611 2317 intendentes
1646 2283 1883 2317 deliberatione
1911 2293 2012 2327 super

172 2342 231 2376 biis
260 2355 332 2377 cum
362 2344 517 2379 fratribus
546 2348 667 2378 nostris
697 2345 866 2391 preliabita
896 2346 1043 2390 diligenti
1073 2348 1243 2391 premissis
1271 2347 1302 2377 et
1330 2343 1494 2376 nonnullis
1524 2344 1594 2377 aliis
1622 2343 1872 2377 rationabilibus
1900 2345 2011 2376 causis

171 2403 394 2440 suadentibus.
424 2406 602 2439 ecclesiam
623 2404 796 2439 Civitatem
826 2411 856 2439 et
877 2406 1036 2439 diocesim
1059 2406 1247 2450 Prageuses
1266 2403 1441 2449 predictas.
1471 2403 1511 2435 de
1532 2406 1674 2448 ipsorum
1703 2404 1839 2438 fratrum
1859 2403 2010 2446 consilio,

172 2468 203 2496 et
232 2465 411 2508 apostolice
440 2465 641 2511 plenitudine
669 2469 840 2511 potestatis
869 2469 1066 2500 auctoritate
1094 2465 1273 2511 apostolica
1301 2467 1333 2496 et
1360 2474 1405 2496 ex
1433 2468 1522 2496 certa
1552 2469 1664 2498 nostra
1686 2467 1824 2498 scientia
1854 2463 1894 2497 ab
1922 2466 2011 2497 omni

172 2523 413 2565 iurisdictione„
450 2531 612 2570 potestate
648 2531 682 2560 et
715 2528 921 2560 subiectione
955 2526 1227 2571 Areliiepiscopiq
1263 2526 1315 2569 qui
1352 2528 1440 2556 esset
1469 2535 1527 2564 pro
1555 2529 1723 2570 tempore.
1760 2529 1791 2558 et
1818 2524 2010 2557 dilectorum

170 2584 310 2618 liliorum
346 2584 484 2629 Capituli
518 2587 663 2621 ecclesie
698 2586 966 2632 Maguutiueusis
995 2591 1117 2620 extunc
1145 2588 1328 2619 eximentes
1362 2587 1491 2629 penitus
1521 2589 1552 2618 et
1586 2585 1726 2619 totaliter
1752 2584 1950 2628 liberantes,
1979 2588 2012 2618 et
