2184 2828
979 115 1048 150 561

94 235 271 268 lantrauius
299 232 340 267 de
368 231 635 275 Lunkemhercb,
665 233 855 267 Fridericus
886 233 926 266 de
956 232 1150 267 Ollremunt.
1183 231 1315 266 Vlricus
1347 232 1388 265 de
1417 232 1625 267 helffenstein
1647 238 1676 266 et
1698 233 1869 268 Rudolffus
1899 233 1939 268 de

92 294 266 329 Werthem
299 295 455 335 comites,
490 293 606 327 Petrus
635 293 676 327 de
705 293 848 335 liedwn,
879 294 1001 328 Craffto
1030 293 1070 327 de
1098 292 1238 331 Holoch,
1269 291 1439 327 Gotfridus
1470 294 1510 327 de
1539 293 1688 332 Prunek,
1724 294 1939 329 Eberhardus

93 355 133 389 de
166 354 299 396 Walse,
338 352 530 388 Fridericus
564 353 605 387 de
637 354 772 398 Walse,
806 354 916 399 Egloll'
947 355 988 388 de
1023 353 1200 400 Frybergb
1229 357 1261 387 et
1289 353 1499 399 purkbardus
1530 355 1569 388 dc
1599 354 1760 397 Clebach,
1797 355 1939 389 Romani

92 417 186 459 regni
214 412 331 459 prefati
360 417 530 460 principes
558 418 590 448 et
618 414 763 449 barones
794 442 800 448 .
831 414 940 449 datum
970 415 1077 459 Prage
1106 425 1192 448 anno
1223 414 1344 447 domini
1374 414 1549 449 Millesimo
1589 418 1823 449 trecentesimo
1853 428 1940 461 qua-

91 475 280 520 dragesimo
308 480 427 509 octauo
449 502 456 509 .
473 474 657 520 jndictione
677 479 795 522 prima,
825 478 965 521 septimo
986 475 1071 521 ydus
1090 475 1227 521 Aprilis,
1258 485 1438 519 regnorum
1460 480 1648 510 nostrorum
1669 487 1758 510 anno
1778 476 1939 510 secundo.

398 562 466 595 (Das
484 561 558 596 Orig.
585 563 617 588 ini
641 563 666 588 k.
691 563 717 588 k.
743 563 858 597 gebeim.
879 563 1040 589 Ilotarcliive
1064 571 1093 588 zu
1118 562 1208 588 W‘ieii.
1234 578 1274 580 —
1298 562 1371 588 Nach
1396 563 1470 588 einer
1495 571 1553 588 vom
1571 564 1653 589 llerrn
1679 563 1939 589 111111.ΑΓ1·11111111110

500 614 587 645 Beyer
611 623 641 640 zu
667 615 784 640 Coblenz
808 615 1003 649 nntgetlieilten
1029 615 1115 641 vidiin.
1137 614 1284 640 Absehrin.
1316 630 1345 632 —
1376 614 1552 648 Abgedrurkt
1579 616 1619 641 bei
1638 616 1750 642 Goldast
1773 617 1797 642 in
1823 616 1939 650 append.

502 666 655 694 document.
682 668 708 692 S.
737 667 770 693 111
802 676 824 693 n.
850 667 984 699 xxxiv.)

965 823 1068 858 773.

88 918 132 952 K.
169 918 261 952 Karl
292 918 313 952 I
320 918 353 953 V.
387 917 553 964 bestdte'qt
586 919 640 952 die
676 930 748 953 eom
784 925 866 953 '‘Otil.
904 919 947 953 K.
986 919 1120 963 chdolf
1146 930 1188 952 za
1221 918 1369 963 Erfurlh
1410 930 1462 952 am
1501 919 1559 952 25.
1598 918 1801 963 September
1839 918 1942 952 1290

88 979 312 1024 ausqestellte
351 979 526 1023 Urlczmde,
563 981 673 1013 tronti!
709 980 763 1013 die
798 980 966 1013 zei-iselam
999 981 1069 1013 (lem
1105 979 1265 1024 Hert-oye
1300 979 1466 1013 Heinrich
1505 992 1565 1012 rote
1597 980 1746 1013 Breslcm
1776 980 1842 1012 und
1869 981 1940 1012 (lein

87 1040 223 1085 Ko'm'ye
256 1039 399 1076 Wenzel
424 1051 490 1074 eon
517 1040 670 1074 Boltmen
707 1040 938 1085 besprocleeue
967 1041 1160 1085 Nachfolye
1195 1042 1236 1074 im
1264 1040 1519 1085 Hei-zoyllmme
1549 1041 1699 1074 Breslaec
1731 1041 1941 1085 s'estyestellt

441 1102 535 1135 wz’rd.
591 1101 651 1135 Dl.
684 1102 810 1146 Praqe,
848 1101 921 1136 t'Il.
953 1101 1032 1135 Idas
1061 1101 1196 1146 Aprilis
1227 1101 1282 1144 (7.
1314 1102 1439 1146 April)
1474 1100 1584 1135 1348.

232 1185 421 1248 Karalus,
452 1205 503 1239 dei
532 1208 665 1251 gracia,
696 1205 922 1240 Romanorum
951 1205 1046 1246 Rex,
1081 1217 1215 1252 semper
1243 1206 1433 1250 Augustus,
1469 1210 1499 1239 et
1530 1205 1668 1239 Boenne
1701 1233 1706 1239 .
1731 1234 1737 1239 .
1767 1205 1857 1241 Rex,
1889 1205 1940 1239 Ad

88 1271 294 1312 perpetuam,
324 1266 384 1300 Rei
414 1270 607 1301 memoriam
639 1295 644 1300 .
677 1294 683 1300 .
715 1266 830 1301 lunata
864 1266 955 1300 cordi
990 1266 1110 1301 Nostro
1140 1266 1341 1311 benignitas,
1372 1270 1460 1300 circa
1491 1267 1651 1302 tideliuin.
1682 1270 1713 1300 et
1743 1266 1940 1299 deuotorum

87 1331 277 1361 nostrorum
306 1326 467 1370 honores,
501 1332 535 1362 et
563 1327 752 1370 commoda,
793 1331 956 1361 continuis
986 1330 1108 1361 intenta
1138 1328 1273 1372 vigilijs,
1304 1330 1390 1361 votis
1422 1331 1583 1373 ipsorum,
1621 1338 1768 1360 annuere
1798 1329 1939 1371 11101101,

88 1398 150 1421 nos
179 1387 314 1429 inducit,
344 1391 504 1434 quociens
533 1392 761 1434 poscencium,
792 1400 860 1422 vox
890 1393 939 1422 est
963 1388 1069 1434 Justa,
1099 1387 1134 1422 In
1164 1387 1228 1422 hoc
1256 1391 1343 1422 enim
1373 1387 1577 1422 liberalitatis
1599 1393 1724 1422 nostre.
1757 1399 1822 1421 non
1853 1392 1941 1421 errat

87 1450 242 1491 intencio,
273 1448 331 1482 sed
359 1449 496 1493 Regalis
525 1452 646 1495 sceptri
677 1448 842 1494 fastigium
872 1449 1045 1493 extollere,
1076 1449 1252 1483 salubriter
1280 1448 1466 1483 arbitratur.
1498 1449 1588 1482 Sane
1619 1449 1659 1482 ad
1689 1453 1803 1483 nostre
1833 1449 1939 1481 celsi—

88 1508 221 1552 tudinis,
252 1508 464 1544 Venerabilis
487 1537 493 1543 .
517 1537 524 1543 .
554 1510 838 1556 Arcliiepiscopns
867 1512 1055 1556 pragensis,
1085 1508 1330 1553 Olomncensis,
1360 1514 1393 1544 et
1412 1509 1717 1544 Lutlioinusslensis
1740 1537 1746 1543 .
1768 1508 1939 1555 Episcopi.

87 1568 228 1603 Necnon
261 1570 425 1613 Illustres,
459 1570 631 1604 Johannes
666 1569 840 1604 Karintbie
874 1598 880 1604 .
913 1598 919 1604 .
960 1569 1147 1616 Comesque
1180 1570 1333 1617 Tyrolis,
1364 1575 1395 1604 et
1426 1569 1579 1614 Goricie,
1616 1581 1797 1615 germanus
1826 1574 1942 1603 noster

87 1633 293 1674 carissimus,
322 1642 361 1664 ae
389 1630 546 1665 Nicolaus
578 1630 718 1677 Opauie,
748 1636 780 1664 et
809 1630 979 1665 Ratiborie
1009 1658 1015 1665 .
1050 1659 1056 1665 .
1086 1631 1212 1674 Duces,
1242 1642 1281 1665 ac
1311 1634 1413 1665 ceteri
1444 1631 1579 1677 prelati,
1609 1631 1722 1667 duces.
1754 1633 1941 1677 principes.

87 1690 250 1735 Barones,
280 1702 451 1737 proceres,
481 1696 513 1725 et
542 1691 690 1726 Nobiles.
722 1691 830 1736 Regni
862 1694 962 1725 nostri
993 1691 1140 1726 Boemie.
1171 1697 1203 1725 et
1233 1695 1513 1738 pertinenciarum
1534 1692 1696 1734 eiusdem,
1727 1693 1940 1737 presenciam

88 1752 299 1795 accedentes,
329 1751 424 1786 nobis
453 1751 618 1786 humiliter
647 1752 885 1798 supplicarunt.
916 1757 949 1786 vt
979 1752 1136 1797 quasdam
1168 1752 1319 1795 Litteras,
1351 1780 1357 1786 .
1390 1781 1396 1787 .
1428 1752 1605 1799 Rudolplii,
1637 1753 1701 1786 diui
1731 1752 1835 1796 Regis
1866 1751 1941 1784 Ro-

88 1823 272 1856 manorum,
301 1812 552 1858 predecessoris
582 1816 697 1856 nostri,
729 1812 823 1847 nobis
853 1824 913 1859 per
941 1815 1033 1858 ipsos
1063 1812 1239 1857 exhibitas,
1269 1825 1406 1860 quarum
1437 1819 1544 1857 tenor,
1576 1818 1607 1847 et
1636 1815 1762 1855 series,
1792 1815 1941 1857 sequitur

88 1874 120 1905 in
148 1872 210 1906 hec
243 1872 346 1907 verba
378 1901 384 1907 .
416 1901 422 1908 .
457 1873 652 1920 Rudolplnis
682 1873 733 1907 dei
762 1876 894 1919 gracia,
929 1873 1154 1907 Romanorum
1188 1874 1264 1908 Rex
1293 1902 1300 1909 .
1333 1902 1339 1908 .
1377 1886 1511 1920 semper
1544 1874 1734 1919 Augustus,
1764 1872 1940 1906 Vniuersis

90 1935 175 1966 sacri
193 1933 335 1967 Romani
356 1933 501 1980 Imperij,
531 1934 694 1973 fidelibus„
724 1939 899 1981 presentes
919 1934 1059 1968 Litteras
1089 1937 1299 1980 inspecturis,
1328 1938 1477 1979 graciam
1499 1946 1605 1971 suam,
1636 1939 1665 1967 et
1687 1945 1785 1967 omne
1806 1933 1939 1971 1101111111,

90 1991 324 2028 Vniuersitatis
360 1999 475 2028 vestre
504 1998 626 2029 noticie
656 1999 861 2037 innotescat,
891 1994 976 2039 1111011
1007 2006 1068 2029 nos
1098 1995 1360 2039 ordinacionem,
1390 2007 1449 2029 seu
1479 1998 1752 2041 promissionem,
1783 1993 1823 2027 (le
1853 1998 1940 2026 terra

91 2056 123 2085 et
156 2056 340 2100 principatu
373 2054 611 2099 wratislaum,
648 2060 680 2089 01
718 2056 842 2090 Slesic.
881 2066 944 2100 que
982 2065 1000 2088 a
1030 2055 1124 2089 nobis
1154 2060 1185 2089 et
1214 2055 1375 2101 Imperio,
1411 2056 1575 2090 habentur
1605 2059 1636 2089 in
1665 2054 1813 2097 feodum,
1844 2065 1940 2099 quain

90 2112 228 2147 Illustris
249 2115 411 2160 quondam
432 2115 598 2150 lIenricus
616 2144 622 2150 .
642 2144 648 2150 .
670 2116 747 2150 Dux
768 2115 1017 2157 Waratislauie,
1038 2120 1153 2149 noster
1172 2118 1340 2162 princeps,
1371 2128 1443 2150 cum
1467 2117 1585 2150 lllustri
1606 2121 1638 2149 01
1659 2116 1810 2161 preclaro
1833 2142 1839 2148 .
1861 2113 1908 2147 W
1932 2142 1937 2148 .

90 2172 186 2217 Rege
206 2173 352 2218 Boemie,
374 2176 440 2210 silio
461 2182 493 2210 et
513 2177 665 2223 Principe
694 2181 807 2211 nostro
828 2178 1016 2218 carissimo,
1047 2176 1203 2210 videlicet
1233 2176 1318 2222 quod
1346 2177 1437 2211 Idem
1459 2177 1534 2211 Rex
1557 2177 1703 2210 Boeinie.
1735 2178 1765 2208 in
1787 2179 1888 2209 terra.
1910 2179 1942 2208 01

90 2236 274 2278 principatu
295 2234 541 2280 Waratislauie,
572 2242 604 2271 et
625 2238 745 2279 Slesie,
776 2240 802 2271 si
832 2240 937 2282 ipsum
958 2235 1138 2270 chrieum
1160 2236 1277 2269 ducein
1303 2240 1447 2283 preinori
1468 2240 1691 2281 contingeret,
1722 2235 1782 2269 sibi
1804 2234 1942 2269 deberet

88 2293 272 2327 succedere
291 2296 406 2329 iniisse
426 2297 620 2340 dinoscitur,
643 2302 675 2331 et
695 2298 829 2340 secisse,
853 2296 1010 2330 babemus
1032 2296 1148 2330 Ratam
1169 2302 1200 2330 01
1220 2301 1360 2341 gratam,
1382 2309 1468 2341 eam,
1491 2297 1530 2331 de
1549 2296 1750 2343 plenitudine
1765 2299 1940 2342 potestatis

90 2353 198 2399 Regie
235 2354 484 2400 confirmantes,
520 2363 551 2392 et
589 2359 705 2393 dantes
742 2359 800 2392 lias
834 2358 958 2391 litteras
996 2362 1144 2399 nostras,
1183 2358 1292 2401 sigillo
1320 2363 1436 2392 nostro
1465 2360 1618 2398 munitas,
1659 2358 1690 2390 in
1720 2359 1940 2391 testimonium

89 2425 190 2460 super
223 2425 262 2447 eo
293 2442 299 2448 .
331 2441 337 2448 .
368 2415 485 2450 Datum
519 2418 674 2453 Erfordie
704 2447 710 2452 .
746 2418 835 2453 VIP'.
875 2417 1042 2452 Kalendas
1077 2417 1251 2461 Octobris,
1290 2417 1482 2453 Indiccione
1517 2420 1636 2460 tercia,
1676 2417 1776 2451 Anno
1819 2417 1940 2450 domini

89 2474 264 2508 Millesimo
287 2503 292 2508 .
316 2474 529 2511 CCLXXXX
558 2478 667 2523 Regni
697 2491 779 2513 vero
808 2481 921 2521 nostri,
954 2489 1041 2511 anno
1071 2478 1201 2512 decimo
1230 2480 1399 2524 septimo.
1424 2506 1429 2512 .
1460 2478 1583 2512 Nostra
1612 2478 1821 2515 confirmare,
1852 2489 1941 2511 anc—

90 2537 220 2569 toritate
241 2535 346 2572 Regia
368 2535 590 2581 dignaremur,
621 2539 688 2573 Nos
710 2543 822 2585 vtique
845 2538 1046 2585 prefatorum
1069 2566 1075 2572 .
1099 2566 1106 2572 .
1129 2538 1348 2581 Prelatorum,
1379 2539 1510 2582 ducum,
1538 2541 1735 2584 principum,
1758 2538 1939 2575 Baronum,

90 2606 277 2640 procerum,
308 2601 338 2629 et
369 2593 543 2639 Nobilium,
574 2609 656 2643 quos
685 2599 820 2634 honoris
851 2604 882 2633 et
911 2598 1017 2633 felicis
1038 2603 1140 2633 status
1161 2600 1302 2633 Romani
1323 2599 1445 2644 Regni,
1477 2603 1507 2632 01
1529 2602 1614 2633 511011
1636 2598 1780 2646 1111110111,
1811 2598 1939 2641 11110105,

1733 2657 1768 2687 71
