2184 2828
1002 96 1071 131 169

981 241 1088 276 23⁴.

113 323 208 365 Otto,
230 321 387 355 Declmn!
416 321 476 354 der
495 320 672 354 Passauer
692 320 832 362 Ix‘irclze9
861 323 1023 354 eruetmet
1051 319 1113 352 den
1142 318 1234 361 Otto,
1258 319 1390 363 Grafeu
1419 331 1481 352 con
1501 319 1712 365 Magldebury
1733 321 1798 354 itm!
1817 321 1964 365 Pl‘arrer

111 385 145 417 iu
174 382 270 416 ΖΙιοῘ·
300 382 432 425 (Gors)
463 393 504 415 ε-ιι
531 382 657 414 seiuem
686 381 950 414 Stellcerlretet·
977 383 1009 414 in
1037 381 1098 414 der
1125 379 1189 413 ilem
1221 391 1293 413 com-
1322 380 1452 425 Papste
1485 381 1651 414 Beuedict
1680 380 1764 415 XII.
1796 381 1963 415 ilbertra-

109 454 220 488 qenen
253 442 512 486 Untersuchemq
540 442 599 475 des
636 442 802 475 siris-elien
837 442 908 475 dem
950 441 1148 475 Oslmtaner
1180 440 1323 474 Isloster
1358 441 1425 474 mid
1456 442 1528 475 dem
1571 441 1789 475 (it-usbacleee·
1816 442 1965 486 Psamer-

224 503 452 537 bestandenen
482 502 768 536 Zeleendstrilles.
813 502 872 536 Dt.
904 503 1061 545 Patauie,
1092 501 1176 535 XII.
1208 501 1354 535 Kalend.
1385 501 1482 535 Jnm‘i
1510 503 1591 542 (21.
1622 503 1715 546 Mai)
1748 503 1859 537 1339.

266 579 366 633 otto
395 598 447 632 dei
475 601 589 642 gracia
618 597 764 631 decanus
784 597 937 631 Ecclesie
963 598 1177 631 Patauiensis.
1209 597 1248 631 ail
1278 597 1487 643 infrascripta
1518 609 1577 643 per
1605 598 1717 632 sedem
1747 599 1963 644 apostolicam

111 660 296 705 delegatus.
326 659 521 693 Honorabili
552 662 623 692 viro
652 659 783 692 domino
804 658 925 693 Ottoni.
948 659 1065 693 Comiti
1092 658 1133 692 de
1152 657 1358 703 Maydburch
1381 657 1547 692 Confratri
1578 670 1638 692 suo
1666 659 1794 693 dilecto.
1819 659 1964 693 Plebano

111 720 268 754 Ecclesie
303 723 334 754 in
372 719 458 754 Gors
493 719 675 753 fraternam
711 722 742 752 in
778 719 909 753 domino
945 720 1128 753 karitatem.
1168 723 1199 752 et
1234 719 1396 752 mandatis
1432 715 1623 764 apostolicis
1653 720 1787 753 firmiter
1815 720 1963 754 obedire.

112 780 281 816 Noueritis
309 791 370 814 nos
400 781 511 814 literas
541 783 741 814 sanctissimi
770 783 802 813 in
832 779 961 814 Christo
991 783 1091 826 patris
1120 791 1157 813 ac
1193 779 1315 813 domini
1351 783 1451 813 nostri
1490 780 1612 813 domini
1640 780 1824 815 Benedicti.
1855 781 1965 815 diuina

112 841 327 888 prouidencia
356 852 442 887 pape
471 841 666 883 duodecimi,
701 852 775 874 cuni
813 852 894 874 vera
931 840 1014 874 bulla
1048 840 1212 887 plumbea,
1249 845 1280 874 et
1315 840 1367 874 filo
1403 844 1541 886 canapis
1581 840 1719 874 bullatas
1756 853 1820 875 non
1858 853 1964 875 rasas.

114 913 181 936 non
211 905 359 936 viciatas.
389 913 452 936 nec
480 905 512 935 in
541 902 649 946 aliqua
678 904 727 935 sui
755 906 849 947 parte
877 907 1061 948 suspectas,
1090 901 1148 935 sed
1177 901 1288 935 saluas
1325 906 1358 934 et
1392 904 1539 946 integras
1569 905 1741 947 recepisse
1770 914 1829 948 pei·
1857 906 1966 936 omnia

114 966 147 997 iu
175 962 238 997 hec
265 962 386 996 verba:
414 962 616 996 Benedictus
644 961 832 1008 Episcopus
861 973 978 996 seruus
1006 973 1178 996 seruorum
1207 962 1270 999 dei.
1291 961 1483 996 Venerabili
1511 961 1603 996 fratri
1634 990 1640 996 .
1672 990 1678 996 .
1711 962 1877 1009 Episcopo
1899 969 1963 997 etc.

114 1034 220 1070 usque
248 1023 366 1057 Datum
395 1024 564 1057 Aninione
592 1022 649 1056 III.
679 1022 794 1057 Nonas
822 1022 950 1067 Marcii,
981 1023 1190 1057 Pontificatus
1218 1027 1322 1057 nostri
1352 1024 1453 1057 Anno
1483 1022 1615 1064 Quinto.
1651 1024 1705 1069 (S.
1727 1024 1757 1058 d.
1783 1024 1817 1059 Β.
1836 1025 1870 1058 S.
1897 1024 1966 1058 162

114 1096 146 1119 n.
176 1084 281 1125 225.)
325 1083 449 1118 Verum
485 1095 582 1129 quum
620 1089 755 1129 propter
789 1084 921 1128 longam
957 1084 1147 1118 distanciam
1182 1085 1257 1118 loci.
1292 1096 1425 1118 necnon
1455 1084 1566 1119 arduis
1595 1087 1718 1118 nostris
1748 1091 1778 1119 et
1817 1085 1968 1119 Ecclesie

114 1145 321 1179 Patauiensis
357 1145 500 1190 impediti
536 1146 701 1189 negocijs.
745 1144 909 1178 audicioni
951 1145 1036 1178 dicte
1074 1156 1175 1179 cause
1214 1145 1438 1191 personaliter
1480 1146 1652 1179 intendere
1694 1157 1756 1179 non
1801 1147 1965 1180 valemus.

114 1205 331 1239 Honestatein
362 1210 508 1239 vestram
535 1209 729 1238 auctoritate
749 1205 931 1250 apostolica
952 1205 1047 1239 nobis
1067 1208 1098 1240 in
1119 1205 1179 1240 hac
1198 1211 1292 1252 parte
1313 1209 1506 1249 commissa,
1527 1210 1724 1253 requirimus
1745 1212 1776 1241 et
1797 1218 1965 1251 rogamus.

115 1271 278 1312 quatenus
312 1269 406 1299 vices
436 1271 577 1308 nostras,
613 1271 644 1299 et
680 1269 789 1300 omnia
819 1271 849 1299 et
878 1267 1007 1311 singula
1036 1266 1130 1300 nohis
1159 1270 1191 1301 in
1220 1267 1281 1300 hac
1311 1272 1405 1313 parte
1434 1271 1611 1301 commissa
1648 1267 1822 1313 diligenter
1859 1268 1968 1301 adim-

117 1327 234 1374 pleatis
269 1330 377 1361 iuxtra
420 1327 568 1360 traditam
612 1326 706 1360 nobis
746 1326 897 1360 formam.
935 1327 1040 1361 donec
1081 1339 1139 1361 eas
1175 1327 1214 1362 ad
1250 1339 1312 1362 nos
1343 1328 1536 1362 duxerimus
1571 1328 1790 1362 reuocandas,
1848 1329 1966 1362 Datum

117 1387 253 1422 Patauie
281 1387 356 1422 XII.
387 1387 458 1422 Kal.
489 1388 576 1432 Junij
607 1389 708 1421 Anno
739 1388 859 1421 domini
888 1387 1061 1422 Millesimo
1090 1388 1340 1423 Trecentesimo
1369 1389 1554 1423 Tricesimo
1584 1388 1690 1423 Nono.

427 1467 494 1495 (Das
520 1468 593 1500 Orig-
620 1468 667 1492 uus
689 1467 845 1500 Pergameni
870 1472 912 1493 unt
937 1476 1021 1492 vinem
1054 1468 1282 1495 uoliterhanenen
1313 1469 1405 1502 Sigille
1437 1470 1468 1494 im
1502 1469 1617 1494 Arclnive
1650 1470 1696 1494 ‹lei-
1728 1469 1752 1494 k.
1784 1470 1857 1495 simii
1883 1469 1969 1494 Brimo

532 1520 562 1544 Ο,
591 1519 608 1544 Ι.
635 1528 659 1544 n.
686 1519 750 1549 25.)

990 1624 1097 1658 235.

117 1701 232 1746 Konigy
259 1701 396 1735 ,lahaim
425 1702 587 1736 schenah-et
617 1703 678 1736 den
709 1703 865 1748 Bar-(seru
897 1716 956 1735 rou
989 1703 1081 1736 Lanu
1117 1703 1206 1736 allen
1237 1704 1369 1737 ‚Yutz-en
1401 1716 1461 1737 rou
1499 1706 1569 1738 dem
1609 1704 1715 1738 Salso
1745 1705 1837 1738 ihrer
1867 1705 1970 1738 slmlt

118 1763 187 1796 und
215 1762 404 1808 cerspriclaet
433 1765 465 1796 iu
494 1766 618 1796 seinem
649 1765 716 1798 und
741 1765 800 1797 (les
827 1764 1048 1808 illarlsyrafeu
1080 1764 1169 1797 lx'arl
1186 1764 1328 1807 Nomen.
1359 1766 1439 1799 dass
1467 1767 1518 1798 sie
1547 1767 1644 1799 (laria
1678 1778 1738 1798 rou
1761 1766 1969 1798 Xe'emamlen

237 1827 392 1868 qeslo'rel
421 1825 553 1857 werden
582 1824 701 1859 solleu.
734 1825 791 1859 Dt.
825 1825 957 1869 Prayoe.
985 1826 1050 1868 fer.
1089 1824 1142 1859 i'l.
1174 1829 1253 1858 ante
1286 1825 1466 1859 Trinitatis
1498 1827 1579 1868 (21.
1612 1827 1702 1867 illiti)
1739 1826 1846 1860 13:59.

274 1899 364 1953 Ros
392 1919 565 1953 Joliannes
594 1920 647 1954 dei
675 1924 781 1965 gratia
812 1932 872 1954 rex
903 1920 1068 1954 Bohemia·
1104 1932 1141 1953 ac
1177 1931 1290 1954 comes
1325 1921 1627 1966 Lucemburgensis
1664 1923 1702 1955 ad
1740 1925 1971 1955 universorum

120 1983 184 2012 tam
212 1983 422 2025 praesentium
453 1992 548 2026 quam
584 1980 766 2015 futurorum
805 1986 934 2015 zetatem
973 1981 1137 2014 bominum
1173 1981 1326 2015 volumus
1364 1986 1560 2028 pervenire:
1597 1983 1681 2028 qnod
1717 1983 1969 2016 considerantes

119 2044 267 2084 paratam
296 2052 334 2074 ac
364 2041 566 2075 indefessam
595 2043 894 2088 promptitudinem.
930 2054 990 2088 qua
1025 2053 1061 2075 se
1091 2041 1203 2075 fideles
1234 2046 1335 2077 nostri
1365 2043 1473 2077 dilecti
1503 2047 1597 2077 cives
1628 2047 1656 2077 in
1688 2043 1777 2077 Luna
1807 2045 1970 2087 majestati

120 2103 223 2145 regiae
251 2105 338 2135 omni
367 2106 515 2148 tempore
543 2102 730 2137 obtulerunt
758 2108 824 2137 toto
855 2114 964 2149 posse.
996 2102 1188 2136 affectantes
1209 2114 1252 2136 ex
1273 2107 1393 2138 animo.
1415 2108 1570 2150 ipsorum.
1595 2110 1625 2137 nt
1646 2107 1802 2149 promptis
1823 2107 1971 2138 servitiis

120 2160 290 2195 fructifera
325 2163 611 2208 correspondeant
643 2167 769 2207 merita,
808 2165 1027 2198 conditionem
1064 2162 1176 2197 facere
1211 2164 1401 2199 meliorem:
1439 2165 1480 2198 de
1515 2166 1605 2209 larga
1636 2166 1819 2208 majestatis
1850 2169 1971 2199 nostrae

120 2222 358 2264 munificentia,
387 2234 504 2257 omnes
532 2229 565 2258 et
594 2225 744 2269 singulos
772 2224 909 2259 fructus.
939 2227 993 2270 qui
1023 2227 1054 2257 in
1083 2227 1217 2257 civitate
1246 2230 1358 2258 nostra
1388 2226 1533 2259 Lunensi
1559 2225 1714 2271 praedicta
1744 2236 1804 2270 per
1831 2225 1971 2259 ordina-

121 2286 244 2317 tionem
273 2285 395 2316 civium
414 2289 600 2319 nostrorum
621 2285 741 2319 ibidem
771 2297 814 2319 ex
834 2286 903 2319 sale
923 2296 1009 2318 nune
1029 2289 1113 2318 sunt.
1136 2288 1315 2329 provenire
1335 2291 1388 2320 aut
1409 2286 1522 2320 baberi
1544 2285 1790 2331 quomodolibet
1818 2291 1971 2332 poterunt

122 2346 155 2377 in
182 2342 337 2379 futurum.
368 2346 429 2389 ipsi
454 2348 578 2379 civitati
603 2351 725 2380 nostr-‹1›
753 2346 895 2380 Lunensi
916 2346 1041 2387 (lanius,
1063 2345 1267 2379 conserimus
1289 2346 1467 2380 liberaliter
1486 2352 1516 2380 et
1537 2347 1698 2381 donamus
1719 2358 1778 2392 per
1797 2348 1970 2393 praedictos

121 2407 216 2438 cives
245 2409 378 2438 nostros
407 2416 518 2439 eornm
558 2406 699 2440 heredes
729 2411 760 2440 et
792 2417 1007 2441 successores
1043 2406 1217 2439 tenendos.
1255 2406 1436 2441 habendos.
1481 2407 1724 2453 percipiendos.
1764 2407 1973 2442 utifruendos

122 2469 156 2499 et
182 2468 215 2499 in
243 2476 324 2499 usus
354 2468 455 2511 ipsius
483 2469 627 2501 civitatis
656 2467 819 2502 Lunensis
849 2467 1109 2501 convertendos.
1140 2471 1235 2513 prout
1265 2471 1407 2513 ipsorum
1438 2469 1598 2514 placuerit
1619 2467 1752 2502 arbitrio
1774 2469 1969 2502 voluntatis:

123 2530 156 2560 et
189 2536 306 2560 omnes
341 2537 380 2560 ac
415 2527 561 2571 singulas
595 2528 718 2562 literas.
755 2531 782 2562 si
818 2539 898 2574 quas
935 2528 1029 2561 alicui
1072 2532 1126 2561 ant
1163 2527 1324 2573 aliquibus
1363 2539 1463 2574 super
1495 2528 1573 2562 salis
1610 2527 1769 2563 fructibus
1805 2529 1969 2575 praedictis

123 2585 274 2621 dedimus
303 2592 357 2621 aut
385 2587 470 2621 sorte
498 2591 529 2621 in
557 2592 725 2632 posterum
754 2593 945 2622 nescienter
974 2589 1139 2622 daremus.
1170 2593 1285 2622 tenore
1311 2592 1522 2634 praesentium
1543 2599 1754 2624 revocamus.
1785 2601 1971 2625 cassamus..

1828 2650 1866 2679 22
