<?xml version="1.0" encoding="UTF-8"?>
<!DOCTYPE html PUBLIC "-//W3C//DTD XHTML 1.0 Transitional//EN"
    "http://www.w3.org/TR/xhtml1/DTD/xhtml1-transitional.dtd">
<html xmlns="http://www.w3.org/1999/xhtml" xml:lang="en" lang="en">
 <head>
  <title>
</title>
<meta http-equiv="Content-Type" content="text/html;charset=utf-8" />
  <meta name='ocr-system' content='tesseract 3.04.00' />
  <meta name='ocr-capabilities' content='ocr_page ocr_carea ocr_par ocr_line ocrx_word'/>
</head>
<body>
  <div class='ocr_page' id='page_1' title='image "./codexdiplomaticu07morauoft_1021.png"; bbox 0 0 2184 2828; ppageno 0'>
   <div class='ocr_carea' id='block_1_1' title="bbox 1009 93 1079 129">
    <p class='ocr_par' dir='ltr' id='par_1_1' title="bbox 1009 93 1079 129">
     <span class='ocr_line' id='line_1_1' title="bbox 1009 93 1079 129; baseline 0 -1"><span class='ocrx_word' id='word_1_1' title='bbox 1009 93 1079 129; x_wconf 80' lang='lat'>891</span> 
     </span>
    </p>
   </div>
   <div class='ocr_carea' id='block_1_2' title="bbox 111 210 1984 681">
    <p class='ocr_par' dir='ltr' id='par_1_2' title="bbox 111 210 1984 681">
     <span class='ocr_line' id='line_1_2' title="bbox 114 210 1984 257; baseline 0.001 -12"><span class='ocrx_word' id='word_1_2' title='bbox 114 210 376 245; x_wconf 86' lang='lat' dir='ltr'>Strennuitatem</span> <span class='ocrx_word' id='word_1_3' title='bbox 404 213 553 243; x_wconf 78' lang='lat' dir='ltr'>vestram</span> <span class='ocrx_word' id='word_1_4' title='bbox 590 213 789 255; x_wconf 84' lang='lat' dir='ltr'>requirimus</span> <span class='ocrx_word' id='word_1_5' title='bbox 824 215 859 244; x_wconf 88' lang='lat' dir='ltr'>et</span> <span class='ocrx_word' id='word_1_6' title='bbox 893 222 1064 256; x_wconf 81' lang='lat' dir='ltr'>rogamus,</span> <span class='ocrx_word' id='word_1_7' title='bbox 1099 216 1264 257; x_wconf 83' lang='lat' dir='ltr'>quatenus</span> <span class='ocrx_word' id='word_1_8' title='bbox 1299 210 1492 245; x_wconf 84' lang='lat' dir='ltr'>Frentzlino</span> <span class='ocrx_word' id='word_1_9' title='bbox 1520 211 1689 246; x_wconf 85' lang='lat' dir='ltr'>Ensateri.</span> <span class='ocrx_word' id='word_1_10' title='bbox 1724 212 1797 246; x_wconf 81' lang='lat' dir='ltr'>Givi</span> <span class='ocrx_word' id='word_1_11' title='bbox 1824 211 1984 257; x_wconf 83' lang='lat' dir='ltr'>Igl(av)-</span> 
     </span>
     <span class='ocr_line' id='line_1_3' title="bbox 111 270 1984 319; baseline 0.001 -14"><span class='ocrx_word' id='word_1_12' title='bbox 111 270 247 316; x_wconf 72' lang='lat' dir='ltr'>ien[si)‚</span> <span class='ocrx_word' id='word_1_13' title='bbox 275 270 537 314; x_wconf 80' lang='lat' dir='ltr'>Consanguineo</span> <span class='ocrx_word' id='word_1_14' title='bbox 568 275 684 305; x_wconf 86' lang='lat' dir='ltr'>nostro</span> <span class='ocrx_word' id='word_1_15' title='bbox 713 271 845 305; x_wconf 87' lang='lat' dir='ltr'>dilecto.</span> <span class='ocrx_word' id='word_1_16' title='bbox 875 274 908 305; x_wconf 91' lang='lat' dir='ltr'>in</span> <span class='ocrx_word' id='word_1_17' title='bbox 938 272 1079 306; x_wconf 86' lang='lat' dir='ltr'>locando</span> <span class='ocrx_word' id='word_1_18' title='bbox 1114 270 1176 306; x_wconf 88' lang='lat' dir='ltr'>sibi</span> <span class='ocrx_word' id='word_1_19' title='bbox 1206 272 1358 305; x_wconf 83' lang='lat' dir='ltr'>Civitatis</span> <span class='ocrx_word' id='word_1_20' title='bbox 1389 271 1659 317; x_wconf 76' lang='lat' dir='ltr'>lgl(av)ien(sis)</span> <span class='ocrx_word' id='word_1_21' title='bbox 1689 272 1865 315; x_wconf 78' lang='lat' dir='ltr'>Judicium,</span> <span class='ocrx_word' id='word_1_22' title='bbox 1895 273 1984 319; x_wconf 83' lang='lat' dir='ltr'>quod</span> 
     </span>
     <span class='ocr_line' id='line_1_4' title="bbox 112 330 1982 368; baseline 0.001 -2"><span class='ocrx_word' id='word_1_23' title='bbox 112 333 297 366; x_wconf 86' lang='lat' dir='ltr'>convenire</span> <span class='ocrx_word' id='word_1_24' title='bbox 327 330 476 364; x_wconf 81' lang='lat' dir='ltr'>intendit.</span> <span class='ocrx_word' id='word_1_25' title='bbox 509 336 572 364; x_wconf 77' lang='lat' dir='ltr'>tani</span> <span class='ocrx_word' id='word_1_26' title='bbox 605 332 821 365; x_wconf 79' lang='lat' dir='ltr'>affectuosam</span> <span class='ocrx_word' id='word_1_27' title='bbox 851 331 1015 366; x_wconf 78' lang='lat' dir='ltr'>exhibere</span> <span class='ocrx_word' id='word_1_28' title='bbox 1042 335 1167 367; x_wconf 86' lang='lat' dir='ltr'>curetis</span> <span class='ocrx_word' id='word_1_29' title='bbox 1197 335 1299 366; x_wconf 78' lang='lat' dir='ltr'>nostri</span> <span class='ocrx_word' id='word_1_30' title='bbox 1324 333 1596 367; x_wconf 79' lang='lat' dir='ltr'>consideratione</span> <span class='ocrx_word' id='word_1_31' title='bbox 1621 332 1883 368; x_wconf 87' lang='lat' dir='ltr'>benivolentiam</span> <span class='ocrx_word' id='word_1_32' title='bbox 1907 345 1982 368; x_wconf 87' lang='lat' dir='ltr'>cum</span> 
     </span>
     <span class='ocr_line' id='line_1_5' title="bbox 112 391 1983 440; baseline 0.002 -15"><span class='ocrx_word' id='word_1_33' title='bbox 112 391 232 426; x_wconf 80' lang='lat' dir='ltr'>effectu</span> <span class='ocrx_word' id='word_1_34' title='bbox 260 391 422 432; x_wconf 62' lang='lat' dir='ltr'>studioso,</span> <span class='ocrx_word' id='word_1_35' title='bbox 453 402 549 436; x_wconf 84' lang='lat' dir='ltr'>quain</span> <span class='ocrx_word' id='word_1_36' title='bbox 580 403 652 425; x_wconf 79' lang='lat' dir='ltr'>cum</span> <span class='ocrx_word' id='word_1_37' title='bbox 682 395 756 438; x_wconf 71' lang='lat' dir='ltr'>ipso</span> <span class='ocrx_word' id='word_1_38' title='bbox 786 397 819 426; x_wconf 92' lang='lat' dir='ltr'>et</span> <span class='ocrx_word' id='word_1_39' title='bbox 852 403 912 438; x_wconf 87' lang='lat' dir='ltr'>pro</span> <span class='ocrx_word' id='word_1_40' title='bbox 946 395 1020 439; x_wconf 83' lang='lat' dir='ltr'>ipso</span> <span class='ocrx_word' id='word_1_41' title='bbox 1056 398 1228 427; x_wconf 73' lang='lat' dir='ltr'>teneamur</span> <span class='ocrx_word' id='word_1_42' title='bbox 1262 404 1397 438; x_wconf 86' lang='lat' dir='ltr'>semper</span> <span class='ocrx_word' id='word_1_43' title='bbox 1435 398 1467 426; x_wconf 87' lang='lat' dir='ltr'>et</span> <span class='ocrx_word' id='word_1_44' title='bbox 1503 393 1620 428; x_wconf 85' lang='lat' dir='ltr'>merito</span> <span class='ocrx_word' id='word_1_45' title='bbox 1654 397 1861 440; x_wconf 79' lang='lat' dir='ltr'>inposterum</span> <span class='ocrx_word' id='word_1_46' title='bbox 1898 405 1983 440; x_wconf 89' lang='lat' dir='ltr'>pro-</span> 
     </span>
     <span class='ocr_line' id='line_1_6' title="bbox 112 451 1981 499; baseline 0.002 -13"><span class='ocrx_word' id='word_1_47' title='bbox 112 455 245 486; x_wconf 87' lang='lat' dir='ltr'>mereri.</span> <span class='ocrx_word' id='word_1_48' title='bbox 276 451 373 486; x_wconf 89' lang='lat' dir='ltr'>Scire</span> <span class='ocrx_word' id='word_1_49' title='bbox 401 462 465 486; x_wconf 84' lang='lat' dir='ltr'>vos</span> <span class='ocrx_word' id='word_1_50' title='bbox 495 455 584 486; x_wconf 83' lang='lat' dir='ltr'>circa</span> <span class='ocrx_word' id='word_1_51' title='bbox 619 452 681 487; x_wconf 84' lang='lat' dir='ltr'>hoc</span> <span class='ocrx_word' id='word_1_52' title='bbox 717 455 901 499; x_wconf 83' lang='lat' dir='ltr'>cupientes.</span> <span class='ocrx_word' id='word_1_53' title='bbox 936 453 1022 499; x_wconf 89' lang='lat' dir='ltr'>quod</span> <span class='ocrx_word' id='word_1_54' title='bbox 1059 454 1099 487; x_wconf 90' lang='lat' dir='ltr'>de</span> <span class='ocrx_word' id='word_1_55' title='bbox 1134 458 1220 488; x_wconf 85' lang='lat' dir='ltr'>statu</span> <span class='ocrx_word' id='word_1_56' title='bbox 1257 453 1419 497; x_wconf 65' lang='lat' dir='ltr'>(Judieps</span> <span class='ocrx_word' id='word_1_57' title='bbox 1457 454 1607 488; x_wconf 85' lang='lat' dir='ltr'>moderni</span> <span class='ocrx_word' id='word_1_58' title='bbox 1643 455 1720 488; x_wconf 87' lang='lat' dir='ltr'>talia</span> <span class='ocrx_word' id='word_1_59' title='bbox 1756 455 1981 490; x_wconf 67' lang='lat' dir='ltr'>intelleximus</span> 
     </span>
     <span class='ocr_line' id='line_1_7' title="bbox 112 513 1982 560; baseline 0.002 -14"><span class='ocrx_word' id='word_1_60' title='bbox 112 513 279 547; x_wconf 85' lang='lat' dir='ltr'>ventilari.</span> <span class='ocrx_word' id='word_1_61' title='bbox 308 517 445 558; x_wconf 88' lang='lat' dir='ltr'>propter</span> <span class='ocrx_word' id='word_1_62' title='bbox 474 524 537 558; x_wconf 85' lang='lat' dir='ltr'>que</span> <span class='ocrx_word' id='word_1_63' title='bbox 567 513 664 547; x_wconf 77' lang='lat' dir='ltr'>vobis</span> <span class='ocrx_word' id='word_1_64' title='bbox 693 513 881 548; x_wconf 86' lang='lat' dir='ltr'>nullatenus</span> <span class='ocrx_word' id='word_1_65' title='bbox 911 517 1079 560; x_wconf 52' lang='lat' dir='ltr'>competit3</span> <span class='ocrx_word' id='word_1_66' title='bbox 1116 514 1203 560; x_wconf 91' lang='lat' dir='ltr'>quod</span> <span class='ocrx_word' id='word_1_67' title='bbox 1237 513 1298 548; x_wconf 82' lang='lat' dir='ltr'>sibi</span> <span class='ocrx_word' id='word_1_68' title='bbox 1335 517 1437 560; x_wconf 86' lang='lat' dir='ltr'>ipsius</span> <span class='ocrx_word' id='word_1_69' title='bbox 1469 515 1621 549; x_wconf 81' lang='lat' dir='ltr'>Civitatis</span> <span class='ocrx_word' id='word_1_70' title='bbox 1651 514 1815 548; x_wconf 85' lang='lat' dir='ltr'>Judiciuin</span> <span class='ocrx_word' id='word_1_71' title='bbox 1846 516 1982 550; x_wconf 82' lang='lat' dir='ltr'>ulterius</span> 
     </span>
     <span class='ocr_line' id='line_1_8' title="bbox 113 575 1980 621; baseline 0.002 -15"><span class='ocrx_word' id='word_1_72' title='bbox 113 576 291 619; x_wconf 83' lang='lat' dir='ltr'>exponatis</span> <span class='ocrx_word' id='word_1_73' title='bbox 322 577 355 607; x_wconf 86' lang='lat' dir='ltr'>et</span> <span class='ocrx_word' id='word_1_74' title='bbox 381 578 520 619; x_wconf 84' lang='lat' dir='ltr'>propter</span> <span class='ocrx_word' id='word_1_75' title='bbox 555 585 630 620; x_wconf 61' lang='lat' dir='ltr'>que⁷</span> <span class='ocrx_word' id='word_1_76' title='bbox 662 577 748 608; x_wconf 91' lang='lat' dir='ltr'>inter</span> <span class='ocrx_word' id='word_1_77' title='bbox 783 575 845 609; x_wconf 89' lang='lat' dir='ltr'>alia</span> <span class='ocrx_word' id='word_1_78' title='bbox 880 575 1043 620; x_wconf 67' lang='lat' dir='ltr'>pericula,</span> <span class='ocrx_word' id='word_1_79' title='bbox 1081 577 1301 620; x_wconf 75' lang='lat' dir='ltr'>privationem</span> <span class='ocrx_word' id='word_1_80' title='bbox 1337 575 1486 618; x_wconf 87' lang='lat' dir='ltr'>ejusdem</span> <span class='ocrx_word' id='word_1_81' title='bbox 1518 575 1645 619; x_wconf 84' lang='lat' dir='ltr'>judicii.</span> <span class='ocrx_word' id='word_1_82' title='bbox 1681 578 1709 609; x_wconf 86' lang='lat' dir='ltr'>si</span> <span class='ocrx_word' id='word_1_83' title='bbox 1745 587 1804 621; x_wconf 88' lang='lat' dir='ltr'>per</span> <span class='ocrx_word' id='word_1_84' title='bbox 1839 576 1980 610; x_wconf 79' lang='lat' dir='ltr'>eundern</span> 
     </span>
     <span class='ocr_line' id='line_1_9' title="bbox 111 633 1615 681; baseline 0.001 -13"><span class='ocrx_word' id='word_1_85' title='bbox 111 633 307 668; x_wconf 87' lang='lat' dir='ltr'>modernum</span> <span class='ocrx_word' id='word_1_86' title='bbox 335 633 489 668; x_wconf 84' lang='lat' dir='ltr'>Judicem</span> <span class='ocrx_word' id='word_1_87' title='bbox 519 637 592 679; x_wconf 79' lang='lat' dir='ltr'>regi</span> <span class='ocrx_word' id='word_1_88' title='bbox 622 634 759 669; x_wconf 79' lang='lat' dir='ltr'>deberet</span> <span class='ocrx_word' id='word_1_89' title='bbox 790 635 930 669; x_wconf 79' lang='lat' dir='ltr'>diucius.</span> <span class='ocrx_word' id='word_1_90' title='bbox 961 639 1107 681; x_wconf 86' lang='lat' dir='ltr'>possetis</span> <span class='ocrx_word' id='word_1_91' title='bbox 1137 646 1203 670; x_wconf 91' lang='lat' dir='ltr'>non</span> <span class='ocrx_word' id='word_1_92' title='bbox 1232 638 1395 669; x_wconf 87' lang='lat' dir='ltr'>immerito</span> <span class='ocrx_word' id='word_1_93' title='bbox 1424 636 1615 670; x_wconf 75' lang='lat' dir='ltr'>formidare.</span> 
     </span>
    </p>
   </div>
   <div class='ocr_carea' id='block_1_3' title="bbox 423 713 1544 749">
    <p class='ocr_par' dir='ltr' id='par_1_3' title="bbox 423 713 1544 749">
     <span class='ocr_line' id='line_1_10' title="bbox 423 713 1544 749; baseline 0.003 -11"><span class='ocrx_word' id='word_1_94' title='bbox 423 713 532 742; x_wconf 65' lang='lat' dir='ltr'>(jacobi</span> <span class='ocrx_word' id='word_1_95' title='bbox 559 714 645 740; x_wconf 68' lang='lat' dir='ltr'>codex</span> <span class='ocrx_word' id='word_1_96' title='bbox 672 713 826 747; x_wconf 74' lang='lat' dir='ltr'>epistolaris</span> <span class='ocrx_word' id='word_1_97' title='bbox 850 714 983 740; x_wconf 76' lang='lat' dir='ltr'>Johannis</span> <span class='ocrx_word' id='word_1_98' title='bbox 1008 716 1082 747; x_wconf 63' lang='lat' dir='ltr'>regis</span> <span class='ocrx_word' id='word_1_99' title='bbox 1106 714 1249 741; x_wconf 80' lang='lat' dir='ltr'>Bobemiae</span> <span class='ocrx_word' id='word_1_100' title='bbox 1275 724 1300 749; x_wconf 89' lang='lat' dir='ltr'>p.</span> <span class='ocrx_word' id='word_1_101' title='bbox 1329 715 1377 740; x_wconf 79' lang='lat'>54.</span> <span class='ocrx_word' id='word_1_102' title='bbox 1404 723 1429 741; x_wconf 87' lang='lat' dir='ltr'>n.</span> <span class='ocrx_word' id='word_1_103' title='bbox 1460 714 1544 741; x_wconf 57' lang='lat'>12:³92</span> 
     </span>
    </p>
   </div>
   <div class='ocr_carea' id='block_1_4' title="bbox 988 869 1096 905">
    <p class='ocr_par' dir='ltr' id='par_1_4' title="bbox 988 869 1096 905">
     <span class='ocr_line' id='line_1_11' title="bbox 988 869 1096 905; baseline 0.009 -2"><span class='ocrx_word' id='word_1_104' title='bbox 988 869 1096 905; x_wconf 67' lang='lat'>317.</span> 
     </span>
    </p>
   </div>
   <div class='ocr_carea' id='block_1_5' title="bbox 112 945 1983 1053">
    <p class='ocr_par' dir='ltr' id='par_1_5' title="bbox 112 945 1983 1053">
     <span class='ocr_line' id='line_1_12' title="bbox 112 945 1983 992; baseline 0.001 -13"><span class='ocrx_word' id='word_1_105' title='bbox 112 945 226 990; x_wconf 69' lang='lat' dir='ltr'>Ko&#39;niq</span> <span class='ocrx_word' id='word_1_106' title='bbox 253 945 391 980; x_wconf 74' lang='lat' dir='ltr'>Johanu</span> <span class='ocrx_word' id='word_1_107' title='bbox 420 958 483 979; x_wconf 68' lang='lat' dir='ltr'>ron</span> <span class='ocrx_word' id='word_1_108' title='bbox 515 946 666 980; x_wconf 64' lang='lat' dir='ltr'>Balanea</span> <span class='ocrx_word' id='word_1_109' title='bbox 694 947 830 990; x_wconf 82' lang='lat' dir='ltr'>sorderl</span> <span class='ocrx_word' id='word_1_110' title='bbox 864 948 918 980; x_wconf 70' lang='lat' dir='ltr'>die</span> <span class='ocrx_word' id='word_1_111' title='bbox 948 947 1088 991; x_wconf 70' lang='lat' dir='ltr'>lylauer</span> <span class='ocrx_word' id='word_1_112' title='bbox 1124 947 1262 992; x_wconf 68' lang='lat' dir='ltr'>Buryer</span> <span class='ocrx_word' id='word_1_113' title='bbox 1297 949 1367 991; x_wconf 74' lang='lat' dir='ltr'>aas.</span> <span class='ocrx_word' id='word_1_114' title='bbox 1402 948 1484 982; x_wconf 82' lang='lat' dir='ltr'>(lass</span> <span class='ocrx_word' id='word_1_115' title='bbox 1517 950 1570 981; x_wconf 75' lang='lat' dir='ltr'>sie.</span> <span class='ocrx_word' id='word_1_116' title='bbox 1608 960 1668 982; x_wconf 70' lang='lat' dir='ltr'>zm·</span> <span class='ocrx_word' id='word_1_117' title='bbox 1697 948 1893 992; x_wconf 69' lang='lat' dir='ltr'>Sirleernnq</span> <span class='ocrx_word' id='word_1_118' title='bbox 1922 949 1983 982; x_wconf 76' lang='lat' dir='ltr'>der</span> 
     </span>
     <span class='ocr_line' id='line_1_13' title="bbox 112 1006 1980 1053; baseline 0.001 -13"><span class='ocrx_word' id='word_1_119' title='bbox 112 1006 278 1040; x_wconf 72' lang='lat' dir='ltr'>strassen</span> <span class='ocrx_word' id='word_1_120' title='bbox 307 1006 523 1051; x_wconf 77' lang='lat' dir='ltr'>Bewaffnete</span> <span class='ocrx_word' id='word_1_121' title='bbox 551 1006 730 1052; x_wconf 55' lang='lat' dir='ltr'>bestellen„</span> <span class='ocrx_word' id='word_1_122' title='bbox 759 1019 855 1041; x_wconf 66' lang='lat' dir='ltr'>vcozn</span> <span class='ocrx_word' id='word_1_123' title='bbox 883 1020 922 1040; x_wconf 78' lang='lat' dir='ltr'>er</span> <span class='ocrx_word' id='word_1_124' title='bbox 951 1008 1037 1041; x_wconf 75' lang='lat' dir='ltr'>auch</span> <span class='ocrx_word' id='word_1_125' title='bbox 1068 1007 1251 1053; x_wconf 70' lang='lat' dir='ltr'>beihz&#39;lslich</span> <span class='ocrx_word' id='word_1_126' title='bbox 1281 1010 1355 1042; x_wconf 79' lang='lat' dir='ltr'>sein</span> <span class='ocrx_word' id='word_1_127' title='bbox 1381 1008 1460 1042; x_wconf 67' lang='lat' dir='ltr'>will.</span> <span class='ocrx_word' id='word_1_128' title='bbox 1499 1012 1569 1046; x_wconf 79' lang='lat' dir='ltr'><em>(cc.</em></span> <span class='ocrx_word' id='word_1_129' title='bbox 1602 1008 1714 1042; x_wconf 83' lang='lat'><em>1335.</em></span> <span class='ocrx_word' id='word_1_130' title='bbox 1743 1020 1773 1042; x_wconf 89' lang='lat' dir='ltr'>o.</span> <span class='ocrx_word' id='word_1_131' title='bbox 1796 1008 1841 1042; x_wconf 91' lang='lat' dir='ltr'>D.</span> <span class='ocrx_word' id='word_1_132' title='bbox 1863 1020 1893 1041; x_wconf 78' lang='lat' dir='ltr'>n.</span> <span class='ocrx_word' id='word_1_133' title='bbox 1920 1008 1980 1051; x_wconf 85' lang='lat' dir='ltr'>O.)</span> 
     </span>
    </p>
   </div>
   <div class='ocr_carea' id='block_1_6' title="bbox 110 1081 1983 1454">
    <p class='ocr_par' dir='ltr' id='par_1_6' title="bbox 110 1081 1983 1454">
     <span class='ocr_line' id='line_1_14' title="bbox 273 1081 1983 1147; baseline 0.002 -12"><span class='ocrx_word' id='word_1_134' title='bbox 273 1081 468 1136; x_wconf 68' lang='lat' dir='ltr'>«lohannes</span> <span class='ocrx_word' id='word_1_135' title='bbox 498 1102 549 1136; x_wconf 86' lang='lat' dir='ltr'>dei</span> <span class='ocrx_word' id='word_1_136' title='bbox 579 1107 685 1147; x_wconf 78' lang='lat' dir='ltr'>gratia</span> <span class='ocrx_word' id='word_1_137' title='bbox 718 1108 748 1136; x_wconf 86' lang='lat' dir='ltr'>et</span> <span class='ocrx_word' id='word_1_138' title='bbox 783 1106 865 1137; x_wconf 89' lang='lat' dir='ltr'>cetr.</span> <span class='ocrx_word' id='word_1_139' title='bbox 902 1103 1041 1138; x_wconf 88' lang='lat' dir='ltr'>Dilectis</span> <span class='ocrx_word' id='word_1_140' title='bbox 1074 1103 1147 1138; x_wconf 87' lang='lat' dir='ltr'>sibi.</span> <span class='ocrx_word' id='word_1_141' title='bbox 1183 1103 1292 1139; x_wconf 88' lang='lat' dir='ltr'>Judici</span> <span class='ocrx_word' id='word_1_142' title='bbox 1329 1108 1359 1137; x_wconf 87' lang='lat' dir='ltr'>et</span> <span class='ocrx_word' id='word_1_143' title='bbox 1389 1104 1514 1138; x_wconf 85' lang='lat' dir='ltr'>Juratis</span> <span class='ocrx_word' id='word_1_144' title='bbox 1545 1116 1583 1138; x_wconf 87' lang='lat' dir='ltr'>ac</span> <span class='ocrx_word' id='word_1_145' title='bbox 1614 1106 1823 1138; x_wconf 84' lang='lat' dir='ltr'>universitati</span> <span class='ocrx_word' id='word_1_146' title='bbox 1852 1104 1983 1138; x_wconf 79' lang='lat' dir='ltr'>Civium</span> 
     </span>
     <span class='ocr_line' id='line_1_15' title="bbox 110 1161 1983 1211; baseline 0.001 -15"><span class='ocrx_word' id='word_1_147' title='bbox 110 1165 143 1197; x_wconf 90' lang='lat' dir='ltr'>in</span> <span class='ocrx_word' id='word_1_148' title='bbox 171 1161 350 1208; x_wconf 75' lang='lat' dir='ltr'>Igl(avi]a‚</span> <span class='ocrx_word' id='word_1_149' title='bbox 379 1166 521 1208; x_wconf 79' lang='lat' dir='ltr'>gratiani</span> <span class='ocrx_word' id='word_1_150' title='bbox 551 1175 643 1197; x_wconf 77' lang='lat' dir='ltr'>suam</span> <span class='ocrx_word' id='word_1_151' title='bbox 680 1168 710 1197; x_wconf 89' lang='lat' dir='ltr'>et</span> <span class='ocrx_word' id='word_1_152' title='bbox 748 1175 847 1197; x_wconf 91' lang='lat' dir='ltr'>omne</span> <span class='ocrx_word' id='word_1_153' title='bbox 883 1163 1016 1198; x_wconf 90' lang='lat' dir='ltr'>bonum.</span> <span class='ocrx_word' id='word_1_154' title='bbox 1052 1165 1199 1199; x_wconf 89' lang='lat' dir='ltr'>fidelitati</span> <span class='ocrx_word' id='word_1_155' title='bbox 1235 1169 1352 1199; x_wconf 84' lang='lat' dir='ltr'>vestre</span> <span class='ocrx_word' id='word_1_156' title='bbox 1387 1164 1582 1199; x_wconf 79' lang='lat' dir='ltr'>mandamus</span> <span class='ocrx_word' id='word_1_157' title='bbox 1615 1165 1782 1199; x_wconf 88' lang='lat' dir='ltr'>volentes.</span> <span class='ocrx_word' id='word_1_158' title='bbox 1819 1169 1983 1211; x_wconf 86' lang='lat' dir='ltr'>quatenus</span> 
     </span>
     <span class='ocr_line' id='line_1_16' title="bbox 110 1224 1983 1272; baseline 0.001 -15"><span class='ocrx_word' id='word_1_159' title='bbox 110 1226 197 1257; x_wconf 88' lang='lat' dir='ltr'>sicut</span> <span class='ocrx_word' id='word_1_160' title='bbox 226 1226 397 1270; x_wconf 84' lang='lat' dir='ltr'>incepistis</span> <span class='ocrx_word' id='word_1_161' title='bbox 425 1235 485 1269; x_wconf 83' lang='lat' dir='ltr'>pro</span> <span class='ocrx_word' id='word_1_162' title='bbox 515 1224 712 1258; x_wconf 77' lang='lat' dir='ltr'>defensione</span> <span class='ocrx_word' id='word_1_163' title='bbox 742 1229 856 1259; x_wconf 79' lang='lat' dir='ltr'>vestra</span> <span class='ocrx_word' id='word_1_164' title='bbox 887 1229 917 1258; x_wconf 90' lang='lat' dir='ltr'>et</span> <span class='ocrx_word' id='word_1_165' title='bbox 948 1225 1099 1259; x_wconf 82' lang='lat' dir='ltr'>Civitatis</span> <span class='ocrx_word' id='word_1_166' title='bbox 1127 1229 1244 1259; x_wconf 84' lang='lat' dir='ltr'>vestre</span> <span class='ocrx_word' id='word_1_167' title='bbox 1273 1236 1313 1259; x_wconf 81' lang='lat' dir='ltr'>ac</span> <span class='ocrx_word' id='word_1_168' title='bbox 1333 1227 1462 1259; x_wconf 82' lang='lat' dir='ltr'>viarum</span> <span class='ocrx_word' id='word_1_169' title='bbox 1488 1226 1721 1272; x_wconf 80' lang='lat' dir='ltr'>pacificatione</span> <span class='ocrx_word' id='word_1_170' title='bbox 1744 1236 1807 1259; x_wconf 78' lang='lat' dir='ltr'>vos</span> <span class='ocrx_word' id='word_1_171' title='bbox 1830 1225 1871 1259; x_wconf 88' lang='lat' dir='ltr'>ad</span> <span class='ocrx_word' id='word_1_172' title='bbox 1891 1236 1983 1259; x_wconf 86' lang='lat' dir='ltr'>arma</span> 
     </span>
     <span class='ocr_line' id='line_1_17' title="bbox 112 1284 1983 1331; baseline 0.001 -13"><span class='ocrx_word' id='word_1_173' title='bbox 112 1288 145 1318; x_wconf 84' lang='lat' dir='ltr'>et</span> <span class='ocrx_word' id='word_1_174' title='bbox 173 1295 279 1329; x_wconf 89' lang='lat' dir='ltr'>equos</span> <span class='ocrx_word' id='word_1_175' title='bbox 313 1295 446 1331; x_wconf 58' lang='lat' dir='ltr'>paral-Q</span> <span class='ocrx_word' id='word_1_176' title='bbox 483 1284 545 1318; x_wconf 82' lang='lat' dir='ltr'>hoc</span> <span class='ocrx_word' id='word_1_177' title='bbox 581 1288 755 1331; x_wconf 79' lang='lat' dir='ltr'>ipsumque</span> <span class='ocrx_word' id='word_1_178' title='bbox 790 1289 988 1319; x_wconf 85' lang='lat' dir='ltr'>continuare</span> <span class='ocrx_word' id='word_1_179' title='bbox 1023 1289 1158 1329; x_wconf 66' lang='lat' dir='ltr'>curetis,</span> <span class='ocrx_word' id='word_1_180' title='bbox 1196 1286 1425 1321; x_wconf 82' lang='lat' dir='ltr'>advertentes.</span> <span class='ocrx_word' id='word_1_181' title='bbox 1463 1285 1548 1331; x_wconf 81' lang='lat' dir='ltr'>quod</span> <span class='ocrx_word' id='word_1_182' title='bbox 1586 1286 1683 1320; x_wconf 82' lang='lat' dir='ltr'>vobis</span> <span class='ocrx_word' id='word_1_183' title='bbox 1722 1285 1806 1320; x_wconf 83' lang='lat' dir='ltr'>lianc</span> <span class='ocrx_word' id='word_1_184' title='bbox 1842 1288 1983 1330; x_wconf 77' lang='lat' dir='ltr'>gratiam</span> 
     </span>
     <span class='ocr_line' id='line_1_18' title="bbox 112 1343 1983 1393; baseline 0.001 -15"><span class='ocrx_word' id='word_1_185' title='bbox 112 1343 266 1379; x_wconf 68' lang='lat' dir='ltr'>dintiinus</span> <span class='ocrx_word' id='word_1_186' title='bbox 294 1343 491 1379; x_wconf 85' lang='lat' dir='ltr'>faciendam.</span> <span class='ocrx_word' id='word_1_187' title='bbox 523 1345 609 1392; x_wconf 90' lang='lat' dir='ltr'>qnod</span> <span class='ocrx_word' id='word_1_188' title='bbox 639 1350 825 1392; x_wconf 79' lang='lat' dir='ltr'>proventus</span> <span class='ocrx_word' id='word_1_189' title='bbox 855 1346 1000 1380; x_wconf 86' lang='lat' dir='ltr'>thelonei</span> <span class='ocrx_word' id='word_1_190' title='bbox 1030 1348 1166 1392; x_wconf 90' lang='lat' dir='ltr'>majoris</span> <span class='ocrx_word' id='word_1_191' title='bbox 1194 1349 1301 1393; x_wconf 86' lang='lat' dir='ltr'>ipsius</span> <span class='ocrx_word' id='word_1_192' title='bbox 1332 1346 1484 1381; x_wconf 89' lang='lat' dir='ltr'>Civitatis</span> <span class='ocrx_word' id='word_1_193' title='bbox 1518 1351 1647 1389; x_wconf 84' lang='lat' dir='ltr'>nostre.</span> <span class='ocrx_word' id='word_1_194' title='bbox 1681 1357 1746 1392; x_wconf 83' lang='lat' dir='ltr'>que</span> <span class='ocrx_word' id='word_1_195' title='bbox 1774 1345 1871 1380; x_wconf 88' lang='lat' dir='ltr'>nobis</span> <span class='ocrx_word' id='word_1_196' title='bbox 1900 1357 1983 1392; x_wconf 90' lang='lat' dir='ltr'>per-</span> 
     </span>
     <span class='ocr_line' id='line_1_19' title="bbox 112 1404 1890 1454; baseline 0.001 -16"><span class='ocrx_word' id='word_1_197' title='bbox 112 1407 229 1439; x_wconf 85' lang='lat' dir='ltr'>tinent.</span> <span class='ocrx_word' id='word_1_198' title='bbox 259 1404 298 1440; x_wconf 91' lang='lat' dir='ltr'>ad</span> <span class='ocrx_word' id='word_1_199' title='bbox 327 1406 506 1452; x_wconf 86' lang='lat' dir='ltr'>aptandum</span> <span class='ocrx_word' id='word_1_200' title='bbox 534 1417 598 1439; x_wconf 77' lang='lat' dir='ltr'>vos</span> <span class='ocrx_word' id='word_1_201' title='bbox 628 1418 701 1440; x_wconf 87' lang='lat' dir='ltr'>cnm</span> <span class='ocrx_word' id='word_1_202' title='bbox 733 1407 794 1440; x_wconf 85' lang='lat' dir='ltr'>liiis</span> <span class='ocrx_word' id='word_1_203' title='bbox 823 1406 941 1441; x_wconf 81' lang='lat' dir='ltr'>melius</span> <span class='ocrx_word' id='word_1_204' title='bbox 971 1406 1010 1440; x_wconf 83' lang='lat' dir='ltr'>ad</span> <span class='ocrx_word' id='word_1_205' title='bbox 1039 1410 1215 1453; x_wconf 86' lang='lat' dir='ltr'>premissa.</span> <span class='ocrx_word' id='word_1_206' title='bbox 1245 1410 1422 1454; x_wconf 86' lang='lat' dir='ltr'>percipere</span> <span class='ocrx_word' id='word_1_207' title='bbox 1451 1418 1511 1453; x_wconf 88' lang='lat' dir='ltr'>per</span> <span class='ocrx_word' id='word_1_208' title='bbox 1540 1406 1707 1441; x_wconf 85' lang='lat' dir='ltr'>biennium</span> <span class='ocrx_word' id='word_1_209' title='bbox 1736 1407 1890 1441; x_wconf 71' lang='lat' dir='ltr'>valeatis,</span> 
     </span>
    </p>
   </div>
   <div class='ocr_carea' id='block_1_7' title="bbox 423 1484 1982 1572">
    <p class='ocr_par' dir='ltr' id='par_1_7' title="bbox 423 1484 1982 1572">
     <span class='ocr_line' id='line_1_20' title="bbox 423 1484 1982 1520; baseline 0.002 -11"><span class='ocrx_word' id='word_1_210' title='bbox 423 1484 534 1517; x_wconf 68' lang='lat' dir='ltr'>(Jac-ubi</span> <span class='ocrx_word' id='word_1_211' title='bbox 561 1486 649 1511; x_wconf 66' lang='lat' dir='ltr'>codex</span> <span class='ocrx_word' id='word_1_212' title='bbox 673 1486 827 1520; x_wconf 82' lang='lat' dir='ltr'>epistolaris</span> <span class='ocrx_word' id='word_1_213' title='bbox 853 1485 986 1512; x_wconf 79' lang='lat' dir='ltr'>Jobannis</span> <span class='ocrx_word' id='word_1_214' title='bbox 1013 1494 1070 1520; x_wconf 79' lang='lat' dir='ltr'>reg.</span> <span class='ocrx_word' id='word_1_215' title='bbox 1103 1485 1212 1512; x_wconf 87' lang='lat' dir='ltr'>Bohem.</span> <span class='ocrx_word' id='word_1_216' title='bbox 1238 1487 1264 1512; x_wconf 78' lang='lat' dir='ltr'>S.</span> <span class='ocrx_word' id='word_1_217' title='bbox 1291 1486 1339 1512; x_wconf 63' lang='lat'>64,</span> <span class='ocrx_word' id='word_1_218' title='bbox 1367 1495 1391 1513; x_wconf 91' lang='lat' dir='ltr'>n.</span> <span class='ocrx_word' id='word_1_219' title='bbox 1420 1486 1489 1512; x_wconf 84' lang='lat'>151.</span> <span class='ocrx_word' id='word_1_220' title='bbox 1517 1502 1555 1505; x_wconf 69' lang='lat'>—</span> <span class='ocrx_word' id='word_1_221' title='bbox 1581 1486 1675 1520; x_wconf 73' lang='lat' dir='ltr'>vergi.</span> <span class='ocrx_word' id='word_1_222' title='bbox 1701 1486 1743 1512; x_wconf 84' lang='lat' dir='ltr'>die</span> <span class='ocrx_word' id='word_1_223' title='bbox 1768 1485 1897 1512; x_wconf 81' lang='lat' dir='ltr'>Ui-kunde</span> <span class='ocrx_word' id='word_1_224' title='bbox 1922 1494 1982 1512; x_wconf 72' lang='lat' dir='ltr'>voni</span> 
     </span>
     <span class='ocr_line' id='line_1_21' title="bbox 529 1536 1927 1572; baseline 0.001 -10"><span class='ocrx_word' id='word_1_225' title='bbox 529 1536 579 1562; x_wconf 73' lang='lat'>24.</span> <span class='ocrx_word' id='word_1_226' title='bbox 605 1537 702 1564; x_wconf 67' lang='lat' dir='ltr'>Ortob.</span> <span class='ocrx_word' id='word_1_227' title='bbox 729 1537 821 1563; x_wconf 74' lang='lat'>1335.</span> <span class='ocrx_word' id='word_1_228' title='bbox 848 1546 873 1563; x_wconf 85' lang='lat' dir='ltr'>n.</span> <span class='ocrx_word' id='word_1_229' title='bbox 899 1536 948 1563; x_wconf 80' lang='lat'>88.</span> <span class='ocrx_word' id='word_1_230' title='bbox 974 1537 1000 1565; x_wconf 89' lang='lat' dir='ltr'>d.</span> <span class='ocrx_word' id='word_1_231' title='bbox 1027 1536 1066 1564; x_wconf 82' lang='grc' dir='ltr'>Β..</span> <span class='ocrx_word' id='word_1_232' title='bbox 1091 1538 1135 1564; x_wconf 88' lang='lat' dir='ltr'>mit</span> <span class='ocrx_word' id='word_1_233' title='bbox 1159 1538 1281 1564; x_wconf 79' lang='lat' dir='ltr'>welcber</span> <span class='ocrx_word' id='word_1_234' title='bbox 1304 1538 1347 1564; x_wconf 83' lang='lat' dir='ltr'>(lie</span> <span class='ocrx_word' id='word_1_235' title='bbox 1372 1538 1555 1565; x_wconf 74' lang='lat' dir='ltr'>vorstebentle</span> <span class='ocrx_word' id='word_1_236' title='bbox 1581 1539 1605 1564; x_wconf 89' lang='lat' dir='ltr'>in</span> <span class='ocrx_word' id='word_1_237' title='bbox 1631 1538 1808 1572; x_wconf 65' lang='lat' dir='ltr'>vorbindung</span> <span class='ocrx_word' id='word_1_238' title='bbox 1832 1538 1927 1564; x_wconf 78' lang='lat' dir='ltr'>steht.)</span> 
     </span>
    </p>
   </div>
   <div class='ocr_carea' id='block_1_8' title="bbox 997 1693 1105 1729">
    <p class='ocr_par' dir='ltr' id='par_1_8' title="bbox 997 1693 1105 1729">
     <span class='ocr_line' id='line_1_22' title="bbox 997 1693 1105 1729; baseline 0.009 -1"><span class='ocrx_word' id='word_1_239' title='bbox 997 1693 1105 1729; x_wconf 62' lang='lat'>318.</span> 
     </span>
    </p>
   </div>
   <div class='ocr_carea' id='block_1_9' title="bbox 113 1768 1983 1936">
    <p class='ocr_par' dir='ltr' id='par_1_9' title="bbox 113 1768 1983 1936">
     <span class='ocr_line' id='line_1_23' title="bbox 113 1768 1982 1816; baseline 0 -13"><span class='ocrx_word' id='word_1_240' title='bbox 113 1768 187 1803; x_wconf 82' lang='lat' dir='ltr'>Der</span> <span class='ocrx_word' id='word_1_241' title='bbox 214 1769 418 1804; x_wconf 73' lang='lat' dir='ltr'>Keimmerer</span> <span class='ocrx_word' id='word_1_242' title='bbox 447 1770 639 1814; x_wconf 76' lang='lat' dir='ltr'>cerspricht</span> <span class='ocrx_word' id='word_1_243' title='bbox 669 1771 701 1803; x_wconf 74' lang='lat' dir='ltr'>in</span> <span class='ocrx_word' id='word_1_244' title='bbox 731 1772 839 1804; x_wconf 80' lang='lat' dir='ltr'>einem</span> <span class='ocrx_word' id='word_1_245' title='bbox 868 1769 1061 1805; x_wconf 74' lang='lat' dir='ltr'>Schreiben</span> <span class='ocrx_word' id='word_1_246' title='bbox 1088 1781 1133 1804; x_wconf 79' lang='lat' dir='ltr'>an</span> <span class='ocrx_word' id='word_1_247' title='bbox 1161 1771 1216 1804; x_wconf 74' lang='lat' dir='ltr'>die</span> <span class='ocrx_word' id='word_1_248' title='bbox 1244 1771 1550 1816; x_wconf 66' lang='lat' dir='ltr'>[saniqinqrdtzer.</span> <span class='ocrx_word' id='word_1_249' title='bbox 1581 1772 1661 1805; x_wconf 82' lang='lat' dir='ltr'>dass</span> <span class='ocrx_word' id='word_1_250' title='bbox 1689 1782 1729 1804; x_wconf 78' lang='lat' dir='ltr'>er</span> <span class='ocrx_word' id='word_1_251' title='bbox 1756 1771 1843 1804; x_wconf 74' lang='lat' dir='ltr'>nack</span> <span class='ocrx_word' id='word_1_252' title='bbox 1874 1771 1982 1804; x_wconf 65' lang='lat' dir='ltr'>ill-rem</span> 
     </span>
     <span class='ocr_line' id='line_1_24' title="bbox 120 1829 1983 1882; baseline 0 -16"><span class='ocrx_word' id='word_1_253' title='bbox 120 1829 290 1866; x_wconf 75' lang='lat' dir='ltr'>Wunsclae</span> <span class='ocrx_word' id='word_1_254' title='bbox 318 1831 373 1864; x_wconf 79' lang='lat' dir='ltr'>die</span> <span class='ocrx_word' id='word_1_255' title='bbox 402 1831 718 1876; x_wconf 68' lang='lat' dir='ltr'>Anyeleqenkeiten</span> <span class='ocrx_word' id='word_1_256' title='bbox 748 1831 810 1865; x_wconf 80' lang='lat' dir='ltr'>der</span> <span class='ocrx_word' id='word_1_257' title='bbox 838 1831 964 1866; x_wconf 65' lang='lat' dir='ltr'>Stridee</span> <span class='ocrx_word' id='word_1_258' title='bbox 993 1830 1079 1865; x_wconf 78' lang='lat' dir='ltr'>heim</span> <span class='ocrx_word' id='word_1_259' title='bbox 1108 1831 1243 1876; x_wconf 74' lang='lat' dir='ltr'>Koniqe</span> <span class='ocrx_word' id='word_1_260' title='bbox 1267 1832 1410 1876; x_wconf 73' lang='lat' dir='ltr'>sordem</span> <span class='ocrx_word' id='word_1_261' title='bbox 1446 1832 1557 1875; x_wconf 65' lang='lat' dir='ltr'>molle,</span> <span class='ocrx_word' id='word_1_262' title='bbox 1587 1832 1654 1865; x_wconf 77' lang='lat' dir='ltr'>und</span> <span class='ocrx_word' id='word_1_263' title='bbox 1681 1831 1859 1882; x_wconf 68' lang='lat' dir='ltr'>erwcilmet</span> <span class='ocrx_word' id='word_1_264' title='bbox 1887 1833 1983 1866; x_wconf 74' lang='lat' dir='ltr'>eines</span> 
     </span>
     <span class='ocr_line' id='line_1_25' title="bbox 571 1891 1530 1936; baseline 0.003 -11"><span class='ocrx_word' id='word_1_265' title='bbox 571 1891 684 1936; x_wconf 75' lang='lat' dir='ltr'>Zuqes</span> <span class='ocrx_word' id='word_1_266' title='bbox 712 1892 802 1925; x_wconf 66' lang='lat' dir='ltr'>nacla</span> <span class='ocrx_word' id='word_1_267' title='bbox 831 1891 988 1926; x_wconf 63' lang='lat' dir='ltr'>itlalcreu.</span> <span class='ocrx_word' id='word_1_268' title='bbox 1021 1894 1082 1935; x_wconf 83' lang='lat' dir='ltr'>(cc</span> <span class='ocrx_word' id='word_1_269' title='bbox 1124 1891 1235 1926; x_wconf 81' lang='lat'><em>1336.</em></span> <span class='ocrx_word' id='word_1_270' title='bbox 1265 1903 1296 1927; x_wconf 91' lang='lat' dir='ltr'>o.</span> <span class='ocrx_word' id='word_1_271' title='bbox 1328 1892 1373 1927; x_wconf 91' lang='lat' dir='ltr'>D.</span> <span class='ocrx_word' id='word_1_272' title='bbox 1402 1905 1435 1927; x_wconf 78' lang='lat' dir='ltr'>u.</span> <span class='ocrx_word' id='word_1_273' title='bbox 1468 1893 1530 1935; x_wconf 82' lang='lat' dir='ltr'>O.)</span> 
     </span>
    </p>
   </div>
   <div class='ocr_carea' id='block_1_10' title="bbox 113 1948 1985 2564">
    <p class='ocr_par' dir='ltr' id='par_1_10' title="bbox 113 1948 1985 2564">
     <span class='ocr_line' id='line_1_26' title="bbox 270 1948 1981 2016; baseline 0.001 -13"><span class='ocrx_word' id='word_1_274' title='bbox 270 1948 516 2004; x_wconf 77' lang='lat' dir='ltr'>prudentibus</span> <span class='ocrx_word' id='word_1_275' title='bbox 554 1969 840 2004; x_wconf 82' lang='lat' dir='ltr'>viris...Judici</span> <span class='ocrx_word' id='word_1_276' title='bbox 876 1974 909 2004; x_wconf 88' lang='lat' dir='ltr'>et</span> <span class='ocrx_word' id='word_1_277' title='bbox 946 1969 1070 2005; x_wconf 80' lang='lat' dir='ltr'>Juratis</span> <span class='ocrx_word' id='word_1_278' title='bbox 1110 1969 1376 2016; x_wconf 69' lang='lat' dir='ltr'>Grecenssibus)</span> <span class='ocrx_word' id='word_1_279' title='bbox 1413 1974 1530 2006; x_wconf 87' lang='lat' dir='ltr'>amicis</span> <span class='ocrx_word' id='word_1_280' title='bbox 1566 1971 1707 2014; x_wconf 61' lang='lat' dir='ltr'>dilectis,</span> <span class='ocrx_word' id='word_1_281' title='bbox 1746 1969 1981 2016; x_wconf 65' lang='lat' dir='ltr'>Frenzlfinus)</span> 
     </span>
     <span class='ocr_line' id='line_1_27' title="bbox 113 2026 1984 2076; baseline 0.001 -14"><span class='ocrx_word' id='word_1_282' title='bbox 113 2026 233 2062; x_wconf 79' lang='lat' dir='ltr'>Jacobi</span> <span class='ocrx_word' id='word_1_283' title='bbox 261 2028 303 2064; x_wconf 88' lang='lat' dir='ltr'>de</span> <span class='ocrx_word' id='word_1_284' title='bbox 336 2029 459 2075; x_wconf 62' lang='lat' dir='ltr'>Plaga,</span> <span class='ocrx_word' id='word_1_285' title='bbox 496 2033 629 2064; x_wconf 85' lang='lat' dir='ltr'>sincere</span> <span class='ocrx_word' id='word_1_286' title='bbox 662 2030 791 2064; x_wconf 88' lang='lat' dir='ltr'>dilectis</span> <span class='ocrx_word' id='word_1_287' title='bbox 828 2035 859 2064; x_wconf 88' lang='lat' dir='ltr'>et</span> <span class='ocrx_word' id='word_1_288' title='bbox 888 2035 970 2064; x_wconf 87' lang='lat' dir='ltr'>cetr.</span> <span class='ocrx_word' id='word_1_289' title='bbox 1008 2030 1056 2064; x_wconf 88' lang='lat' dir='ltr'>Ea</span> <span class='ocrx_word' id='word_1_290' title='bbox 1089 2041 1153 2076; x_wconf 90' lang='lat' dir='ltr'>que</span> <span class='ocrx_word' id='word_1_291' title='bbox 1189 2036 1304 2066; x_wconf 88' lang='lat' dir='ltr'>vestre</span> <span class='ocrx_word' id='word_1_292' title='bbox 1339 2032 1445 2066; x_wconf 84' lang='lat' dir='ltr'>littere</span> <span class='ocrx_word' id='word_1_293' title='bbox 1481 2032 1558 2066; x_wconf 84' lang='lat' dir='ltr'>milii</span> <span class='ocrx_word' id='word_1_294' title='bbox 1593 2035 1694 2066; x_wconf 83' lang='lat' dir='ltr'>misse</span> <span class='ocrx_word' id='word_1_295' title='bbox 1729 2031 1914 2074; x_wconf 52' lang='lat' dir='ltr'>hortantur³</span> <span class='ocrx_word' id='word_1_296' title='bbox 1950 2035 1984 2065; x_wconf 89' lang='lat' dir='ltr'>ut</span> 
     </span>
     <span class='ocr_line' id='line_1_28' title="bbox 117 2087 1984 2139; baseline 0.002 -17"><span class='ocrx_word' id='word_1_297' title='bbox 117 2087 250 2132; x_wconf 83' lang='lat' dir='ltr'>faciam,</span> <span class='ocrx_word' id='word_1_298' title='bbox 279 2100 345 2124; x_wconf 89' lang='lat' dir='ltr'>non</span> <span class='ocrx_word' id='word_1_299' title='bbox 373 2090 554 2134; x_wconf 75' lang='lat' dir='ltr'>obmittam,</span> <span class='ocrx_word' id='word_1_300' title='bbox 585 2095 815 2125; x_wconf 81' lang='lat' dir='ltr'>verumtamen</span> <span class='ocrx_word' id='word_1_301' title='bbox 855 2090 1024 2125; x_wconf 89' lang='lat' dir='ltr'>dominum</span> <span class='ocrx_word' id='word_1_302' title='bbox 1051 2102 1160 2125; x_wconf 89' lang='lat' dir='ltr'>meum</span> <span class='ocrx_word' id='word_1_303' title='bbox 1198 2091 1329 2137; x_wconf 84' lang='lat' dir='ltr'>Regem</span> <span class='ocrx_word' id='word_1_304' title='bbox 1362 2091 1446 2127; x_wconf 85' lang='lat' dir='ltr'>feria</span> <span class='ocrx_word' id='word_1_305' title='bbox 1480 2095 1591 2139; x_wconf 83' lang='lat' dir='ltr'>quinta</span> <span class='ocrx_word' id='word_1_306' title='bbox 1624 2094 1778 2138; x_wconf 79' lang='lat' dir='ltr'>proxima</span> <span class='ocrx_word' id='word_1_307' title='bbox 1813 2091 1855 2126; x_wconf 87' lang='lat' dir='ltr'>ad</span> <span class='ocrx_word' id='word_1_308' title='bbox 1884 2091 1984 2126; x_wconf 76' lang='lat' dir='ltr'>Civi-</span> 
     </span>
     <span class='ocr_line' id='line_1_29' title="bbox 116 2147 1985 2199; baseline 0.002 -17"><span class='ocrx_word' id='word_1_309' title='bbox 116 2152 215 2183; x_wconf 85' lang='lat' dir='ltr'>tatem</span> <span class='ocrx_word' id='word_1_310' title='bbox 244 2147 491 2196; x_wconf 84' lang='lat' dir='ltr'>Policen(sem)</span> <span class='ocrx_word' id='word_1_311' title='bbox 521 2156 699 2186; x_wconf 85' lang='lat' dir='ltr'>venturum</span> <span class='ocrx_word' id='word_1_312' title='bbox 728 2162 794 2185; x_wconf 91' lang='lat' dir='ltr'>non</span> <span class='ocrx_word' id='word_1_313' title='bbox 825 2151 938 2185; x_wconf 88' lang='lat' dir='ltr'>credo.</span> <span class='ocrx_word' id='word_1_314' title='bbox 970 2150 1006 2186; x_wconf 89' lang='lat' dir='ltr'>Si</span> <span class='ocrx_word' id='word_1_315' title='bbox 1036 2156 1144 2186; x_wconf 91' lang='lat' dir='ltr'>tamen</span> <span class='ocrx_word' id='word_1_316' title='bbox 1177 2163 1251 2186; x_wconf 91' lang='lat' dir='ltr'>eum</span> <span class='ocrx_word' id='word_1_317' title='bbox 1281 2152 1345 2187; x_wconf 87' lang='lat' dir='ltr'>illie</span> <span class='ocrx_word' id='word_1_318' title='bbox 1375 2156 1493 2188; x_wconf 87' lang='lat' dir='ltr'>venire</span> <span class='ocrx_word' id='word_1_319' title='bbox 1522 2156 1744 2197; x_wconf 69' lang='lat' dir='ltr'>contingeret,</span> <span class='ocrx_word' id='word_1_320' title='bbox 1775 2157 1900 2186; x_wconf 76' lang='lat' dir='ltr'>extunc</span> <span class='ocrx_word' id='word_1_321' title='bbox 1924 2164 1985 2199; x_wconf 88' lang='lat' dir='ltr'>per</span> 
     </span>
     <span class='ocr_line' id='line_1_30' title="bbox 116 2211 1982 2259; baseline 0.002 -16"><span class='ocrx_word' id='word_1_322' title='bbox 116 2211 274 2243; x_wconf 87' lang='lat' dir='ltr'>nuncium</span> <span class='ocrx_word' id='word_1_323' title='bbox 303 2221 410 2245; x_wconf 88' lang='lat' dir='ltr'>meum</span> <span class='ocrx_word' id='word_1_324' title='bbox 446 2211 544 2246; x_wconf 87' lang='lat' dir='ltr'>vobis</span> <span class='ocrx_word' id='word_1_325' title='bbox 581 2217 613 2246; x_wconf 89' lang='lat' dir='ltr'>et</span> <span class='ocrx_word' id='word_1_326' title='bbox 646 2211 846 2255; x_wconf 84' lang='lat' dir='ltr'>Muten(sis]</span> <span class='ocrx_word' id='word_1_327' title='bbox 880 2211 1170 2258; x_wconf 64' lang='lat' dir='ltr'>Chrudimtensis)</span> <span class='ocrx_word' id='word_1_328' title='bbox 1204 2213 1428 2258; x_wconf 83' lang='lat' dir='ltr'>Policen(sis)</span> <span class='ocrx_word' id='word_1_329' title='bbox 1464 2218 1495 2248; x_wconf 91' lang='lat' dir='ltr'>et</span> <span class='ocrx_word' id='word_1_330' title='bbox 1523 2212 1776 2259; x_wconf 85' lang='lat' dir='ltr'>.lermir[ensis)</span> <span class='ocrx_word' id='word_1_331' title='bbox 1805 2212 1982 2248; x_wconf 86' lang='lat' dir='ltr'>Civitatum</span> 
     </span>
     <span class='ocr_line' id='line_1_31' title="bbox 117 2268 1983 2321; baseline 0.003 -18"><span class='ocrx_word' id='word_1_332' title='bbox 117 2268 266 2313; x_wconf 57' lang='lat' dir='ltr'>Civibus2</span> <span class='ocrx_word' id='word_1_333' title='bbox 305 2270 388 2306; x_wconf 86' lang='lat' dir='ltr'>tales</span> <span class='ocrx_word' id='word_1_334' title='bbox 421 2272 549 2307; x_wconf 88' lang='lat' dir='ltr'>litteras</span> <span class='ocrx_word' id='word_1_335' title='bbox 584 2273 724 2318; x_wconf 75' lang='lat' dir='ltr'>Regias.</span> <span class='ocrx_word' id='word_1_336' title='bbox 759 2272 875 2318; x_wconf 90' lang='lat' dir='ltr'>quales</span> <span class='ocrx_word' id='word_1_337' title='bbox 911 2275 1031 2319; x_wconf 69' lang='lat' dir='ltr'>petitis,</span> <span class='ocrx_word' id='word_1_338' title='bbox 1067 2276 1128 2308; x_wconf 90' lang='lat' dir='ltr'>nisi</span> <span class='ocrx_word' id='word_1_339' title='bbox 1165 2273 1316 2309; x_wconf 87' lang='lat' dir='ltr'>absentia</span> <span class='ocrx_word' id='word_1_340' title='bbox 1351 2286 1425 2310; x_wconf 85' lang='lat' dir='ltr'>mea</span> <span class='ocrx_word' id='word_1_341' title='bbox 1461 2275 1649 2317; x_wconf 71' lang='lat' dir='ltr'>obsisteret,</span> <span class='ocrx_word' id='word_1_342' title='bbox 1684 2273 1884 2321; x_wconf 86' lang='lat' dir='ltr'>procurabo.</span> <span class='ocrx_word' id='word_1_343' title='bbox 1916 2273 1983 2308; x_wconf 89' lang='lat' dir='ltr'>Sed</span> 
     </span>
     <span class='ocr_line' id='line_1_32' title="bbox 117 2332 1984 2382; baseline 0.003 -19"><span class='ocrx_word' id='word_1_344' title='bbox 117 2334 231 2364; x_wconf 87' lang='lat' dir='ltr'>tamen</span> <span class='ocrx_word' id='word_1_345' title='bbox 258 2332 367 2364; x_wconf 82' lang='lat' dir='ltr'>statim</span> <span class='ocrx_word' id='word_1_346' title='bbox 396 2337 515 2381; x_wconf 86' lang='lat' dir='ltr'>postea</span> <span class='ocrx_word' id='word_1_347' title='bbox 544 2334 585 2367; x_wconf 93' lang='lat' dir='ltr'>ad</span> <span class='ocrx_word' id='word_1_348' title='bbox 614 2337 720 2380; x_wconf 90' lang='lat' dir='ltr'>ipsum</span> <span class='ocrx_word' id='word_1_349' title='bbox 751 2333 920 2367; x_wconf 90' lang='lat' dir='ltr'>dominum</span> <span class='ocrx_word' id='word_1_350' title='bbox 949 2344 1058 2368; x_wconf 90' lang='lat' dir='ltr'>meum</span> <span class='ocrx_word' id='word_1_351' title='bbox 1093 2334 1223 2379; x_wconf 85' lang='lat' dir='ltr'>Regem</span> <span class='ocrx_word' id='word_1_352' title='bbox 1259 2335 1299 2369; x_wconf 90' lang='lat' dir='ltr'>ad</span> <span class='ocrx_word' id='word_1_353' title='bbox 1334 2336 1583 2382; x_wconf 79' lang='lat' dir='ltr'>expeditionem</span> <span class='ocrx_word' id='word_1_354' title='bbox 1617 2338 1649 2369; x_wconf 90' lang='lat' dir='ltr'>in</span> <span class='ocrx_word' id='word_1_355' title='bbox 1678 2333 1863 2370; x_wconf 81' lang='lat' dir='ltr'>Moraviam</span> <span class='ocrx_word' id='word_1_356' title='bbox 1899 2335 1984 2369; x_wconf 88' lang='lat' dir='ltr'>des-</span> 
     </span>
     <span class='ocr_line' id='line_1_33' title="bbox 115 2392 1982 2442; baseline 0.002 -17"><span class='ocrx_word' id='word_1_357' title='bbox 115 2401 292 2433; x_wconf 56' lang='lat' dir='ltr'>censurus</span> <span class='ocrx_word' id='word_1_358' title='bbox 323 2394 351 2425; x_wconf 89' lang='lat' dir='ltr'>si</span> <span class='ocrx_word' id='word_1_359' title='bbox 379 2392 456 2437; x_wconf 85' lang='lat' dir='ltr'>quid</span> <span class='ocrx_word' id='word_1_360' title='bbox 485 2405 544 2440; x_wconf 89' lang='lat' dir='ltr'>per</span> <span class='ocrx_word' id='word_1_361' title='bbox 572 2395 694 2429; x_wconf 86' lang='lat' dir='ltr'>dictum</span> <span class='ocrx_word' id='word_1_362' title='bbox 719 2404 832 2428; x_wconf 90' lang='lat' dir='ltr'>-meum</span> <span class='ocrx_word' id='word_1_363' title='bbox 862 2396 1019 2428; x_wconf 83' lang='lat' dir='ltr'>nuncium</span> <span class='ocrx_word' id='word_1_364' title='bbox 1049 2394 1238 2440; x_wconf 81' lang='lat' dir='ltr'>neglectum</span> <span class='ocrx_word' id='word_1_365' title='bbox 1268 2395 1367 2430; x_wconf 82' lang='lat' dir='ltr'>fuerit</span> <span class='ocrx_word' id='word_1_366' title='bbox 1395 2400 1426 2431; x_wconf 89' lang='lat' dir='ltr'>in</span> <span class='ocrx_word' id='word_1_367' title='bbox 1456 2396 1517 2429; x_wconf 85' lang='lat' dir='ltr'>bac</span> <span class='ocrx_word' id='word_1_368' title='bbox 1546 2400 1652 2441; x_wconf 65' lang='lat' dir='ltr'>parte,</span> <span class='ocrx_word' id='word_1_369' title='bbox 1681 2396 1855 2442; x_wconf 86' lang='lat' dir='ltr'>supplebo.</span> <span class='ocrx_word' id='word_1_370' title='bbox 1885 2396 1982 2430; x_wconf 90' lang='lat' dir='ltr'>dubio</span> 
     </span>
     <span class='ocr_line' id='line_1_34' title="bbox 117 2450 1982 2503; baseline 0.003 -18"><span class='ocrx_word' id='word_1_371' title='bbox 117 2450 263 2495; x_wconf 88' lang='lat' dir='ltr'>quolibet</span> <span class='ocrx_word' id='word_1_372' title='bbox 300 2452 417 2498; x_wconf 89' lang='lat' dir='ltr'>procul</span> <span class='ocrx_word' id='word_1_373' title='bbox 454 2459 574 2489; x_wconf 65' lang='lat' dir='ltr'>moto.‘</span> <span class='ocrx_word' id='word_1_374' title='bbox 597 2455 835 2501; x_wconf 82' lang='lat' dir='ltr'>Cogitaveram</span> <span class='ocrx_word' id='word_1_375' title='bbox 877 2457 998 2501; x_wconf 89' lang='lat' dir='ltr'>quippe</span> <span class='ocrx_word' id='word_1_376' title='bbox 1037 2460 1134 2489; x_wconf 90' lang='lat' dir='ltr'>antea</span> <span class='ocrx_word' id='word_1_377' title='bbox 1179 2455 1335 2502; x_wconf 85' lang='lat' dir='ltr'>predictis</span> <span class='ocrx_word' id='word_1_378' title='bbox 1379 2456 1406 2489; x_wconf 81' lang='lat' dir='ltr'>V</span> <span class='ocrx_word' id='word_1_379' title='bbox 1442 2455 1638 2491; x_wconf 86' lang='lat' dir='ltr'>Civitatibus</span> <span class='ocrx_word' id='word_1_380' title='bbox 1676 2467 1773 2490; x_wconf 88' lang='lat' dir='ltr'>unam</span> <span class='ocrx_word' id='word_1_381' title='bbox 1814 2461 1982 2503; x_wconf 86' lang='lat' dir='ltr'>patentem</span> 
     </span>
     <span class='ocr_line' id='line_1_35' title="bbox 116 2511 1984 2564; baseline 0.004 -20"><span class='ocrx_word' id='word_1_382' title='bbox 116 2511 260 2545; x_wconf 86' lang='lat' dir='ltr'>litteram</span> <span class='ocrx_word' id='word_1_383' title='bbox 288 2511 431 2557; x_wconf 86' lang='lat' dir='ltr'>Regiam</span> <span class='ocrx_word' id='word_1_384' title='bbox 460 2525 535 2548; x_wconf 90' lang='lat' dir='ltr'>cum</span> <span class='ocrx_word' id='word_1_385' title='bbox 563 2517 680 2560; x_wconf 77' lang='lat' dir='ltr'>maJori</span> <span class='ocrx_word' id='word_1_386' title='bbox 718 2515 827 2561; x_wconf 82' lang='lat' dir='ltr'>sigillo</span> <span class='ocrx_word' id='word_1_387' title='bbox 862 2517 1031 2558; x_wconf 74' lang='lat' dir='ltr'>inunitam.v</span> <span class='ocrx_word' id='word_1_388' title='bbox 1067 2519 1150 2551; x_wconf 89' lang='lat' dir='ltr'>sicut</span> <span class='ocrx_word' id='word_1_389' title='bbox 1181 2516 1287 2551; x_wconf 86' lang='lat' dir='ltr'>adhuc</span> <span class='ocrx_word' id='word_1_390' title='bbox 1315 2521 1438 2563; x_wconf 66' lang='lat' dir='ltr'>cogito,</span> <span class='ocrx_word' id='word_1_391' title='bbox 1472 2516 1634 2560; x_wconf 72' lang='lat' dir='ltr'>obtinere,</span> <span class='ocrx_word' id='word_1_392' title='bbox 1663 2527 1725 2564; x_wconf 89' lang='lat' dir='ltr'>per</span> <span class='ocrx_word' id='word_1_393' title='bbox 1753 2528 1850 2562; x_wconf 83' lang='lat' dir='ltr'>quam</span> <span class='ocrx_word' id='word_1_394' title='bbox 1880 2528 1984 2551; x_wconf 88' lang='lat' dir='ltr'>asse-</span> 
     </span>
    </p>
   </div>
   <div class='ocr_carea' id='block_1_11' title="bbox 116 2575 1981 2663">
    <p class='ocr_par' dir='ltr' id='par_1_11' title="bbox 116 2575 1981 2663">
     <span class='ocr_line' id='line_1_36' title="bbox 116 2575 1981 2622; baseline 0.002 -16"><span class='ocrx_word' id='word_1_395' title='bbox 116 2576 277 2607; x_wconf 90' lang='lat' dir='ltr'>curentur</span> <span class='ocrx_word' id='word_1_396' title='bbox 305 2576 453 2609; x_wconf 74' lang='lat' dir='ltr'>omnino,</span> <span class='ocrx_word' id='word_1_397' title='bbox 482 2575 569 2620; x_wconf 86' lang='lat' dir='ltr'>quod</span> <span class='ocrx_word' id='word_1_398' title='bbox 599 2575 730 2611; x_wconf 84' lang='lat' dir='ltr'>Census</span> <span class='ocrx_word' id='word_1_399' title='bbox 760 2586 875 2610; x_wconf 87' lang='lat' dir='ltr'>earum</span> <span class='ocrx_word' id='word_1_400' title='bbox 905 2575 982 2610; x_wconf 91' lang='lat' dir='ltr'>nulli</span> <span class='ocrx_word' id='word_1_401' title='bbox 1017 2577 1111 2611; x_wconf 84' lang='lat' dir='ltr'>alteri</span> <span class='ocrx_word' id='word_1_402' title='bbox 1141 2576 1377 2622; x_wconf 73' lang='lat' dir='ltr'>assignabitur,</span> <span class='ocrx_word' id='word_1_403' title='bbox 1408 2578 1515 2612; x_wconf 86' lang='lat' dir='ltr'>donec</span> <span class='ocrx_word' id='word_1_404' title='bbox 1544 2590 1562 2612; x_wconf 83' lang='lat' dir='ltr'>a</span> <span class='ocrx_word' id='word_1_405' title='bbox 1591 2588 1643 2612; x_wconf 87' lang='lat' dir='ltr'>ine</span> <span class='ocrx_word' id='word_1_406' title='bbox 1672 2577 1770 2612; x_wconf 88' lang='lat' dir='ltr'>fuerit</span> <span class='ocrx_word' id='word_1_407' title='bbox 1800 2577 1981 2612; x_wconf 86' lang='lat' dir='ltr'>absolutus.</span> 
     </span>
     <span class='ocr_line' id='line_1_37' title="bbox 1784 2639 1838 2663; baseline -0.056 0"><span class='ocrx_word' id='word_1_408' title='bbox 1784 2639 1838 2663; x_wconf 59' lang='lat' dir='ltr'>titt</span> 
     </span>
    </p>
   </div>
  </div>
 </body>
</html>
