2184 2828
971 106 1043 141 563

86 231 116 259 et
136 224 319 266 commoda,
349 226 525 259 continuis.
555 226 679 258 intenta
701 225 838 269 vigilijS,
870 227 957 258 votis
977 227 1136 270 ipsorum.
1167 222 1326 256 Annuere
1347 221 1491 267 Jugiter‚
1521 233 1583 256 nos
1604 222 1740 266 inducit,
1770 227 1928 269 quociens

88 289 298 332 poscencium
328 295 397 318 vox
426 289 477 318 est
504 287 600 323 iusta.
630 285 667 318 In
696 285 760 320 hoc
788 288 888 319 enim.
918 285 1122 319 liberalitatis
1150 287 1263 317 nostre
1293 293 1358 316 non
1389 287 1478 317 errat
1506 286 1667 326 intencio.
1703 284 1763 317 sed
1791 284 1927 329 Regalis

88 349 210 392 sceptri
230 345 407 389 fastigium.
437 345 599 378 extollere
626 346 814 389 salubriter,
845 346 1030 380 arbitratur.
1067 344 1169 387 Sane,
1199 343 1266 386 Ad,
1286 347 1400 376 nostre
1419 344 1635 387 celsitudinis.
1656 343 1875 379 Venerabiles
1893 372 1899 378 .
1920 372 1926 378 .

88 406 368 452 Archiepiscopus
397 405 589 450 Pragensis.
621 406 872 450 Olomucensis7
903 412 934 440 et
962 405 1265 441 Luthomusslensis
1301 403 1476 449 Episcopi.
1507 404 1646 438 Necnon
1675 404 1833 440 Illustres.
1863 406 1928 439 Jo—

86 467 224 501 hannes.
254 465 437 508 Karmthie.
468 466 654 512 Comesque
675 467 821 514 Tyrolis.
852 473 883 501 et
913 468 1059 510 Goricie‚
1090 466 1276 500 Germanus
1304 469 1421 498 noster
1449 468 1654 509 carissimus,
1683 465 1736 499 Ac
1756 464 1926 500 Nicolaus.

85 526 213 573 Opauie
242 531 274 561 et
302 527 490 569 Ratiborie,
519 527 649 571 Duces.
687 528 865 574 Ceterique
895 556 901 562 .
933 555 940 562 .
971 527 1091 562 Prelati
1121 554 1128 560 .
1160 554 1166 560 .
1198 525 1309 559 Duces
1340 552 1346 558 .
1378 552 1385 559 .
1418 525 1589 571 Principes
1620 553 1627 560 .
1659 553 1666 559 .
1697 525 1849 560 Barones
1881 554 1886 559 .
1919 554 1925 560 .

82 587 259 621 Proceres.
289 591 320 621 et
340 587 476 621 Nobiles
496 587 607 632 Regni
637 592 738 622 nostri
759 589 907 631 Boemie‚
937 594 970 622 et
989 590 1267 634 pertinenciarum
1288 585 1448 627 eiusdem.
1469 590 1678 631 presenciam
1700 587 1926 621 Accedentes.

81 647 177 682 nobis
211 647 374 682 humiliter
409 648 653 694 supplicarunt.
692 654 727 683 vt
761 649 919 695 quasdam
947 650 1083 691 litteras,
1114 646 1278 693 Rudolphi
1307 646 1372 680 diui
1402 646 1627 680 Romanorum
1656 647 1761 692 Regis
1797 647 1925 693 prede-

85 711 233 742 cessoris
262 711 378 745 nostri.
407 708 502 742 nobis
531 720 590 754 per
619 712 708 755 ipsos
739 710 918 743 exhibitas.
949 720 1083 754 quarum
1113 713 1207 741 tenor
1236 712 1267 741 et
1295 709 1413 741 series.
1445 710 1592 751 sequitur
1621 710 1652 740 iu
1681 707 1741 741 bec
1770 708 1926 741 verba..

82 769 275 814 Rudolpbus
304 769 355 802 dei
383 772 497 814 gracia
528 769 752 803 Romanorum
783 770 858 804 Rex
889 781 1022 816 semper
1050 770 1235 813 Augustus
1266 767 1443 801 Vniuersis
1482 767 1578 801 Sacri
1615 767 1746 813 Imperij
1786 768 1928 802 Romani

82 829 249 873 fidelibus,
286 834 460 876 presentes
487 830 613 864 litteras
641 829 855 876 Inspecturis.
886 834 1032 875 graciam
1063 840 1167 871 suam.
1197 833 1230 862 et
1257 839 1354 862 omne
1384 827 1503 861 bouum
1534 855 1542 862 .
1570 827 1661 861 Licet
1697 828 1929 862 Munificencie

81 895 217 933 nostre,
253 890 444 924 dexteram.
475 890 515 924 ad
544 895 682 924 cunctos
712 891 844 924 fideles.
875 902 974 937 quos,
1004 891 1188 925 Romanum
1217 888 1331 923 Ambit
1359 888 1553 934 Imperium.
1589 900 1634 922 cx
1663 888 1770 933 Officij
1801 889 1925 922 debito.

85 951 181 985 nobis
210 951 354 997 desuper
381 954 600 994 recommissi,
631 955 804 997 porrigere
825 957 1007 994 teneamur.
1037 950 1183 985 Maxime
1212 954 1322 983 tamen
1351 949 1500 982 Illustres
1522 949 1703 995 Principes.
1734 953 1798 994 qui.
1830 949 1927 982 velud

82 1013 216 1046 Aurora
245 1011 347 1046 stellis
376 1012 587 1057 prerutilans‚
618 1016 773 1046 virtutum
803 1014 967 1057 insignijs.
998 1014 1119 1045 ceteris
1139 1013 1401 1057 prestanciores.
1431 1009 1640 1056 Imperialeni
1662 1010 1815 1054 gloriam.
1845 1010 1929 1043 red-

81 1073 161 1106 dunt
188 1072 374 1106 radiancius
395 1072 596 1106 illustratam.
628 1084 690 1106 nos
711 1073 864 1107 delectat.
891 1075 1090 1117 graciosius.
1119 1075 1276 1116 graciosa
1299 1070 1472 1104 dulcedine
1492 1074 1682 1116 preuenire‚
1705 1070 1928 1104 Attendentes

81 1136 211 1177 itaque,
240 1132 388 1166 Inclitum
413 1132 632 1166 Vl'enczlaum
663 1133 792 1178 Regem
823 1133 970 1175 Boemie‚
1002 1133 1195 1178 Principem.
1226 1132 1376 1165 etlilium
1397 1136 1546 1164 nostrum
1567 1133 1784 1175 carissimum.
1815 1136 1929 1177 vtpote

81 1194 339 1235 benemeritum.
368 1193 544 1238 condignis
573 1195 726 1239 premijs.
757 1194 999 1239 premiandum.
1029 1194 1265 1239 principatum.
1294 1192 1525 1225 Wraustauie.
1556 1196 1588 1225 et
1618 1192 1740 1234 Slesie.
1771 1202 1881 1236 quem.
1912 1203 1929 1225 a

81 1254 191 1297 nobis,
219 1258 251 1287 et
279 1253 432 1299 Imperio.
462 1253 598 1288 Illustris
627 1255 791 1299 quondam
821 1254 984 1288 Henricus
1007 1254 1082 1288 Dux
1112 1253 1340 1296 Wraustauie,
1370 1252 1511 1298 Recepit
1540 1255 1571 1286 in
1601 1252 1746 1286 feodum.
1776 1251 1930 1297 Necnon,

82 1317 191 1349 omnia
226 1314 325 1348 feoda
360 1318 538 1357 vacanda„
575 1326 619 1348 ex
649 1320 753 1349 morte
793 1315 939 1348 eiusdem
970 1315 1103 1348 Henrici
1133 1314 1296 1360 quondam
1325 1313 1428 1348 Ducis
1459 1313 1696 1351 Wratislauie.
1727 1312 1766 1347 ad
1796 1324 1868 1346 nos.
1899 1317 1930 1346 et

82 1375 258 1422 Imperium
287 1377 504 1420 pertinencia.
534 1387 606 1409 cum
637 1375 788 1409 omnibus
818 1379 884 1409 suis
914 1377 1126 1419 Attinencijs.
1156 1373 1441 1420 possessionibus.
1472 1373 1774 1416 Jurisdictionibus.
1804 1378 1836 1406 et
1865 1373 1930 1406 Ju-

83 1436 172 1470 ribus
193 1438 369 1479 vniuersis,
400 1446 608 1480 quocumque
629 1440 761 1469 nomine
781 1441 995 1470 censeantur.
1017 1436 1104 1469 dicto
1125 1436 1211 1479 Regi
1233 1435 1380 1473 Boemie.
1411 1439 1441 1467 et
1463 1437 1530 1468 suis
1551 1433 1742 1476 heredibus,
1764 1433 1928 1468 habenda.

84 1496 300 1542 possidenda,
335 1507 353 1530 a
393 1496 509 1539 nohis,
539 1501 572 1530 ct
600 1496 742 1542 Imperio
773 1497 927 1537 tenenda.
958 1497 1049 1530 titulo
1078 1496 1210 1539 feodali,
1241 1496 1395 1529 duximus
1424 1494 1641 1537 conserenda.
1673 1494 1787 1539 Siquid
1819 1499 1928 1527 autem

83 1557 332 1599 diminucionis‚
363 1557 415 1590 vel
445 1557 650 1602 calumpnie.
690 1557 777 1602 quod
806 1568 871 1590 non
902 1556 1087 1590 credimus.
1117 1560 1205 1590 circa
1235 1555 1400 1602 predicta.
1431 1555 1610 1597 cauittose.
1649 1554 1837 1595 Maliciose‚
1875 1555 1929 1588 vel

84 1617 224 1652 subdole
252 1621 366 1663 posset
393 1621 526 1663 opponi.
558 1618 761 1663 supplemus.
793 1617 832 1650 de
855 1617 1056 1662 plenitudine
1075 1617 1184 1661 Regie
1212 1616 1405 1651 Maiestatis.
1436 1615 1470 1649 In
1492 1615 1592 1649 Cuius
1612 1615 1675 1649 Rei
1696 1618 1928 1649 testimouium.

84 1689 225 1725 presens
245 1681 413 1723 scriptum.
443 1682 556 1711 nostre
585 1677 770 1711 Maiestatis
799 1678 918 1721 sigillo.
951 1678 1088 1711 lecimus
1117 1680 1322 1711 communiri.
1353 1676 1471 1710 Datum
1492 1676 1674 1710 Ersordie.
1706 1674 1770 1708 &³10
1790 1675 1928 1708 Kalend.

85 1738 238 1773 Octobris
267 1738 458 1772 Indiceione
489 1766 496 1772 .
527 1738 572 1772 lll
604 1766 611 1772 .
641 1739 741 1772 Anno
771 1738 892 1771 domini
923 1738 1116 1779 MillesimQ
1146 1738 1402 1779 Ducentesimo.
1433 1736 1676 1781 Nonagesimo.
1707 1735 1817 1780 Regni
1847 1746 1929 1768 vero

83 1802 188 1833 nostri
208 1799 308 1833 Anno
337 1802 477 1845 septimo
497 1799 627 1832 decimo
649 1826 656 1832 .
680 1827 686 1832 .
718 1798 849 1832 Nostra.
881 1799 1079 1831 contii-urarc
1099 1799 1307 1832 Auctoritate
1327 1797 1446 1842 Regia.
1469 1797 1694 1841 dignaremur.
1716 1795 1785 1829 Nos
1807 1798 1928 1839 vtique.

84 1860 286 1905 prefatorum
317 1887 354 1893 ..
384 1859 579 1893 Relatorum
609 1887 616 1893 .
649 1888 655 1894 .
686 1859 814 1894 Ducum
845 1887 880 1893 ..
912 1858 1096 1904 Principum
1129 1886 1164 1892 ..
1195 1858 1361 1892 Baronum
1393 1886 1398 1891 .
1423 1885 1430 1891 .
1463 1858 1661 1899 Procerum.
1692 1861 1724 1889 et
1751 1855 1928 1888 Nobilium.

86 1930 178 1965 quos,
206 1920 353 1962 honoris.
384 1925 415 1953 et
434 1920 541 1954 felicis
561 1925 676 1954 status.
708 1920 848 1953 Romani
869 1919 991 1963 Regni,
1021 1924 1051 1953 et
1073 1922 1160 1952 sacri
1181 1918 1311 1965 Impcrij
1334 1918 1462 1952 fideles.
1492 1923 1524 1952 et
1544 1918 1714 1951 sollicitos.
1743 1917 1928 1961 preceteris

87 1983 236 2014 nouimus
264 1981 439 2019 zelatores.
469 1980 646 2026 Ipsumque
676 1981 829 2025 Regnum
860 1980 1006 2021 Boemie.
1036 1979 1179 2013 Romani
1208 1979 1317 2024 Regni
1341 1978 1523 2012 Membrum
1554 1977 1626 2011 fore
1655 1975 1807 2018 nobilius.
1838 1975 1930 2020 Sup-

88 2039 333 2085 plicacionibus‚
363 2040 540 2085 benignius
568 2042 728 2083 inclinati.
759 2041 903 2086 prefatas
933 2041 1071 2081 litteras.
1102 2041 1153 2073 Ac
1182 2043 1291 2073 omnia
1321 2044 1352 2073 et
1381 2039 1511 2084 singula
1541 2042 1695 2072 contenta
1726 2039 1758 2070 in
1786 2036 1924 2070 eisdem.

87 2099 283 2143 Laudamus,
311 2101 528 2135 Ratilicamus
557 2101 804 2148 Approbamus.
835 2101 1081 2143 confirmamus7
1111 2105 1141 2133 et
1171 2100 1211 2133 de
1241 2111 1339 2142 nouo.
1370 2111 1413 2133 ex
1443 2105 1534 2133 certa
1564 2100 1723 2139 sciencia.
1755 2096 1795 2129 de
1814 2101 1930 2130 nostre

86 2159 237 2193 Romane
264 2160 371 2205 Regie
400 2162 603 2208 plenitudine
631 2165 816 2208 potestatis.
849 2161 987 2194 l‘rcl'atis
1017 2161 1136 2205 Regno
1160 2188 1165 2193 .
1190 2187 1196 2193 .
1228 2160 1366 2194 l’relatis
1389 2188 1395 2194 .
1415 2188 1421 2194 .
1445 2160 1590 2193 Ducibus
1613 2186 1619 2192 .
1641 2186 1646 2191 .
1666 2156 1898 2202 Principibus.
1919 2184 1926 2191 .

87 2219 272 2254 Batonibus
293 2247 300 2254 .
322 2248 329 2254 .
350 2221 548 2256 Proceribus
577 2227 609 2256 et
629 2222 810 2263 Nobilibus.
843 2223 893 2255 Ac
915 2224 1119 2268 vniuersgtau
1143 2221 1250 2263 Regni
1272 2223 1385 2265 ipsius.
1408 2225 1440 2254 et
1460 2221 1739 2266 pertinenciaruin
1767 2217 1928 2256 eiusdem.

87 2280 125 2314 ad
163 2290 275 2323 Vsum,
308 2285 340 2314 et
371 2292 452 2327 opus
481 2282 612 2327 Regum
643 2283 789 2317 Boemic.
821 2285 1056 2327 imperpetuum
1087 2281 1218 2321 damus,
1250 2286 1366 2316 tenore
1395 2283 1603 2327 presencium
1638 2277 1860 2319 conterimus,
1899 2282 1931 2311 et

88 2341 261 2382 donamus,
291 2350 420 2374 omnem
448 2342 715 2377 diminucionem.
747 2348 778 2377 et
808 2344 991 2383 ‹lell'ectunu
1021 2345 1047 2375 si
1077 2345 1149 2387 quis
1179 2345 1209 2374 in
1240 2344 1412 2386 premissis
1443 2342 1549 2376 fuerit.
1581 2339 1789 2384 Reparantes
1817 2341 1931 2372 omni-

88 2401 201 2437 mode.
239 2405 270 2433 et
304 2401 511 2446 supplentes,
549 2406 602 2437 Ac
636 2415 735 2437 omne
765 2403 915 2436 dubium.
947 2407 979 2435 ct
1014 2402 1210 2435 obsi-urum.
1241 2412 1299 2446 pro
1328 2406 1438 2448 parte.
1468 2406 1499 2434 et
1529 2404 1558 2433 in
1590 2399 1752 2440 fauorem.
1782 2402 1930 2444 ipsorum

89 2461 208 2505 Regni.
240 2465 271 2493 et
300 2460 429 2503 Regum
459 2461 606 2505 Boemie,
636 2465 676 2498 de
706 2464 850 2497 vberiori
881 2463 966 2495 «luno
996 2462 1179 2495 Maiestatis
1209 2461 1359 2495 Romane
1390 2462 1507 2498 flou-10.
1539 2464 1569 2493 et
1599 2459 1801 2504 plenitudine
1832 2464 1928 2504 potc-

87 2524 190 2561 statis,
220 2524 485 2565 interpretantes,
515 2527 546 2555 et
566 2526 671 2557 eciam
692 2524 911 2557 declarantes.
944 2522 1014 2556 Non
1036 2522 1252 2555 obstantibus.
1277 2521 1428 2565 1.eg·it›u<.
1461 2519 1769 2553 consuetudinibus.
1803 2519 1929 2552 vsibus.

87 2581 331 2624 obseruancijs.
361 2580 493 2615 iuribus
524 2581 787 2630 Municipalibus'
819 2585 870 2617 vet
901 2583 1141 2616 communibus.
1173 2585 1314 2616 statutis.
1346 2595 1403 2616 scu
1426 2583 1555 2614 edictis.
1588 2581 1695 2614 l'actis.
1728 2585 1759 2613 ct
1781 2579 1876 2613 editis
1897 2583 1928 2613 in

1727 2640 1785 2653 ‘tn

1735 2656 1761 2667 ιι
