2184 2828
257 272 295 301 et
323 267 528 313 blasphemet
548 278 625 300 esse
655 267 772 300 malum
793 266 951 300 demones
981 269 1053 305 eici5
1084 265 1213 298 dicente
1242 263 1391 297 domino:
1421 262 1492 296 Hoc
1521 274 1627 305 genus
1658 267 1861 298 non'eicitur
1888 266 1950 298 nisi
1970 267 2002 297 in
2022 274 2104 298 ora-—

258 331 356 361 cione
385 333 416 361 et
446 331 576 361 ieiunio.
636 326 830 372 Preceptum
860 330 981 372 quippe
1010 331 1061 359 est
1090 328 1250 366 ieiunare7
1279 323 1337 358 sed
1366 323 1483 368 quibus
1512 323 1624 357 diebus
1653 327 1692 358 sit
1721 324 1932 357 ieiunandum
1962 323 2104 368 quibus—

260 399 302 421 ue
330 388 573 434 prandenduun
610 392 768 432 precepto
797 388 918 421 domini
948 387 999 420 uel
1029 385 1251 431 apostolorum
1280 395 1345 417 non
1374 388 1426 417 est
1461 382 1630 418 diffinitum
1659 387 1854 427 asercione‚
1889 384 1945 419 sed
1971 387 2103 430 antiqua

262 453 387 493 patrum
417 442 656 482 consuetudine
694 452 783 481 tenet
811 449 996 486 aecclesia„
1033 449 1107 491 quia
1138 450 1170 479 et
1198 448 1341 490 priorum
1372 446 1515 477 instituta
1545 449 1576 477 et
1613 445 1820 479 consuetudo
1851 448 2009 479 maiorum
2044 456 2105 490 pro

262 510 337 553 lege
365 509 507 542 tenenda
537 513 621 542 sunt.
680 508 801 549 Quarta
832 509 913 541 feria
943 506 1153 541 ieiunandum
1184 510 1251 543 est„
1282 507 1356 549 quia
1386 504 1598 537 considerato
1629 505 1804 547 euangelio
1833 510 1947 550 quarta
1976 504 2104 538 sabbati

260 569 356 603 Judei
386 570 558 602 consilium
589 571 745 606 inierunt,
776 574 809 601 ut
836 568 950 602 desum
981 567 1055 600 dolo
1085 570 1237 599 tenerent
1265 569 1298 598 et
1326 564 1528 597 occiderent.
1585 564 1688 598 Sexta
1719 570 1827 598 autem
1857 564 1985 599 sabbati
2013 569 2105 598 recte

262 633 382 663 ieiunio
426 629 617 673 deputatur„
661 634 793 674 propter
828 629 990 662 dominice
1029 629 1194 672 passionis
1230 628 1471 659 reuerenciam.
1538 624 1684 659 Sabbato
1727 636 1857 671 quoque
1894 625 2104 659 nihilominus

263 689 472 722 ieiunandum
510 694 562 723 est
589 694 724 735 propter
757 689 981 722 renouandam
1019 690 1211 720 memoriam
1244 689 1290 720 rei
1327 690 1440 729 geste5
1476 688 1550 730 quia
1580 685 1728 731 discipuli
1763 685 1928 719 dominum
1963 685 2104 718 humane

260 750 493 793 intellegentes
523 761 563 783 eo
593 750 644 783 die
674 753 703 783 iu
734 749 909 795 sepulchro
943 752 1169 794 quiescentem
1199 747 1382 783 doluerunt.
1440 747 1591 788 Quintam
1621 759 1701 781 uero
1731 749 1847 781 feriam
1884 747 2015 793 quidam
2045 759 2104 781 ar-

258 810 366 844 bitrati
400 815 474 844 sunt
509 822 586 844 esse
620 811 812 844 dissolutam
849 813 923 855 quia
959 820 998 842 eo
1032 809 1083 842 die
1116 809 1351 841 reesmcitiacio
1386 812 1427 841 sit
1454 811 1693 853 penitencium‚
1728 813 1760 842 et
1795 819 1834 841 eo
1870 808 1922 841 die
1957 812 2105 841 sanctum

259 874 378 904 crisma
401 871 582 907 coniicitur„
613 876 703 903 νίψω
724 870 776 903 die
804 871 997 915 redemptor
1017 880 1090 902 cnm
1111 868 1280 914 discipulis
1309 872 1451 911 cenauit‚
1482 873 1514 901 et
1533 871 1582 903 eis
1610 873 1853 902 sacramentum
1884 871 1933 902 sui
1955 871 2104 914 corporis

260 936 293 964 et
320 935 493 975 sanguinis
522 931 667 965 tradidit.
698 942 738 963 eo
768 931 820 964 die
851 930 1035 964 uidentibus
1067 930 1237 975 discipulis
1267 929 1306 962 ad
1336 930 1448 963 caelos
1479 929 1636 963 ascendit.
1693 929 1885 962 Dominicus
1914 933 2005 962 certe
2034 928 2104 962 dies

261 996 396 1037 propter
430 995 691 1025 ι’θειιιϊιηῑσιυιιιε
730 992 868 1034 glorium
898 996 930 1024 et
966 991 1142 1024 aduentum
1177 994 1282 1023 sancti
1317 993 1447 1035 spiritus
1484 990 1612 1023 laeticie
1645 994 1860 1023 consecratus
1895 994 1955 1023 est.
2010 988 2104 1022 Duos

261 1056 314 1098 qni
335 1058 518 1088 remanent„
550 1056 681 1097 proprio
703 1056 797 1085 unius
817 1055 977 1096 cuiusque
1007 1052 1230 1095 relinquamus
1261 1050 1413 1089 arbitrio;
1442 1053 1473 1083 in
1502 1050 1618 1095 quibus
1646 1050 1676 1083 id
1706 1049 1951 1083 obseruandum
1981 1060 2104 1083 censeo

261 1116 363 1159 utqui
394 1114 568 1147 manducat
588 1124 652 1146 nou
672 1114 923 1146 mamlncautem
946 1123 1009 1145 nou
1032 1117 1179 1157 spernat„
1211 1116 1242 1145 et
1262 1114 1315 1157 qui
1336 1122 1401 1144 non
1422 1111 1596 1144 manducat
1615 1110 1867 1143 manducantem
1888 1121 1952 1143 non
1974 1109 2105 1151 iudicet,

262 1178 295 1207 ut
315 1173 459 1219 quitquid
490 1176 629 1217 agimus7
659 1174 812 1217 ingloria
843 1173 894 1206 dei
924 1172 1094 1206 faciamus.
1142 1172 1308 1205 Jeiunium
1338 1172 1464 1205 scilicet
1492 1171 1577 1216 quod
1606 1175 1744 1215 quatuor
1773 1175 1956 1216 temporum
1986 1170 2105 1204 dicitur

261 1237 383 1279 antiqui
415 1239 526 1279 patres
555 1233 790 1267 celebrandum
821 1245 884 1266 non
916 1233 1014 1266 l'rusta
1046 1237 1247 1270 sanxeruntq
1278 1232 1408 1265 dicente
1428 1232 1610 1278 psalmista:
1641 1231 1845 1264 Benedicam
1877 1231 2043 1265 dominum
2072 1234 2104 1264 in

259 1298 347 1327 omni
379 1299 544 1339 tempore.
575 1299 607 1327 ut
637 1295 775 1338 singulis
804 1294 989 1338 quibusque
1019 1293 1221 1339 temporibus
1252 1295 1328 1326 anui
1358 1293 1562 1326 humiliemus
1591 1295 1732 1325 animam
1761 1295 1792 1325 in
1816 1295 1949 1326 ieiunio.
2005 1291 2104 1325 Primi

261 1358 372 1400 itaque
401 1358 527 1388 niensis
548 1358 703 1388 ieiunium
733 1354 883 1388 dominus
913 1358 943 1387 in
961 1354 1084 1391 exodo„
1115 1357 1232 1398 quarti„
1263 1357 1404 1399 septimi,
1434 1357 1466 1386 et
1493 1352 1610 1386 decimi
1638 1355 1792 1386 ieiunium
1822 1363 1882 1398 per
1910 1352 2104 1386 Zachariam

259 1415 479 1460 prophaetam
500 1415 662 1448 celebrari
684 1418 843 1461 precepit„
873 1419 907 1448 ut
927 1418 978 1459 qui
1001 1418 1089 1448 omni
1111 1419 1260 1459 tempore
1281 1413 1321 1447 de
1341 1413 1566 1447 misericordia
1592 1412 1796 1446 confidamus
1816 1413 1995 1458 penitendo
2014 1412 2106 1446 Haec

261 1475 317 1508 tibi
338 1475 378 1508 de
399 1478 521 1509 ieiunio
551 1487 655 1521 pauca
677 1477 802 1509 dixisse
827 1475 1003 1517 sufficiant„
1035 1486 1132 1520 quam
1162 1478 1213 1508 uis
1242 1475 1380 1519 plurima
1410 1474 1472 1507 dici
1501 1478 1638 1518 possent
1657 1476 1728 1507 eius
1757 1476 1905 1507 misteria
1935 1484 1999 1519 que
2018 1484 2105 1507 nunc

260 1546 433 1580 exponere
463 1547 527 1569 uon
557 1541 607 1570 est
629 1540 794 1581 temporis.
839 1536 908 1569 Hoc
928 1540 1037 1569 tamen
1059 1538 1214 1568 ieiunium
1245 1535 1308 1568 deo
1328 1545 1387 1580 pre
1407 1537 1528 1567 ceteris
1558 1533 1763 1579 acceptabile
1790 1534 1930 1567 credito:
1960 1533 2106 1567 dissolue

257 1597 495 1640 colligaciones
525 1600 715 1642 impietatis„
753 1597 844 1630 solue
874 1596 1052 1630 fasciculos
1083 1596 1316 1641 deprimentis,
1353 1595 1476 1628 dimitte
1504 1604 1561 1628 eos
1591 1597 1644 1639 qui
1673 1594 1834 1628 confracti
1864 1599 1942 1628 sunt
1969 1594 2104 1637 liberos,

258 1662 291 1689 et
319 1667 417 1690 omne
446 1668 530 1691 onus
552 1658 729 1702 disrumpe.
780 1657 873 1698 Quod
897 1657 934 1691 hs
963 1657 1190 1690 adornandum
1221 1661 1270 1690 est
1300 1654 1488 1689 monilibus:
1517 1654 1650 1698 Frange
1679 1658 1837 1688 esurienti
1866 1666 1986 1700 panem
2015 1660 2105 1688 tuum

258 1722 291 1750 et
324 1728 451 1761 egenos
482 1729 654 1763 uagosque
682 1718 780 1751 induc
815 1722 844 1751 iu
872 1719 1002 1751 domum
1036 1722 1134 1751 tuam.
1192 1717 1259 1751 Has
1289 1721 1378 1750 scias
1413 1716 1476 1749 deo
1511 1714 1732 1760 acceptabiles
1766 1715 1950 1761 lampades,
1987 1715 2104 1761 quibus

261 1780 415 1812 ieiunium
444 1778 670 1812 adornandum
691 1783 742 1812 est
769 1779 889 1812 cotidie
920 1783 952 1811 ut
980 1779 1042 1811 deo
1072 1782 1112 1812 sit
1140 1778 1307 1824 placitum.
1356 1776 1555 1811 Methodium
1585 1787 1727 1821 namque
1755 1779 2009 1822 supersticioni„
2039 1787 2105 1809 non

257 1838 483 1879 edificacionu
529 1843 739 1873 contencioni
767 1851 832 1873 non
861 1843 932 1885 paci
968 1842 1172 1873 insistentem
1201 1839 1373 1872 audientes
1409 1838 1579 1882 plurimum
1609 1840 1714 1870 mirati
1753 1848 1884 1871 sumus:
1926 1840 1958 1869 et
1996 1839 2024 1871 si
2062 1839 2105 1870 ita

257 1904 308 1932 est
336 1905 369 1932 ut
399 1900 595 1937 audiuimus„
625 1903 900 1945 supersticionem
931 1903 1002 1933 eius
1031 1903 1161 1946 penitus
1191 1899 1395 1933 abdicamus.
1450 1897 1639 1931 Anathema
1668 1908 1749 1931 uero
1778 1908 1838 1942 pro
1860 1897 2103 1931 contemnenda

255 1959 421 1994 catholica
442 1962 516 1996 lide.
547 1965 600 2005 qui
623 1961 737 1994 indixit
767 1965 798 1994 in
820 1966 919 2006 caput
946 1960 1143 1994 redundabit
1171 1963 1253 1994 eius.
1290 1959 1339 1993 Tu
1368 1963 1474 1992 autem
1503 1962 1536 1991 et
1563 1957 1702 2002 populus
1731 1962 1805 1991 tuus
1835 1960 1941 1991 sancti
1970 1960 2103 2003 spiritus

260 2024 380 2057 iudicio
401 2025 493 2057 eritis
512 2025 649 2059 innoxii.
680 2026 707 2055 si
728 2027 846 2055 tamem
877 2022 972 2055 fidem
1002 2033 1098 2066 quam
1128 2032 1265 2054 romana
1294 2019 1464 2066 praedicat
1492 2019 1657 2052 aecclesia
1679 2021 1852 2052 tenueritis
1882 2017 2101 2052 inuiolabiter.

262 2084 381 2118 Diuina
412 2089 520 2117 autem
551 2081 658 2115 officia
688 2088 719 2115 et
748 2094 844 2116 sacra
876 2085 1021 2116 misteria
1051 2093 1090 2115 ac
1118 2085 1294 2115 missarum
1315 2081 1472 2115 solemnia
1502 2089 1565 2123 que
1594 2078 1677 2111 idem
1699 2077 1886 2113 Methodius
1907 2078 2102 2112 Sclauorum

260 2146 372 2189 lingua
401 2144 574 2177 celebrare
604 2147 812 2188 presumpsit„
842 2144 928 2188 quod
958 2154 1000 2176 ne
1020 2143 1157 2176 ulterius
1187 2142 1314 2175 faceret
1341 2151 1438 2185 supra
1467 2141 1727 2174 sacratissimum
1757 2139 1844 2172 beati
1865 2139 1952 2173 Petri
1980 2150 2101 2185 corpus

260 2208 445 2238 iuramento
466 2205 666 2240 iii-manerat„
696 2207 745 2237 sui
766 2207 899 2249 periurii
929 2208 1056 2237 reatum
1077 2203 1374 2248 perhorrescentes
1402 2200 1488 2234 nutto
1509 2199 1605 2232 modo
1635 2199 1797 2246 deinceps
1817 2211 1835 2233 a
1858 2199 2002 2245 quolibet
2020 2211 2103 2245 pre-

259 2269 415 2299 sumatur.
465 2265 527 2298 Dei
556 2275 697 2309 namque
726 2269 904 2309 nostraque
933 2264 1115 2310 apostolica
1144 2266 1340 2297 auctoritate
1369 2261 1428 2295 sub
1458 2260 1674 2294 anathematis
1703 2260 1835 2294 uinculo
1865 2259 2104 2301 interdicimus,

260 2331 401 2371 excepto
432 2326 519 2371 quod
548 2326 586 2358 ad
606 2325 762 2370 simplicis
792 2326 902 2370 populi
930 2329 962 2358 et
990 2335 1056 2358 ιιοιι
1080 2324 1294 2368 intelligentis
1324 2322 1591 2356 aedificat-ionem
1621 2324 1751 2363 attinet,
1782 2324 1817 2364 si
1838 2320 2020 2365 euangelii„
2049 2321 2103 2353 uel

261 2387 416 2431 apostoli„
451 2389 626 2431 exposicio
655 2385 695 2419 ab
721 2387 855 2420 eruditis
884 2385 1000 2419 eadem
1029 2385 1141 2429 lingua
1172 2387 1403 2425 annuncietur,
1437 2386 1470 2415 et
1505 2382 1664 2425 largimur
1696 2386 1734 2415 et·
1757 2385 1967 2423 exortamur,
2003 2385 2035 2414 et
2069 2384 2102 2413 ut

260 2445 529 2490 frequentissime
559 2446 614 2480 fiat
643 2456 829 2486 monemus„
865 2451 899 2480 ut
927 2450 1033 2480 omnis
1063 2446 1174 2490 lingua
1208 2445 1318 2479 laudet
1345 2444 1457 2485 deum,
1491 2446 1524 2476 et
1551 2441 1749 2475 confiteatur
1782 2445 1823 2475 ei.
1881 2441 2103 2475 Contumaces

260 2510 370 2540 autem
400 2511 432 2540 et
460 2507 700 2549 inobedientes,
730 2511 939 2540 contencioni
968 2511 1002 2540 et
1029 2506 1189 2541 scandalo
1218 2509 1420 2546 insistentes⁷
1450 2507 1523 2548 post
1544 2506 1680 2547 primam
1711 2507 1744 2536 et
1771 2502 1952 2536 secundam
1981 2501 2102 2535 admo-

260 2569 425 2600 nicionem
461 2570 488 2600 si
517 2578 554 2601 se
583 2570 715 2601 minime
744 2570 951 2609 correxerit,
987 2570 1079 2612 quasi
1109 2570 1308 2601 zizaniorum
1338 2567 1555 2600 seminatores
1584 2563 1623 2597 ab
1661 2563 1827 2599 aecclesie
1856 2566 1983 2608 gremio
2017 2561 2101 2596 abici
