2184 2828
995 105 1067 140 187

107 224 218 260 helfen
245 224 310 259 und
338 224 458 258 dienen
490 223 611 257 wollen
640 234 751 268 ‹gegen
785 223 1002 259 Jedermann.
1031 223 1089 257 das
1118 221 1222 256 Reich
1257 232 1540 266 ausgenommen:
1570 222 1724 267 dagegen
1761 223 1867 257 sollen
1905 223 1957 256 die

107 285 262 330 Herzoge
289 283 373 318 auch
403 287 453 318 sie
479 294 591 329 gegen
620 283 835 318 Jedermann.
866 284 925 318 das
954 283 1059 318 Reich
1095 282 1161 317 und
1201 282 1265 316 den
1298 281 1501 317 Erzbischof
1532 294 1599 317 von
1635 282 1800 328 Salzburg
1828 295 1958 328 ausge-

108 356 274 380 nommen.
303 344 489 379 besonders
517 355 630 389 gegen
658 344 722 378 den
751 344 862 389 Konig
890 355 957 379 von
983 344 1145 379 Bohmen.
1174 354 1287 388 gegen
1316 343 1368 377 die
1388 343 1530 377 Etscher
1557 343 1622 378 und
1651 355 1763 389 gegen
1793 344 1868 387 den,
1899 344 1958 378 der

107 406 160 440 die
188 404 379 440 Grafschaft
407 404 498 439 Tirol
526 407 603 439 inne
632 404 697 448 hat‚
727 405 906 439 schirmen.
935 405 989 439 Dt.
1020 404 1118 447 Graz,
1150 403 1208 438 11.
1239 403 1400 438 Decemb.
1432 403 1543 438 1339.

414 492 501 526 (Orig.
528 493 560 518 im
584 492 610 518 k.
636 492 661 518 k.
687 493 750 525 geli.
778 493 893 518 Archive
918 501 947 519 zu
972 492 1060 519 XVien.
1085 491 1266 525 Lichnowsky
1292 491 1335 518 111.
1362 491 1407 518 Bd.
1433 492 1542 519 Reges-i.
1563 493 1588 518 S.
1608 492 1772 518 CCCCXLV.
1799 501 1823 518 n.
1854 492 1958 521 1224.)

977 638 1083 675 258.

104 726 212 770 Papst
233 726 399 760 Benedict
418 725 502 760 XII.
524 725 723 770 beanflrayt
751 726 805 759 (lie
826 725 940 761 Aetrze
969 737 1030 760 ron
1062 725 1240 770 Opotoire‘c
1269 726 1335 759 und
1352 725 1575 770 Koniqssaal,
1606 726 1673 759 und
1699 726 1761 759 (len
1784 725 1957 759 Olmiitzer

104 786 296 821 Domherrn
314 787 491 821 Jolmnnes
510 786 707 821 Paduanns.
736 787 790 820 die
818 798 882 820 ron
910 787 978 821 Leo
1007 787 1065 821 des
1089 786 1245 820 Jolmmzs
1274 786 1381 821 Sohn.
1415 786 1611 820 Chol-herm
1633 798 1694 820 ron
1717 786 1956 820 Leulomisehl.

101 859 210 892 qeqerz
243 847 305 882 den
340 848 497 893 dortiqen
530 846 601 881 ΑΜ
634 847 812 881 Heinrich.
847 851 997 891 {semma}
1039 847 1171 889 Cz-alta,
1215 858 1328 892 zreyete
1370 846 1592 892 ‹rzaqeblz'cleer
1642 847 1955 890 Verscleleuderzmq

105 909 171 942 mul
209 907 494 953 itlissqebalzrzmq
530 907 782 953 corqebraclzte
824 908 1105 953 Anselmldiyunq
1142 919 1256 953 [lencm
1293 920 1334 941 zu
1373 908 1611 942 untersncleen.
1668 907 1727 941 Dt.
1772 908 1954 941 Ατὶηἱοιιυ.

772 968 865 1003 VIII.
896 969 1073 1003 Kalendas
1104 997 1110 1003 .
1143 997 1148 1002 .
1181 968 1293 1003 1339.

257 1045 483 1099 Benedictus
518 1067 700 1111 episcopus
737 1075 858 1098 servus
895 1076 1071 1099 servorum
1105 1064 1157 1098 dei
1192 1064 1322 1098 dilectis
1351 1063 1425 1099 filiis
1462 1092 1468 1098 .
1506 1091 1513 1098 .
1544 1064 1584 1098 de
1620 1064 1818 1110 Opatowicz
1847 1068 1877 1097 et
1909 1092 1915 1096 .
1949 1091 1955 1097 .

102 1125 286 1170 Auleregie
314 1125 496 1170 pragensis
525 1125 610 1160 dioc.
648 1128 923 1159 monasteriorum
959 1124 1145 1169 abbatibus,
1174 1137 1213 1159 ac
1241 1125 1387 1159 Johanni
1424 1124 1570 1159 Paduan.
1609 1127 1772 1159 canonico
1810 1124 1953 1158 Olomu-

103 1188 196 1220 censi
225 1185 335 1231 Prage
363 1188 504 1220 moranti
533 1186 675 1220 salutem
704 1190 736 1220 et
765 1186 979 1232 apostolicam
1009 1185 1283 1220 benedictionem.

257 1245 339 1280 Cum
367 1257 412 1280 ex
440 1246 624 1293 apostolice
652 1249 821 1280 servitutis
851 1246 971 1280 officio.
1004 1247 1177 1281 solicitudo
1206 1249 1351 1281 omnium
1380 1246 1598 1281 ecclesiarum
1626 1252 1659 1280 et
1679 1249 1955 1281 monasteriormn

102 1306 197 1341 nobis
224 1310 393 1341 immineat
420 1307 601 1352 generalis,
631 1311 763 1353 oportet
789 1318 850 1341 1105
879 1310 1026 1342 maxime
1054 1310 1142 1342 circa
1172 1308 1225 1342 illa
1255 1319 1318 1354 que
1347 1312 1482 1354 propter
1510 1319 1644 1342 suorum
1670 1308 1826 1342 malitiam
1857 1310 1958 1340 mini-

103 1371 258 1411 strorum,
286 1367 460 1414 dispendia
487 1371 521 1402 in
549 1371 619 1403 suis
647 1367 858 1402 facultatibus
886 1371 1055 1414 patiuntur
1082 1368 1167 1402 illius
1195 1371 1398 1414 provisionis
1418 1368 1601 1402 remedium
1631 1367 1801 1403 adbibere.
1833 1373 1863 1401 ut
1892 1379 1957 1402 non

101 1427 252 1462 labantur
280 1431 312 1463 in
341 1431 446 1474 peius,
476 1428 536 1463 sed
564 1428 810 1463 reformationis
839 1429 1021 1463 remedium
1050 1440 1110 1475 per
1135 1429 1345 1475 providentie
1365 1434 1478 1464 nostre
1498 1429 1678 1475 presidium
1699 1433 1957 1475 consequantur.

102 1488 215 1535 Nuper
243 1489 405 1535 siquidem
439 1500 499 1535 pro
534 1494 628 1536 parte
662 1489 775 1524 dilecti
801 1490 856 1524 filii
891 1489 1012 1524 Leonis
1045 1489 1207 1524 Johannis
1242 1493 1424 1524 asserentis
1459 1501 1496 1524 se
1533 1493 1731 1524 canonicum
1761 1493 1953 1523 monasterii

102 1549 384 1584 Luchonuslensis
426 1550 745 1585 Premonstratensis
786 1551 909 1585 ordinis
951 1550 1130 1595 Pragensis
1164 1551 1310 1585 diocesis
1343 1554 1548 1597 propositum
1581 1550 1639 1584 fuit
1681 1554 1713 1584 in
1757 1553 1958 1584 consistorio

103 1610 232 1656 publico
261 1621 374 1645 coram
394 1611 501 1654 nobis,
523 1611 608 1657 quod
629 1612 768 1646 dilectus
788 1612 872 1646 filius
892 1611 1056 1645 I-Ienricus
1077 1611 1181 1646 dIctus
1203 1610 1314 1646 Czalta
1335 1614 1518 1646 canonicus
1542 1613 1734 1655 monasterij
1762 1610 1956 1645 Milocensis

103 1671 180 1705 dicti
217 1671 344 1706 ordinis
373 1671 521 1706 eiusdem
550 1671 707 1716 diocesis,
738 1675 792 1719 qui
821 1684 859 1707 se
887 1675 972 1717 gerit
1009 1683 1068 1718 pro
1104 1672 1223 1706 abbate
1258 1673 1407 1707 eiusdem
1441 1676 1635 1707 monasterii
1669 1672 1954 1706 Luehonuslensis

104 1732 261 1766 alienavit
279 1737 311 1766 et
330 1731 502 1778 obligavit,
523 1737 555 1767 et
575 1733 664 1766 titulo
684 1736 835 1779 pignoris
856 1732 983 1767 tradidit
1004 1732 1263 1775 iurisdictione&
1280 1733 1387 1776 villas„
1408 1736 1582 1778 grangias.
1603 1738 1735 1778 stagna.
1757 1733 1957 1766 molendina.

104 1793 241 1834 macella
270 1796 430 1836 carnium,
459 1796 582 1837 curias,
612 1806 749 1840 pascua,
779 1799 884 1840 prata.
913 1797 1060 1839 piscinas
1090 1798 1123 1827 et
1151 1793 1266 1828 rubeta
1295 1794 1335 1828 ad
1367 1794 1486 1828 dictum
1508 1796 1957 1839 monasteriumspectantia.

103 1853 268 1888 nonnullis
295 1854 426 1889 clericis
455 1859 487 1888 et
515 1855 619 1897 131615,
649 1866 668 1888 3
697 1855 814 1900 quibus
843 1866 902 1901 pro
931 1854 1115 1888 huiusmodi
1144 1854 1410 1889 alienatIOnibus.
1432 1854 1689 1899 obligationibus
1709 1859 1741 1888 et
1760 1854 1954 1900 pignoribus

105 1925 244 1959 magnas
272 1918 397 1961 recepit
425 1919 566 1962 pecunie
595 1919 807 1962 quantitates,
837 1928 918 1962 quas
947 1918 977 1949 in
999 1915 1169 1949 utilitatem
1199 1915 1274 1949 dicti
1296 1918 1486 1949 monasterii
1516 1926 1583 1949 non
1612 1918 1787 1955 convertit„
1818 1919 1848 1947 et
1869 1914 1954 1959 quud

107 1975 282 2009 nonnullos
311 1975 394 2010 alios
422 1987 524 2021 agros
553 1981 584 2010 et
614 1975 815 2011 hereditates
843 1976 882 2010 ad
912 1976 1030 2009 dictum
1060 1979 1295 2010 monasterium
1325 1978 1474 2010 similiter
1502 1978 1707 2021 pertinentes
1736 1975 1894 2009 vendidit.
1925 1979 1955 2007 et

105 2037 137 2068 in
166 2040 359 2082 perpetuum
388 2039 419 2071 in
448 2037 624 2071 nonnullos
659 2037 762 2071 lalcos
792 2036 973 2071 transferre
1007 2039 1217 2082 presumpsit,
1257 2041 1288 2070 61
1316 2037 1402 2083 quod
1437 2037 1521 2070 idem
1559 2036 1724 2070 Henricus
1758 2035 1856 2068 multa
1893 2034 1955 2068 alia

106 2095 191 2129 110113
220 2095 260 2130 ad
288 2096 411 2130 dictum
448 2100 686 2132 monasterium
723 2101 907 2144 spectantia
943 2097 1113 2140 alienavit,
1148 2101 1181 2130 et
1217 2097 1434 2132 creditoribus
1469 2097 1644 2142 obligavit,
1681 2107 1725 2130 ex
1760 2095 1878 2141 quibus
1915 2095 1954 2128 ad

105 2155 354 2202 irreparabilem
382 2157 640 2192 destructionem
670 2158 806 2192 deduxit
835 2160 1070 2193 monasterium
1100 2156 1275 2203 prefatum.
1316 2157 1380 2191 Pro
1409 2162 1504 2204 parte
1532 2168 1614 2191 vero
1644 2156 1791 2191 eiusdem
1821 2155 1955 2189 Heni-ici

105 2217 233 2251 abbatis
269 2216 329 2251 fuit
362 2229 405 2252 ex
432 2218 579 2253 adverso
608 2230 818 2266 responsum,
848 2218 933 2265 quod
963 2221 1033 2264 ipse
1062 2217 1148 2252 bene
1177 2222 1209 2251 et
1238 2218 1358 2252 utiliter
1386 2218 1675 2252 administraverat
1702 2220 1733 2250 in
1754 2220 1955 2250 monasterio

106 2282 301 2321 memorato,
331 2282 363 2312 et
389 2278 474 2323 quod
503 2284 639 2325 propter
666 2279 845 2314 bonitatem
874 2283 905 2313 et
933 2278 1053 2312 bonam
1082 2280 1197 2321 vitam,
1227 2289 1267 2312 ac
1294 2277 1416 2313 bonum
1445 2282 1597 2324 regimen
1627 2277 1775 2311 eiusdem
1813 2277 1953 2314 abbatis.

107 2338 196 2372 multi
231 2337 366 2384 prefato*
394 2343 596 2374 monasterio
627 2339 788 2374 dederant
815 2351 852 2374 se
887 2344 917 2373 et
950 2350 1021 2380 sua,
1055 2342 1086 2372 et
1122 2337 1207 2384 quod
1242 2343 1390 2385 tempore
1426 2339 1719 2373 administrationis
1758 2349 1818 2372 sue
1855 2338 1952 2372 multa

106 2398 193 2432 bona
222 2404 447 2445 pervenerant
475 2400 514 2434 ad
544 2404 780 2435 monasterium
811 2403 1036 2442 memoratum,
1066 2403 1098 2433 et
1127 2398 1211 2445 quod
1242 2398 1327 2433 idem
1355 2399 1458 2434 abbas
1487 2404 1635 2444 tempore
1661 2398 1953 2433 administrantium

106 2470 166 2493 sue
194 2462 381 2506 quitaverat
409 2464 441 2493 et
467 2460 669 2496 liberaverat
697 2461 818 2496 dictum
847 2462 1083 2495 monasterium
1111 2471 1129 2494 a
1163 2462 1373 2504 gravissimis
1401 2464 1433 2494 et
1461 2458 1719 2505 importabilibus
1747 2458 1864 2494 debitis
1893 2471 1951 2504 per

107 2523 292 2565 proximum
327 2524 359 2554 et
399 2520 630 2566 immediatum,
666 2526 698 2556 et
732 2521 906 2556 nonnullos
942 2520 1025 2554 alios
1060 2520 1323 2567 predecessores
1357 2531 1437 2554 suos
1471 2519 1608 2554 abbates
1643 2519 1720 2554 dicti
1759 2523 1951 2554 monasterii

108 2583 299 2624 contractis,
327 2585 359 2614 et
387 2580 473 2626 quod
501 2580 586 2615 idem
614 2581 820 2617 immediatus
847 2581 1070 2628 predecessor
1097 2584 1199 2628 ipsius
1229 2580 1326 2615 multa
1355 2580 1441 2615 bona
1470 2583 1572 2627 ipsius
1599 2583 1791 2615 monasterii
1820 2581 1953 2615 aliena-

1790 2638 1850 2670 24*
