<?xml version="1.0" encoding="UTF-8"?>
<!DOCTYPE html PUBLIC "-//W3C//DTD XHTML 1.0 Transitional//EN"
    "http://www.w3.org/TR/xhtml1/DTD/xhtml1-transitional.dtd">
<html xmlns="http://www.w3.org/1999/xhtml" xml:lang="en" lang="en">
 <head>
  <title>
</title>
<meta http-equiv="Content-Type" content="text/html;charset=utf-8" />
  <meta name='ocr-system' content='tesseract 3.04.00' />
  <meta name='ocr-capabilities' content='ocr_page ocr_carea ocr_par ocr_line ocrx_word'/>
</head>
<body>
  <div class='ocr_page' id='page_1' title='image "./codexdiplomaticu07morauoft_0950.png"; bbox 0 0 2184 2828; ppageno 0'>
   <div class='ocr_carea' id='block_1_1' title="bbox 136 326 1988 553">
    <p class='ocr_par' dir='ltr' id='par_1_1' title="bbox 140 326 1988 377">
     <span class='ocr_line' id='line_1_1' title="bbox 140 326 1988 377; baseline -0.004 -10"><span class='ocrx_word' id='word_1_1' title='bbox 140 335 250 377; x_wconf 52' lang='lat' dir='ltr'>lisinis!</span> <span class='ocrx_word' id='word_1_2' title='bbox 278 333 416 366; x_wconf 75' lang='grc' dir='ltr'>,ΙυΙιαηη</span> <span class='ocrx_word' id='word_1_3' title='bbox 453 344 514 365; x_wconf 75' lang='lat' dir='ltr'>rou</span> <span class='ocrx_word' id='word_1_4' title='bbox 547 331 696 364; x_wconf 60' lang='lat' dir='ltr'>Balanea</span> <span class='ocrx_word' id='word_1_5' title='bbox 731 330 896 373; x_wconf 69' lang='lat' dir='ltr'>besla&#39;liyt</span> <span class='ocrx_word' id='word_1_6' title='bbox 929 330 991 362; x_wconf 71' lang='lat' dir='ltr'>{len</span> <span class='ocrx_word' id='word_1_7' title='bbox 1024 328 1097 361; x_wconf 77' lang='lat' dir='ltr'>dem</span> <span class='ocrx_word' id='word_1_8' title='bbox 1126 327 1291 360; x_wconf 66' lang='lat' dir='ltr'>Heia-ricla</span> <span class='ocrx_word' id='word_1_9' title='bbox 1326 339 1389 359; x_wconf 70' lang='lat' dir='ltr'>ron</span> <span class='ocrx_word' id='word_1_10' title='bbox 1425 327 1509 371; x_wconf 78' lang='lat' dir='ltr'>Lipa</span> <span class='ocrx_word' id='word_1_11' title='bbox 1542 339 1595 360; x_wconf 83' lang='lat' dir='ltr'>am</span> <span class='ocrx_word' id='word_1_12' title='bbox 1627 327 1687 360; x_wconf 81' lang='lat'>31.</span> <span class='ocrx_word' id='word_1_13' title='bbox 1718 327 1850 371; x_wconf 58' lang='lat' dir='ltr'>Augus!</span> <span class='ocrx_word' id='word_1_14' title='bbox 1892 326 1988 360; x_wconf 81' lang='lat'><em>1319</em></span> 
     </span>
    </p>

    <p class='ocr_par' dir='ltr' id='par_1_2' title="bbox 136 386 1988 435">
     <span class='ocr_line' id='line_1_2' title="bbox 136 386 1988 435; baseline -0.004 -8"><span class='ocrx_word' id='word_1_15' title='bbox 136 394 353 427; x_wconf 72' lang='lat' dir='ltr'>rei-li‘eleeuen</span> <span class='ocrx_word' id='word_1_16' title='bbox 378 394 484 435; x_wconf 76' lang='lat' dir='ltr'>Bries&#39;</span> <span class='ocrx_word' id='word_1_17' title='bbox 505 391 681 435; x_wconf 67' lang='lat' dir='ltr'>bez-ilylz&#39;clt</span> <span class='ocrx_word' id='word_1_18' title='bbox 710 391 768 424; x_wconf 82' lang='lat' dir='ltr'>des</span> <span class='ocrx_word' id='word_1_19' title='bbox 801 390 973 423; x_wconf 60' lang='lat' dir='ltr'>Tuast-120³</span> <span class='ocrx_word' id='word_1_20' title='bbox 1009 389 1069 421; x_wconf 78' lang='lat' dir='ltr'>der</span> <span class='ocrx_word' id='word_1_21' title='bbox 1099 387 1228 431; x_wconf 72' lang='lat' dir='ltr'>Dorser</span> <span class='ocrx_word' id='word_1_22' title='bbox 1261 387 1420 429; x_wconf 66' lang='lat' dir='ltr'>(flmm&#39;cz,</span> <span class='ocrx_word' id='word_1_23' title='bbox 1454 387 1571 431; x_wconf 71' lang='lat' dir='ltr'>Lonqa</span> <span class='ocrx_word' id='word_1_24' title='bbox 1603 388 1685 421; x_wconf 63' lang='lat' dir='ltr'>silla</span> <span class='ocrx_word' id='word_1_25' title='bbox 1719 388 1784 420; x_wconf 78' lang='lat' dir='ltr'>und</span> <span class='ocrx_word' id='word_1_26' title='bbox 1819 386 1988 420; x_wconf 72' lang='lat' dir='ltr'>Mem-lfo-</span> 
     </span>
    </p>

    <p class='ocr_par' dir='ltr' id='par_1_3' title="bbox 137 446 1984 553">
     <span class='ocr_line' id='line_1_3' title="bbox 137 446 1984 497; baseline -0.004 -10"><span class='ocrx_word' id='word_1_27' title='bbox 137 456 219 488; x_wconf 62' lang='grc' dir='ltr'>νήει·</span> <span class='ocrx_word' id='word_1_28' title='bbox 250 455 307 497; x_wconf 76' lang='lat' dir='ltr'>fur</span> <span class='ocrx_word' id='word_1_29' title='bbox 344 454 398 486; x_wconf 73' lang='lat' dir='ltr'>die</span> <span class='ocrx_word' id='word_1_30' title='bbox 435 452 539 486; x_wconf 76' lang='lat' dir='ltr'>Stmlt</span> <span class='ocrx_word' id='word_1_31' title='bbox 574 452 641 484; x_wconf 78' lang='lat' dir='ltr'>uml</span> <span class='ocrx_word' id='word_1_32' title='bbox 675 452 738 484; x_wconf 72' lang='lat' dir='ltr'>den</span> <span class='ocrx_word' id='word_1_33' title='bbox 769 450 894 484; x_wconf 65' lang='lat' dir='ltr'>Beze‘rlt</span> <span class='ocrx_word' id='word_1_34' title='bbox 925 460 985 481; x_wconf 76' lang='lat' dir='ltr'>rou</span> <span class='ocrx_word' id='word_1_35' title='bbox 1017 448 1137 481; x_wconf 63' lang='lat' dir='ltr'>Ztttaa</span> <span class='ocrx_word' id='word_1_36' title='bbox 1165 452 1230 481; x_wconf 72' lang='lat' dir='ltr'>ele.</span> <span class='ocrx_word' id='word_1_37' title='bbox 1264 448 1342 481; x_wconf 82' lang='lat' dir='ltr'>Dlo.</span> <span class='ocrx_word' id='word_1_38' title='bbox 1374 448 1525 490; x_wconf 66' lang='lat' dir='ltr'>Prayae,</span> <span class='ocrx_word' id='word_1_39' title='bbox 1561 448 1607 481; x_wconf 91' lang='lat' dir='ltr'>II.</span> <span class='ocrx_word' id='word_1_40' title='bbox 1643 447 1787 481; x_wconf 75' lang='lat' dir='ltr'>Kalend.</span> <span class='ocrx_word' id='word_1_41' title='bbox 1826 446 1984 480; x_wconf 74' lang='lat' dir='ltr'>Octobris</span> 
     </span>
     <span class='ocr_line' id='line_1_4' title="bbox 843 508 1294 553; baseline -0.002 -11"><span class='ocrx_word' id='word_1_42' title='bbox 843 510 923 552; x_wconf 78' lang='lat'>(30.</span> <span class='ocrx_word' id='word_1_43' title='bbox 955 508 1150 553; x_wconf 72' lang='lat' dir='ltr'>Septemb.)</span> <span class='ocrx_word' id='word_1_44' title='bbox 1184 508 1294 541; x_wconf 74' lang='lat'><em>1323.</em></span> 
     </span>
    </p>
   </div>
   <div class='ocr_carea' id='block_1_2' title="bbox 139 571 1996 2630">
    <p class='ocr_par' dir='ltr' id='par_1_4' title="bbox 139 571 1996 2630">
     <span class='ocr_line' id='line_1_5' title="bbox 302 571 1989 634; baseline -0.003 -10"><span class='ocrx_word' id='word_1_45' title='bbox 302 571 495 624; x_wconf 79' lang='lat' dir='ltr'>Jobannes</span> <span class='ocrx_word' id='word_1_46' title='bbox 524 589 577 623; x_wconf 91' lang='lat' dir='ltr'>dei</span> <span class='ocrx_word' id='word_1_47' title='bbox 605 591 731 634; x_wconf 84' lang='lat' dir='ltr'>gracia,</span> <span class='ocrx_word' id='word_1_48' title='bbox 762 588 899 621; x_wconf 85' lang='lat' dir='ltr'>Boemie</span> <span class='ocrx_word' id='word_1_49' title='bbox 929 591 959 619; x_wconf 85' lang='lat' dir='ltr'>et</span> <span class='ocrx_word' id='word_1_50' title='bbox 990 586 1127 619; x_wconf 90' lang='lat' dir='ltr'>Polonie</span> <span class='ocrx_word' id='word_1_51' title='bbox 1155 585 1244 627; x_wconf 77' lang='lat' dir='ltr'>Rex,</span> <span class='ocrx_word' id='word_1_52' title='bbox 1274 589 1305 619; x_wconf 86' lang='lat' dir='ltr'>et</span> <span class='ocrx_word' id='word_1_53' title='bbox 1334 585 1636 630; x_wconf 77' lang='lat' dir='ltr'>Lueemlmrgensis</span> <span class='ocrx_word' id='word_1_54' title='bbox 1662 587 1796 628; x_wconf 81' lang='lat' dir='ltr'>Comes,</span> <span class='ocrx_word' id='word_1_55' title='bbox 1822 588 1989 619; x_wconf 90' lang='lat' dir='ltr'>uniuersis</span> 
     </span>
     <span class='ocr_line' id='line_1_6' title="bbox 139 645 1990 697; baseline -0.004 -12"><span class='ocrx_word' id='word_1_56' title='bbox 139 652 179 685; x_wconf 87' lang='lat' dir='ltr'>ad</span> <span class='ocrx_word' id='word_1_57' title='bbox 208 662 290 697; x_wconf 87' lang='lat' dir='ltr'>quos</span> <span class='ocrx_word' id='word_1_58' title='bbox 320 655 496 696; x_wconf 79' lang='lat' dir='ltr'><strong>presentes</strong></span> <span class='ocrx_word' id='word_1_59' title='bbox 526 652 731 695; x_wconf 89' lang='lat' dir='ltr'>peruenirint</span> <span class='ocrx_word' id='word_1_60' title='bbox 764 652 1014 693; x_wconf 78' lang='lat' dir='ltr'>imperpetuum,</span> <span class='ocrx_word' id='word_1_61' title='bbox 1052 646 1144 680; x_wconf 85' lang='lat' dir='ltr'>Bene</span> <span class='ocrx_word' id='word_1_62' title='bbox 1179 649 1269 679; x_wconf 89' lang='lat' dir='ltr'>nouit</span> <span class='ocrx_word' id='word_1_63' title='bbox 1305 645 1462 679; x_wconf 78' lang='lat' dir='ltr'>Maiestas</span> <span class='ocrx_word' id='word_1_64' title='bbox 1499 646 1616 690; x_wconf 85' lang='lat' dir='ltr'>Regia,</span> <span class='ocrx_word' id='word_1_65' title='bbox 1651 648 1826 692; x_wconf 80' lang='lat' dir='ltr'>presencia</span> <span class='ocrx_word' id='word_1_66' title='bbox 1862 656 1990 691; x_wconf 86' lang='lat' dir='ltr'><strong>queque</strong></span> 
     </span>
     <span class='ocr_line' id='line_1_7' title="bbox 140 706 1991 757; baseline -0.003 -12"><span class='ocrx_word' id='word_1_67' title='bbox 140 712 330 757; x_wconf 70' lang='lat' dir='ltr'>disponere„</span> <span class='ocrx_word' id='word_1_68' title='bbox 361 710 477 744; x_wconf 87' lang='lat' dir='ltr'>suturis</span> <span class='ocrx_word' id='word_1_69' title='bbox 506 713 624 749; x_wconf 90' lang='lat' dir='ltr'>eciam,</span> <span class='ocrx_word' id='word_1_70' title='bbox 662 713 709 743; x_wconf 90' lang='lat' dir='ltr'>sic</span> <span class='ocrx_word' id='word_1_71' title='bbox 746 708 923 754; x_wconf 86' lang='lat' dir='ltr'>prouidere</span> <span class='ocrx_word' id='word_1_72' title='bbox 960 709 1123 751; x_wconf 79' lang='lat' dir='ltr'>ncgocijs,</span> <span class='ocrx_word' id='word_1_73' title='bbox 1161 711 1194 740; x_wconf 80' lang='lat' dir='ltr'>vt</span> <span class='ocrx_word' id='word_1_74' title='bbox 1228 711 1337 739; x_wconf 88' lang='lat' dir='ltr'>tamen</span> <span class='ocrx_word' id='word_1_75' title='bbox 1373 706 1555 751; x_wconf 71' lang='lat' dir='ltr'>dispendiis</span> <span class='ocrx_word' id='word_1_76' title='bbox 1590 710 1757 752; x_wconf 80' lang='lat' dir='ltr'>preterita.</span> <span class='ocrx_word' id='word_1_77' title='bbox 1796 717 1860 739; x_wconf 91' lang='lat' dir='ltr'>non</span> <span class='ocrx_word' id='word_1_78' title='bbox 1894 716 1991 739; x_wconf 84' lang='lat' dir='ltr'>eom-</span> 
     </span>
     <span class='ocr_line' id='line_1_8' title="bbox 142 766 1991 815; baseline -0.003 -10"><span class='ocrx_word' id='word_1_79' title='bbox 142 772 285 808; x_wconf 73' lang='lat' dir='ltr'>mendet,</span> <span class='ocrx_word' id='word_1_80' title='bbox 317 771 383 804; x_wconf 89' lang='lat' dir='ltr'>Sed</span> <span class='ocrx_word' id='word_1_81' title='bbox 412 775 510 815; x_wconf 88' lang='lat' dir='ltr'>gesta</span> <span class='ocrx_word' id='word_1_82' title='bbox 541 773 717 804; x_wconf 70' lang='lat' dir='ltr'>retroactis</span> <span class='ocrx_word' id='word_1_83' title='bbox 746 769 920 802; x_wconf 82' lang='lat' dir='ltr'>curriculis</span> <span class='ocrx_word' id='word_1_84' title='bbox 951 772 1149 812; x_wconf 87' lang='lat' dir='ltr'>temporum,</span> <span class='ocrx_word' id='word_1_85' title='bbox 1185 766 1376 800; x_wconf 84' lang='lat' dir='ltr'>innoimndo</span> <span class='ocrx_word' id='word_1_86' title='bbox 1411 771 1442 799; x_wconf 80' lang='lat' dir='ltr'>et</span> <span class='ocrx_word' id='word_1_87' title='bbox 1471 766 1695 812; x_wconf 74' lang='lat' dir='ltr'>approbando,</span> <span class='ocrx_word' id='word_1_88' title='bbox 1728 779 1785 800; x_wconf 82' lang='lat' dir='ltr'>sna</span> <span class='ocrx_word' id='word_1_89' title='bbox 1817 769 1991 799; x_wconf 83' lang='lat' dir='ltr'>consueuit</span> 
     </span>
     <span class='ocr_line' id='line_1_9' title="bbox 142 827 1990 871; baseline -0.003 -7"><span class='ocrx_word' id='word_1_90' title='bbox 142 835 335 865; x_wconf 84' lang='lat' dir='ltr'>auctoritate</span> <span class='ocrx_word' id='word_1_91' title='bbox 365 832 508 864; x_wconf 86' lang='lat' dir='ltr'>lirinare.</span> <span class='ocrx_word' id='word_1_92' title='bbox 540 831 639 864; x_wconf 68' lang='lat' dir='ltr'>Sane*</span> <span class='ocrx_word' id='word_1_93' title='bbox 660 829 859 862; x_wconf 80' lang='lat' dir='ltr'>libertatum.</span> <span class='ocrx_word' id='word_1_94' title='bbox 890 832 922 861; x_wconf 89' lang='lat' dir='ltr'>et</span> <span class='ocrx_word' id='word_1_95' title='bbox 951 827 1204 871; x_wconf 86' lang='lat' dir='ltr'>Priuilegiorum</span> <span class='ocrx_word' id='word_1_96' title='bbox 1235 827 1357 860; x_wconf 86' lang='lat' dir='ltr'>indulta</span> <span class='ocrx_word' id='word_1_97' title='bbox 1387 828 1555 863; x_wconf 68' lang='lat' dir='ltr'>nonnulla,</span> <span class='ocrx_word' id='word_1_98' title='bbox 1590 828 1695 861; x_wconf 80' lang='lat' dir='ltr'>tidelis</span> <span class='ocrx_word' id='word_1_99' title='bbox 1726 830 1829 860; x_wconf 87' lang='lat' dir='ltr'>nostri</span> <span class='ocrx_word' id='word_1_100' title='bbox 1859 827 1990 869; x_wconf 88' lang='lat' dir='ltr'>Dilecti,</span> 
     </span>
     <span class='ocr_line' id='line_1_10' title="bbox 142 887 1992 937; baseline -0.003 -12"><span class='ocrx_word' id='word_1_101' title='bbox 142 892 278 925; x_wconf 76' lang='lat' dir='ltr'>ilenrici</span> <span class='ocrx_word' id='word_1_102' title='bbox 307 891 347 924; x_wconf 90' lang='lat' dir='ltr'>de</span> <span class='ocrx_word' id='word_1_103' title='bbox 376 891 469 937; x_wconf 87' lang='lat' dir='ltr'>Lipa,</span> <span class='ocrx_word' id='word_1_104' title='bbox 500 891 624 924; x_wconf 81' lang='lat' dir='ltr'>Summi</span> <span class='ocrx_word' id='word_1_105' title='bbox 654 889 845 923; x_wconf 81' lang='lat' dir='ltr'>Marsclialli</span> <span class='ocrx_word' id='word_1_106' title='bbox 873 888 982 932; x_wconf 70' lang='lat' dir='ltr'>Regni</span> <span class='ocrx_word' id='word_1_107' title='bbox 1013 887 1161 923; x_wconf 75' lang='lat' dir='ltr'>Boemie,</span> <span class='ocrx_word' id='word_1_108' title='bbox 1199 899 1260 921; x_wconf 93' lang='lat' dir='ltr'>nos</span> <span class='ocrx_word' id='word_1_109' title='bbox 1298 887 1430 921; x_wconf 80' lang='lat' dir='ltr'>dedisse</span> <span class='ocrx_word' id='word_1_110' title='bbox 1459 888 1646 927; x_wconf 87' lang='lat' dir='ltr'>recolimus,</span> <span class='ocrx_word' id='word_1_111' title='bbox 1677 899 1718 921; x_wconf 75' lang='lat' dir='ltr'>ex</span> <span class='ocrx_word' id='word_1_112' title='bbox 1748 887 1866 933; x_wconf 80' lang='lat' dir='ltr'>quibus</span> <span class='ocrx_word' id='word_1_113' title='bbox 1897 892 1992 921; x_wconf 87' lang='lat' dir='ltr'>tenor</span> 
     </span>
     <span class='ocr_line' id='line_1_11' title="bbox 141 947 1991 998; baseline -0.003 -12"><span class='ocrx_word' id='word_1_114' title='bbox 141 953 311 986; x_wconf 88' lang='lat' dir='ltr'>cuiusdam</span> <span class='ocrx_word' id='word_1_115' title='bbox 342 963 401 998; x_wconf 88' lang='lat' dir='ltr'>per</span> <span class='ocrx_word' id='word_1_116' title='bbox 429 954 538 985; x_wconf 87' lang='lat' dir='ltr'>omnia</span> <span class='ocrx_word' id='word_1_117' title='bbox 569 951 752 983; x_wconf 79' lang='lat' dir='ltr'>dinoscitur</span> <span class='ocrx_word' id='word_1_118' title='bbox 780 960 856 983; x_wconf 88' lang='lat' dir='ltr'>esse</span> <span class='ocrx_word' id='word_1_119' title='bbox 886 949 971 982; x_wconf 88' lang='lat' dir='ltr'>talis.</span> <span class='ocrx_word' id='word_1_120' title='bbox 1002 947 1071 982; x_wconf 87' lang='lat' dir='ltr'>Nos</span> <span class='ocrx_word' id='word_1_121' title='bbox 1100 948 1271 981; x_wconf 84' lang='lat' dir='ltr'>Joliannes</span> <span class='ocrx_word' id='word_1_122' title='bbox 1300 948 1352 981; x_wconf 87' lang='lat' dir='ltr'>dei</span> <span class='ocrx_word' id='word_1_123' title='bbox 1380 951 1495 991; x_wconf 85' lang='lat' dir='ltr'>gracia</span> <span class='ocrx_word' id='word_1_124' title='bbox 1525 948 1660 982; x_wconf 89' lang='lat' dir='ltr'>Boemie</span> <span class='ocrx_word' id='word_1_125' title='bbox 1685 953 1717 981; x_wconf 51' lang='lat' dir='ltr'>et¹</span> <span class='ocrx_word' id='word_1_126' title='bbox 1746 948 1882 981; x_wconf 86' lang='lat' dir='ltr'>l&#39;olonie</span> <span class='ocrx_word' id='word_1_127' title='bbox 1904 947 1991 990; x_wconf 81' lang='lat' dir='ltr'>Rex,</span> 
     </span>
     <span class='ocr_line' id='line_1_12' title="bbox 141 1008 1993 1056; baseline -0.002 -10"><span class='ocrx_word' id='word_1_128' title='bbox 141 1018 173 1046; x_wconf 88' lang='lat' dir='ltr'>et</span> <span class='ocrx_word' id='word_1_129' title='bbox 208 1012 512 1056; x_wconf 85' lang='lat' dir='ltr'>Lucemlnirgensis</span> <span class='ocrx_word' id='word_1_130' title='bbox 550 1012 682 1044; x_wconf 78' lang='lat' dir='ltr'>Comes.</span> <span class='ocrx_word' id='word_1_131' title='bbox 727 1010 780 1043; x_wconf 82' lang='lat' dir='ltr'>Ad</span> <span class='ocrx_word' id='word_1_132' title='bbox 815 1012 1050 1043; x_wconf 85' lang='lat' dir='ltr'>vniuersoruin</span> <span class='ocrx_word' id='word_1_133' title='bbox 1086 1013 1152 1042; x_wconf 89' lang='lat' dir='ltr'>tam</span> <span class='ocrx_word' id='word_1_134' title='bbox 1187 1011 1352 1054; x_wconf 87' lang='lat' dir='ltr'>presentis</span> <span class='ocrx_word' id='word_1_135' title='bbox 1391 1008 1496 1042; x_wconf 88' lang='lat' dir='ltr'>Etatis</span> <span class='ocrx_word' id='word_1_136' title='bbox 1532 1008 1715 1044; x_wconf 73' lang='lat' dir='ltr'>hominum.</span> <span class='ocrx_word' id='word_1_137' title='bbox 1753 1020 1848 1053; x_wconf 82' lang='lat' dir='ltr'>qnam</span> <span class='ocrx_word' id='word_1_138' title='bbox 1884 1008 1993 1042; x_wconf 88' lang='lat' dir='ltr'>future</span> 
     </span>
     <span class='ocr_line' id='line_1_13' title="bbox 142 1069 1993 1117; baseline -0.002 -11"><span class='ocrx_word' id='word_1_139' title='bbox 142 1076 297 1107; x_wconf 80' lang='lat' dir='ltr'>noticiam</span> <span class='ocrx_word' id='word_1_140' title='bbox 336 1073 489 1106; x_wconf 88' lang='lat' dir='ltr'>volumus</span> <span class='ocrx_word' id='word_1_141' title='bbox 524 1074 714 1117; x_wconf 80' lang='lat' dir='ltr'>peruenire,</span> <span class='ocrx_word' id='word_1_142' title='bbox 751 1070 845 1111; x_wconf 80' lang='lat' dir='ltr'>Quod</span> <span class='ocrx_word' id='word_1_143' title='bbox 881 1081 942 1103; x_wconf 88' lang='lat' dir='ltr'>nos</span> <span class='ocrx_word' id='word_1_144' title='bbox 976 1069 1016 1102; x_wconf 87' lang='lat' dir='ltr'>de</span> <span class='ocrx_word' id='word_1_145' title='bbox 1050 1074 1189 1105; x_wconf 66' lang='lat' dir='ltr'>maturo.</span> <span class='ocrx_word' id='word_1_146' title='bbox 1226 1074 1258 1102; x_wconf 89' lang='lat' dir='ltr'>et</span> <span class='ocrx_word' id='word_1_147' title='bbox 1293 1072 1470 1108; x_wconf 83' lang='lat' dir='ltr'>communi,</span> <span class='ocrx_word' id='word_1_148' title='bbox 1508 1069 1915 1115; x_wconf 75' lang='lat' dir='ltr'>Principum.Bal-onum,</span> <span class='ocrx_word' id='word_1_149' title='bbox 1953 1080 1993 1102; x_wconf 83' lang='lat' dir='ltr'>ac</span> 
     </span>
     <span class='ocr_line' id='line_1_14' title="bbox 142 1130 1995 1176; baseline -0.002 -10"><span class='ocrx_word' id='word_1_150' title='bbox 142 1133 360 1173; x_wconf 88' lang='lat' dir='ltr'>Prelatorum,</span> <span class='ocrx_word' id='word_1_151' title='bbox 397 1137 428 1166; x_wconf 89' lang='lat' dir='ltr'>et</span> <span class='ocrx_word' id='word_1_152' title='bbox 456 1131 622 1165; x_wconf 88' lang='lat' dir='ltr'>Nobilium</span> <span class='ocrx_word' id='word_1_153' title='bbox 658 1131 767 1176; x_wconf 81' lang='lat' dir='ltr'>Regni</span> <span class='ocrx_word' id='word_1_154' title='bbox 804 1133 907 1164; x_wconf 83' lang='lat' dir='ltr'>nostri</span> <span class='ocrx_word' id='word_1_155' title='bbox 944 1130 1092 1173; x_wconf 85' lang='lat' dir='ltr'>Boemie,</span> <span class='ocrx_word' id='word_1_156' title='bbox 1129 1130 1280 1166; x_wconf 72' lang='lat' dir='ltr'>consilio.</span> <span class='ocrx_word' id='word_1_157' title='bbox 1318 1142 1380 1163; x_wconf 88' lang='lat' dir='ltr'>nec</span> <span class='ocrx_word' id='word_1_158' title='bbox 1415 1141 1481 1163; x_wconf 90' lang='lat' dir='ltr'>non</span> <span class='ocrx_word' id='word_1_159' title='bbox 1517 1130 1753 1164; x_wconf 90' lang='lat' dir='ltr'>deliberatione</span> <span class='ocrx_word' id='word_1_160' title='bbox 1788 1130 1926 1176; x_wconf 88' lang='lat' dir='ltr'>prouida</span> <span class='ocrx_word' id='word_1_161' title='bbox 1962 1133 1995 1162; x_wconf 83' lang='lat' dir='ltr'>et</span> 
     </span>
     <span class='ocr_line' id='line_1_15' title="bbox 140 1190 1994 1239; baseline -0.003 -11"><span class='ocrx_word' id='word_1_162' title='bbox 140 1194 303 1239; x_wconf 78' lang='lat' dir='ltr'>solempni</span> <span class='ocrx_word' id='word_1_163' title='bbox 333 1197 487 1229; x_wconf 72' lang='lat' dir='ltr'>tractatu,</span> <span class='ocrx_word' id='word_1_164' title='bbox 518 1192 712 1238; x_wconf 80' lang='lat' dir='ltr'>preliabitis,</span> <span class='ocrx_word' id='word_1_165' title='bbox 748 1192 921 1225; x_wconf 84' lang='lat' dir='ltr'>vtilitatem</span> <span class='ocrx_word' id='word_1_166' title='bbox 957 1196 990 1225; x_wconf 86' lang='lat' dir='ltr'>et</span> <span class='ocrx_word' id='word_1_167' title='bbox 1025 1191 1232 1225; x_wconf 88' lang='lat' dir='ltr'>commodum</span> <span class='ocrx_word' id='word_1_168' title='bbox 1268 1196 1430 1233; x_wconf 86' lang='lat' dir='ltr'>nostrum,</span> <span class='ocrx_word' id='word_1_169' title='bbox 1467 1195 1498 1224; x_wconf 89' lang='lat' dir='ltr'>et</span> <span class='ocrx_word' id='word_1_170' title='bbox 1531 1190 1687 1225; x_wconf 85' lang='lat' dir='ltr'>heredum</span> <span class='ocrx_word' id='word_1_171' title='bbox 1723 1195 1922 1232; x_wconf 86' lang='lat' dir='ltr'>nostrorum,</span> <span class='ocrx_word' id='word_1_172' title='bbox 1955 1200 1994 1222; x_wconf 87' lang='lat' dir='ltr'>ac</span> 
     </span>
     <span class='ocr_line' id='line_1_16' title="bbox 141 1251 1993 1301; baseline -0.002 -13"><span class='ocrx_word' id='word_1_173' title='bbox 141 1257 301 1301; x_wconf 81' lang='lat' dir='ltr'>precipue</span> <span class='ocrx_word' id='word_1_174' title='bbox 329 1257 433 1299; x_wconf 90' lang='lat' dir='ltr'>ipsius</span> <span class='ocrx_word' id='word_1_175' title='bbox 462 1253 572 1297; x_wconf 80' lang='lat' dir='ltr'>Regni</span> <span class='ocrx_word' id='word_1_176' title='bbox 600 1256 716 1293; x_wconf 85' lang='lat' dir='ltr'>nostri,</span> <span class='ocrx_word' id='word_1_177' title='bbox 746 1257 881 1298; x_wconf 87' lang='lat' dir='ltr'>propter</span> <span class='ocrx_word' id='word_1_178' title='bbox 909 1252 1050 1297; x_wconf 86' lang='lat' dir='ltr'>quedam</span> <span class='ocrx_word' id='word_1_179' title='bbox 1084 1252 1203 1293; x_wconf 84' lang='lat' dir='ltr'>sutura,</span> <span class='ocrx_word' id='word_1_180' title='bbox 1240 1262 1304 1297; x_wconf 89' lang='lat' dir='ltr'>que</span> <span class='ocrx_word' id='word_1_181' title='bbox 1337 1251 1433 1285; x_wconf 88' lang='lat' dir='ltr'>nobis</span> <span class='ocrx_word' id='word_1_182' title='bbox 1468 1254 1500 1284; x_wconf 92' lang='lat' dir='ltr'>in</span> <span class='ocrx_word' id='word_1_183' title='bbox 1530 1254 1599 1297; x_wconf 89' lang='lat' dir='ltr'>ipso</span> <span class='ocrx_word' id='word_1_184' title='bbox 1628 1252 1746 1296; x_wconf 87' lang='lat' dir='ltr'>Regno</span> <span class='ocrx_word' id='word_1_185' title='bbox 1784 1255 1899 1284; x_wconf 89' lang='lat' dir='ltr'>nostro</span> <span class='ocrx_word' id='word_1_186' title='bbox 1928 1260 1993 1296; x_wconf 90' lang='lat' dir='ltr'>po-</span> 
     </span>
     <span class='ocr_line' id='line_1_17' title="bbox 141 1311 1994 1360; baseline -0.002 -12"><span class='ocrx_word' id='word_1_187' title='bbox 141 1318 284 1348; x_wconf 81' lang='lat' dir='ltr'>tuissent</span> <span class='ocrx_word' id='word_1_188' title='bbox 313 1319 344 1348; x_wconf 90' lang='lat' dir='ltr'>et</span> <span class='ocrx_word' id='word_1_189' title='bbox 373 1318 526 1360; x_wconf 81' lang='lat' dir='ltr'>poterant</span> <span class='ocrx_word' id='word_1_190' title='bbox 555 1313 709 1349; x_wconf 76' lang='lat' dir='ltr'>suboriri,</span> <span class='ocrx_word' id='word_1_191' title='bbox 746 1312 929 1358; x_wconf 87' lang='lat' dir='ltr'>dispendia,</span> <span class='ocrx_word' id='word_1_192' title='bbox 961 1312 1154 1347; x_wconf 90' lang='lat' dir='ltr'>euidencius</span> <span class='ocrx_word' id='word_1_193' title='bbox 1189 1317 1449 1357; x_wconf 71' lang='lat' dir='ltr'>cognoscentes,</span> <span class='ocrx_word' id='word_1_194' title='bbox 1486 1311 1730 1358; x_wconf 85' lang='lat' dir='ltr'>Cupientesque</span> <span class='ocrx_word' id='word_1_195' title='bbox 1764 1312 1994 1345; x_wconf 88' lang='lat' dir='ltr'>condicionem</span> 
     </span>
     <span class='ocr_line' id='line_1_18' title="bbox 142 1372 1995 1421; baseline -0.002 -12"><span class='ocrx_word' id='word_1_196' title='bbox 142 1378 244 1421; x_wconf 90' lang='lat' dir='ltr'>ipsius</span> <span class='ocrx_word' id='word_1_197' title='bbox 274 1375 384 1420; x_wconf 83' lang='lat' dir='ltr'>Regni</span> <span class='ocrx_word' id='word_1_198' title='bbox 419 1377 522 1408; x_wconf 84' lang='lat' dir='ltr'>nostri</span> <span class='ocrx_word' id='word_1_199' title='bbox 556 1373 670 1407; x_wconf 80' lang='lat' dir='ltr'>facere</span> <span class='ocrx_word' id='word_1_200' title='bbox 706 1374 887 1417; x_wconf 86' lang='lat' dir='ltr'>meliorem,</span> <span class='ocrx_word' id='word_1_201' title='bbox 924 1374 1035 1407; x_wconf 83' lang='lat' dir='ltr'>villani</span> <span class='ocrx_word' id='word_1_202' title='bbox 1071 1378 1219 1408; x_wconf 86' lang='lat' dir='ltr'>nostram</span> <span class='ocrx_word' id='word_1_203' title='bbox 1254 1373 1411 1415; x_wconf 82' lang='lat' dir='ltr'>Cliunicz,</span> <span class='ocrx_word' id='word_1_204' title='bbox 1448 1384 1521 1406; x_wconf 82' lang='lat' dir='ltr'>cuni</span> <span class='ocrx_word' id='word_1_205' title='bbox 1557 1374 1653 1414; x_wconf 81' lang='lat' dir='ltr'>villis,</span> <span class='ocrx_word' id='word_1_206' title='bbox 1690 1372 1802 1417; x_wconf 90' lang='lat' dir='ltr'>Longa</span> <span class='ocrx_word' id='word_1_207' title='bbox 1840 1372 1929 1415; x_wconf 86' lang='lat' dir='ltr'>villa,</span> <span class='ocrx_word' id='word_1_208' title='bbox 1963 1376 1995 1405; x_wconf 85' lang='lat' dir='ltr'>et</span> 
     </span>
     <span class='ocr_line' id='line_1_19' title="bbox 141 1433 1993 1481; baseline -0.001 -12"><span class='ocrx_word' id='word_1_209' title='bbox 141 1435 278 1477; x_wconf 78' lang='lat' dir='ltr'>duabus,</span> <span class='ocrx_word' id='word_1_210' title='bbox 315 1446 379 1481; x_wconf 88' lang='lat' dir='ltr'>que</span> <span class='ocrx_word' id='word_1_211' title='bbox 415 1435 568 1468; x_wconf 87' lang='lat' dir='ltr'>dicuntur</span> <span class='ocrx_word' id='word_1_212' title='bbox 599 1434 841 1477; x_wconf 84' lang='lat' dir='ltr'>Menckowitz,</span> <span class='ocrx_word' id='word_1_213' title='bbox 882 1434 1027 1468; x_wconf 88' lang='lat' dir='ltr'>dominio</span> <span class='ocrx_word' id='word_1_214' title='bbox 1068 1434 1148 1468; x_wconf 88' lang='lat' dir='ltr'>Jure</span> <span class='ocrx_word' id='word_1_215' title='bbox 1183 1434 1419 1473; x_wconf 82' lang='lat' dir='ltr'>Jurisdieione,</span> <span class='ocrx_word' id='word_1_216' title='bbox 1455 1433 1651 1474; x_wconf 90' lang='lat' dir='ltr'>hominibus,</span> <span class='ocrx_word' id='word_1_217' title='bbox 1688 1433 1807 1476; x_wconf 83' lang='lat' dir='ltr'>Pratis,</span> <span class='ocrx_word' id='word_1_218' title='bbox 1844 1433 1993 1475; x_wconf 80' lang='lat' dir='ltr'>Pascuis,</span> 
     </span>
     <span class='ocr_line' id='line_1_20' title="bbox 142 1493 1992 1541; baseline -0.002 -11"><span class='ocrx_word' id='word_1_219' title='bbox 142 1495 406 1538; x_wconf 87' lang='lat' dir='ltr'>Piscacionibus,</span> <span class='ocrx_word' id='word_1_220' title='bbox 436 1494 646 1538; x_wconf 85' lang='lat' dir='ltr'>Molendinis,</span> <span class='ocrx_word' id='word_1_221' title='bbox 681 1493 862 1537; x_wconf 77' lang='lat' dir='ltr'>Montibus,</span> <span class='ocrx_word' id='word_1_222' title='bbox 898 1495 1015 1541; x_wconf 86' lang='lat' dir='ltr'>planis,</span> <span class='ocrx_word' id='word_1_223' title='bbox 1051 1495 1166 1540; x_wconf 87' lang='lat' dir='ltr'>Agris.</span> <span class='ocrx_word' id='word_1_224' title='bbox 1202 1495 1303 1528; x_wconf 69' lang='lat' dir='ltr'>(Inltis</span> <span class='ocrx_word' id='word_1_225' title='bbox 1341 1499 1372 1528; x_wconf 85' lang='lat' dir='ltr'>et</span> <span class='ocrx_word' id='word_1_226' title='bbox 1406 1494 1547 1537; x_wconf 82' lang='lat' dir='ltr'>incultis,</span> <span class='ocrx_word' id='word_1_227' title='bbox 1576 1494 1857 1530; x_wconf 76' lang='lat' dir='ltr'>Rubetis.Siluis,</span> <span class='ocrx_word' id='word_1_228' title='bbox 1888 1496 1992 1539; x_wconf 84' lang='lat' dir='ltr'>aquis,</span> 
     </span>
     <span class='ocr_line' id='line_1_21' title="bbox 144 1553 1995 1602; baseline -0.002 -11"><span class='ocrx_word' id='word_1_229' title='bbox 144 1567 348 1602; x_wconf 85' lang='lat' dir='ltr'>aquarumue</span> <span class='ocrx_word' id='word_1_230' title='bbox 377 1555 586 1591; x_wconf 71' lang='lat' dir='ltr'>decursibus.</span> <span class='ocrx_word' id='word_1_231' title='bbox 617 1560 649 1589; x_wconf 87' lang='lat' dir='ltr'>et</span> <span class='ocrx_word' id='word_1_232' title='bbox 676 1556 879 1600; x_wconf 78' lang='lat' dir='ltr'>generaliter</span> <span class='ocrx_word' id='word_1_233' title='bbox 907 1567 981 1589; x_wconf 87' lang='lat' dir='ltr'>cum</span> <span class='ocrx_word' id='word_1_234' title='bbox 1011 1555 1162 1589; x_wconf 85' lang='lat' dir='ltr'>omnibus</span> <span class='ocrx_word' id='word_1_235' title='bbox 1193 1556 1267 1597; x_wconf 89' lang='lat' dir='ltr'>illis,</span> <span class='ocrx_word' id='word_1_236' title='bbox 1301 1566 1374 1588; x_wconf 87' lang='lat' dir='ltr'>cum</span> <span class='ocrx_word' id='word_1_237' title='bbox 1411 1555 1530 1599; x_wconf 89' lang='lat' dir='ltr'>quibus</span> <span class='ocrx_word' id='word_1_238' title='bbox 1559 1554 1632 1588; x_wconf 91' lang='lat' dir='ltr'>diue</span> <span class='ocrx_word' id='word_1_239' title='bbox 1661 1553 1834 1597; x_wconf 82' lang='lat' dir='ltr'>Meinorie,</span> <span class='ocrx_word' id='word_1_240' title='bbox 1865 1554 1995 1588; x_wconf 89' lang='lat' dir='ltr'>Prede-</span> 
     </span>
     <span class='ocr_line' id='line_1_22' title="bbox 141 1615 1996 1662; baseline -0.002 -10"><span class='ocrx_word' id='word_1_241' title='bbox 141 1628 297 1652; x_wconf 81' lang='lat' dir='ltr'>cessores</span> <span class='ocrx_word' id='word_1_242' title='bbox 335 1619 451 1660; x_wconf 78' lang='lat' dir='ltr'>nostri,</span> <span class='ocrx_word' id='word_1_243' title='bbox 487 1616 601 1661; x_wconf 87' lang='lat' dir='ltr'>Reges</span> <span class='ocrx_word' id='word_1_244' title='bbox 640 1616 776 1651; x_wconf 86' lang='lat' dir='ltr'>Boeinie</span> <span class='ocrx_word' id='word_1_245' title='bbox 812 1616 974 1659; x_wconf 87' lang='lat' dir='ltr'>Illustres,</span> <span class='ocrx_word' id='word_1_246' title='bbox 1010 1617 1120 1651; x_wconf 86' lang='lat' dir='ltr'>villain</span> <span class='ocrx_word' id='word_1_247' title='bbox 1154 1619 1271 1662; x_wconf 85' lang='lat' dir='ltr'>ipsam,</span> <span class='ocrx_word' id='word_1_248' title='bbox 1307 1628 1380 1650; x_wconf 91' lang='lat' dir='ltr'>cum</span> <span class='ocrx_word' id='word_1_249' title='bbox 1416 1616 1501 1649; x_wconf 80' lang='lat' dir='ltr'>villis</span> <span class='ocrx_word' id='word_1_250' title='bbox 1535 1615 1703 1661; x_wconf 80' lang='lat' dir='ltr'>predictis,</span> <span class='ocrx_word' id='word_1_251' title='bbox 1740 1619 1929 1657; x_wconf 87' lang='lat' dir='ltr'>tenuerunt,</span> <span class='ocrx_word' id='word_1_252' title='bbox 1963 1618 1996 1648; x_wconf 89' lang='lat' dir='ltr'>et</span> 
     </span>
     <span class='ocr_line' id='line_1_23' title="bbox 141 1675 1994 1726; baseline -0.002 -14"><span class='ocrx_word' id='word_1_253' title='bbox 141 1689 202 1713; x_wconf 91' lang='lat' dir='ltr'>nos</span> <span class='ocrx_word' id='word_1_254' title='bbox 231 1680 396 1712; x_wconf 83' lang='lat' dir='ltr'>tenuimus</span> <span class='ocrx_word' id='word_1_255' title='bbox 425 1688 534 1722; x_wconf 86' lang='lat' dir='ltr'>vsque</span> <span class='ocrx_word' id='word_1_256' title='bbox 563 1677 671 1720; x_wconf 88' lang='lat' dir='ltr'>inodo,</span> <span class='ocrx_word' id='word_1_257' title='bbox 702 1677 821 1711; x_wconf 87' lang='lat' dir='ltr'>additis</span> <span class='ocrx_word' id='word_1_258' title='bbox 852 1680 959 1711; x_wconf 88' lang='lat' dir='ltr'>eciam</span> <span class='ocrx_word' id='word_1_259' title='bbox 990 1678 1062 1726; x_wconf 84' lang='lat' dir='ltr'>alijs</span> <span class='ocrx_word' id='word_1_260' title='bbox 1091 1677 1193 1711; x_wconf 90' lang='lat' dir='ltr'>Bonis</span> <span class='ocrx_word' id='word_1_261' title='bbox 1223 1679 1356 1712; x_wconf 77' lang='lat' dir='ltr'>nostris,</span> <span class='ocrx_word' id='word_1_262' title='bbox 1387 1687 1491 1722; x_wconf 90' lang='lat' dir='ltr'>super</span> <span class='ocrx_word' id='word_1_263' title='bbox 1525 1675 1640 1722; x_wconf 90' lang='lat' dir='ltr'>quibus</span> <span class='ocrx_word' id='word_1_264' title='bbox 1673 1676 1834 1714; x_wconf 75' lang='lat' dir='ltr'>similiter,</span> <span class='ocrx_word' id='word_1_265' title='bbox 1864 1680 1994 1709; x_wconf 84' lang='lat' dir='ltr'>nostras</span> 
     </span>
     <span class='ocr_line' id='line_1_24' title="bbox 143 1735 1994 1784; baseline -0.002 -12"><span class='ocrx_word' id='word_1_266' title='bbox 143 1739 292 1773; x_wconf 82' lang='lat' dir='ltr'>dedimus</span> <span class='ocrx_word' id='word_1_267' title='bbox 330 1739 457 1772; x_wconf 80' lang='lat' dir='ltr'>litteras</span> <span class='ocrx_word' id='word_1_268' title='bbox 495 1738 671 1784; x_wconf 83' lang='lat' dir='ltr'>speciales.</span> <span class='ocrx_word' id='word_1_269' title='bbox 712 1737 793 1772; x_wconf 90' lang='lat' dir='ltr'>Cum</span> <span class='ocrx_word' id='word_1_270' title='bbox 831 1738 918 1772; x_wconf 86' lang='lat' dir='ltr'>fideli</span> <span class='ocrx_word' id='word_1_271' title='bbox 952 1742 1069 1772; x_wconf 88' lang='lat' dir='ltr'>nostro</span> <span class='ocrx_word' id='word_1_272' title='bbox 1104 1737 1262 1771; x_wconf 84' lang='lat' dir='ltr'>Heinrico</span> <span class='ocrx_word' id='word_1_273' title='bbox 1299 1737 1339 1770; x_wconf 90' lang='lat' dir='ltr'>de</span> <span class='ocrx_word' id='word_1_274' title='bbox 1374 1737 1451 1782; x_wconf 87' lang='lat' dir='ltr'>Lipa</span> <span class='ocrx_word' id='word_1_275' title='bbox 1489 1747 1548 1782; x_wconf 91' lang='lat' dir='ltr'>pro</span> <span class='ocrx_word' id='word_1_276' title='bbox 1583 1735 1723 1769; x_wconf 88' lang='lat' dir='ltr'>Ciuitate</span> <span class='ocrx_word' id='word_1_277' title='bbox 1759 1740 1790 1769; x_wconf 88' lang='lat' dir='ltr'>et</span> <span class='ocrx_word' id='word_1_278' title='bbox 1822 1736 1994 1778; x_wconf 88' lang='lat' dir='ltr'>Districtu,</span> 
     </span>
     <span class='ocr_line' id='line_1_25' title="bbox 143 1795 1994 1846; baseline -0.002 -13"><span class='ocrx_word' id='word_1_279' title='bbox 143 1800 352 1846; x_wconf 69' lang='lat' dir='ltr'>Sytauiensi,</span> <span class='ocrx_word' id='word_1_280' title='bbox 390 1798 528 1841; x_wconf 77' lang='lat' dir='ltr'>Castris,</span> <span class='ocrx_word' id='word_1_281' title='bbox 563 1798 732 1839; x_wconf 75' lang='lat' dir='ltr'>Ronnow,</span> <span class='ocrx_word' id='word_1_282' title='bbox 767 1798 985 1845; x_wconf 60' lang='lat' dir='ltr'>wains.et</span> <span class='ocrx_word' id='word_1_283' title='bbox 1021 1797 1247 1841; x_wconf 85' lang='lat' dir='ltr'>Schoinbucb,</span> <span class='ocrx_word' id='word_1_284' title='bbox 1282 1798 1383 1839; x_wconf 81' lang='lat' dir='ltr'>villis,</span> <span class='ocrx_word' id='word_1_285' title='bbox 1416 1797 1562 1839; x_wconf 80' lang='lat' dir='ltr'>Juribus,</span> <span class='ocrx_word' id='word_1_286' title='bbox 1597 1797 1739 1830; x_wconf 88' lang='lat' dir='ltr'>dominio</span> <span class='ocrx_word' id='word_1_287' title='bbox 1772 1795 1994 1830; x_wconf 87' lang='lat' dir='ltr'>Pheodalibus</span> 
     </span>
     <span class='ocr_line' id='line_1_26' title="bbox 146 1857 1995 1905; baseline -0.002 -12"><span class='ocrx_word' id='word_1_288' title='bbox 146 1859 346 1903; x_wconf 88' lang='lat' dir='ltr'>hominihus,</span> <span class='ocrx_word' id='word_1_289' title='bbox 377 1864 409 1893; x_wconf 93' lang='lat' dir='ltr'>et</span> <span class='ocrx_word' id='word_1_290' title='bbox 437 1870 552 1893; x_wconf 87' lang='lat' dir='ltr'>eorum</span> <span class='ocrx_word' id='word_1_291' title='bbox 581 1861 797 1905; x_wconf 85' lang='lat' dir='ltr'>pertinencijs</span> <span class='ocrx_word' id='word_1_292' title='bbox 826 1862 1006 1902; x_wconf 75' lang='lat' dir='ltr'>vninersis,</span> <span class='ocrx_word' id='word_1_293' title='bbox 1037 1863 1070 1892; x_wconf 89' lang='lat' dir='ltr'>et</span> <span class='ocrx_word' id='word_1_294' title='bbox 1098 1859 1303 1903; x_wconf 85' lang='lat' dir='ltr'>generaliter</span> <span class='ocrx_word' id='word_1_295' title='bbox 1331 1869 1404 1892; x_wconf 91' lang='lat' dir='ltr'>cum</span> <span class='ocrx_word' id='word_1_296' title='bbox 1434 1861 1494 1901; x_wconf 90' lang='lat' dir='ltr'>eis,</span> <span class='ocrx_word' id='word_1_297' title='bbox 1530 1869 1602 1891; x_wconf 87' lang='lat' dir='ltr'>cum</span> <span class='ocrx_word' id='word_1_298' title='bbox 1631 1857 1845 1902; x_wconf 86' lang='lat' dir='ltr'>quibus.ipse</span> <span class='ocrx_word' id='word_1_299' title='bbox 1875 1857 1995 1890; x_wconf 84' lang='lat' dir='ltr'>liuius-</span> 
     </span>
     <span class='ocr_line' id='line_1_27' title="bbox 142 1916 1994 1966; baseline -0.002 -12"><span class='ocrx_word' id='word_1_300' title='bbox 142 1921 229 1954; x_wconf 91' lang='lat' dir='ltr'>modi</span> <span class='ocrx_word' id='word_1_301' title='bbox 256 1931 365 1966; x_wconf 89' lang='lat' dir='ltr'>vsque</span> <span class='ocrx_word' id='word_1_302' title='bbox 393 1931 481 1954; x_wconf 90' lang='lat' dir='ltr'>nnnc</span> <span class='ocrx_word' id='word_1_303' title='bbox 511 1922 624 1962; x_wconf 86' lang='lat' dir='ltr'>tenuit,</span> <span class='ocrx_word' id='word_1_304' title='bbox 660 1924 692 1953; x_wconf 88' lang='lat' dir='ltr'>et</span> <span class='ocrx_word' id='word_1_305' title='bbox 725 1920 888 1965; x_wconf 74' lang='lat' dir='ltr'>possedit,</span> <span class='ocrx_word' id='word_1_306' title='bbox 924 1930 968 1953; x_wconf 81' lang='lat' dir='ltr'>ex</span> <span class='ocrx_word' id='word_1_307' title='bbox 1002 1924 1094 1953; x_wconf 90' lang='lat' dir='ltr'>certa</span> <span class='ocrx_word' id='word_1_308' title='bbox 1128 1924 1243 1953; x_wconf 89' lang='lat' dir='ltr'>nostra</span> <span class='ocrx_word' id='word_1_309' title='bbox 1278 1921 1436 1961; x_wconf 84' lang='lat' dir='ltr'>sciencia,</span> <span class='ocrx_word' id='word_1_310' title='bbox 1472 1923 1596 1960; x_wconf 87' lang='lat' dir='ltr'>nostro,</span> <span class='ocrx_word' id='word_1_311' title='bbox 1624 1917 1805 1960; x_wconf 89' lang='lat' dir='ltr'>Heredum,</span> <span class='ocrx_word' id='word_1_312' title='bbox 1835 1928 1874 1950; x_wconf 85' lang='lat' dir='ltr'>ac</span> <span class='ocrx_word' id='word_1_313' title='bbox 1902 1916 1994 1950; x_wconf 89' lang='lat' dir='ltr'>Suc-</span> 
     </span>
     <span class='ocr_line' id='line_1_28' title="bbox 142 1976 1995 2025; baseline -0.002 -11"><span class='ocrx_word' id='word_1_314' title='bbox 142 1992 318 2015; x_wconf 87' lang='lat' dir='ltr'>cessoruin</span> <span class='ocrx_word' id='word_1_315' title='bbox 346 1985 536 2015; x_wconf 86' lang='lat' dir='ltr'>nostrorum</span> <span class='ocrx_word' id='word_1_316' title='bbox 565 1983 710 2021; x_wconf 90' lang='lat' dir='ltr'>nomine,</span> <span class='ocrx_word' id='word_1_317' title='bbox 741 1983 1029 2023; x_wconf 89' lang='lat' dir='ltr'>commutauimus,</span> <span class='ocrx_word' id='word_1_318' title='bbox 1060 1985 1092 2013; x_wconf 93' lang='lat' dir='ltr'>et</span> <span class='ocrx_word' id='word_1_319' title='bbox 1121 1984 1360 2025; x_wconf 81' lang='lat' dir='ltr'>permutamus,</span> <span class='ocrx_word' id='word_1_320' title='bbox 1387 1984 1419 2012; x_wconf 89' lang='lat' dir='ltr'>et</span> <span class='ocrx_word' id='word_1_321' title='bbox 1438 1978 1668 2012; x_wconf 84' lang='lat' dir='ltr'>commutando</span> <span class='ocrx_word' id='word_1_322' title='bbox 1692 1981 1724 2011; x_wconf 90' lang='lat' dir='ltr'>in</span> <span class='ocrx_word' id='word_1_323' title='bbox 1753 1976 1995 2020; x_wconf 86' lang='lat' dir='ltr'>concambium,</span> 
     </span>
     <span class='ocr_line' id='line_1_29' title="bbox 143 2037 1994 2086; baseline -0.003 -11"><span class='ocrx_word' id='word_1_324' title='bbox 143 2042 259 2075; x_wconf 87' lang='lat' dir='ltr'>damus</span> <span class='ocrx_word' id='word_1_325' title='bbox 288 2046 321 2075; x_wconf 89' lang='lat' dir='ltr'>et</span> <span class='ocrx_word' id='word_1_326' title='bbox 350 2041 511 2084; x_wconf 88' lang='lat' dir='ltr'>dedimus,</span> <span class='ocrx_word' id='word_1_327' title='bbox 541 2040 745 2082; x_wconf 82' lang='lat' dir='ltr'>tradidimus,</span> <span class='ocrx_word' id='word_1_328' title='bbox 775 2045 809 2074; x_wconf 90' lang='lat' dir='ltr'>et</span> <span class='ocrx_word' id='word_1_329' title='bbox 837 2040 995 2074; x_wconf 81' lang='lat' dir='ltr'>tradimus</span> <span class='ocrx_word' id='word_1_330' title='bbox 1024 2052 1085 2086; x_wconf 89' lang='lat' dir='ltr'>per</span> <span class='ocrx_word' id='word_1_331' title='bbox 1110 2043 1215 2085; x_wconf 89' lang='lat' dir='ltr'>ipsum</span> <span class='ocrx_word' id='word_1_332' title='bbox 1236 2039 1440 2082; x_wconf 84' lang='lat' dir='ltr'>Heinricuin,</span> <span class='ocrx_word' id='word_1_333' title='bbox 1467 2043 1498 2072; x_wconf 90' lang='lat' dir='ltr'>et</span> <span class='ocrx_word' id='word_1_334' title='bbox 1523 2037 1675 2079; x_wconf 83' lang='lat' dir='ltr'>heredes,</span> <span class='ocrx_word' id='word_1_335' title='bbox 1702 2049 1741 2071; x_wconf 92' lang='lat' dir='ltr'>ac</span> <span class='ocrx_word' id='word_1_336' title='bbox 1767 2037 1994 2071; x_wconf 89' lang='lat' dir='ltr'>Successores</span> 
     </span>
     <span class='ocr_line' id='line_1_30' title="bbox 143 2097 1994 2148; baseline -0.003 -12"><span class='ocrx_word' id='word_1_337' title='bbox 143 2113 222 2136; x_wconf 87' lang='lat' dir='ltr'>suos</span> <span class='ocrx_word' id='word_1_338' title='bbox 250 2101 489 2148; x_wconf 87' lang='lat' dir='ltr'>possidendam</span> <span class='ocrx_word' id='word_1_339' title='bbox 517 2100 599 2135; x_wconf 87' lang='lat' dir='ltr'>Jure</span> <span class='ocrx_word' id='word_1_340' title='bbox 627 2100 841 2143; x_wconf 88' lang='lat' dir='ltr'>hereditario,</span> <span class='ocrx_word' id='word_1_341' title='bbox 870 2106 1047 2146; x_wconf 88' lang='lat' dir='ltr'>perpetuo,</span> <span class='ocrx_word' id='word_1_342' title='bbox 1078 2105 1110 2134; x_wconf 88' lang='lat' dir='ltr'>et</span> <span class='ocrx_word' id='word_1_343' title='bbox 1138 2100 1315 2134; x_wconf 89' lang='lat' dir='ltr'>tenendam</span> <span class='ocrx_word' id='word_1_344' title='bbox 1344 2099 1602 2133; x_wconf 88' lang='lat' dir='ltr'>Transferentes</span> <span class='ocrx_word' id='word_1_345' title='bbox 1630 2101 1662 2131; x_wconf 92' lang='lat' dir='ltr'>in</span> <span class='ocrx_word' id='word_1_346' title='bbox 1689 2101 1793 2143; x_wconf 87' lang='lat' dir='ltr'>ipsum</span> <span class='ocrx_word' id='word_1_347' title='bbox 1814 2097 1994 2131; x_wconf 88' lang='lat' dir='ltr'>Henricuin</span> 
     </span>
     <span class='ocr_line' id='line_1_31' title="bbox 143 2158 1994 2206; baseline -0.003 -10"><span class='ocrx_word' id='word_1_348' title='bbox 143 2162 308 2205; x_wconf 84' lang='lat' dir='ltr'>Heredes,</span> <span class='ocrx_word' id='word_1_349' title='bbox 338 2173 378 2195; x_wconf 86' lang='lat' dir='ltr'>ac</span> <span class='ocrx_word' id='word_1_350' title='bbox 407 2162 633 2196; x_wconf 84' lang='lat' dir='ltr'>Successores</span> <span class='ocrx_word' id='word_1_351' title='bbox 662 2172 754 2204; x_wconf 85' lang='lat' dir='ltr'>suos,</span> <span class='ocrx_word' id='word_1_352' title='bbox 784 2172 883 2195; x_wconf 88' lang='lat' dir='ltr'>omne</span> <span class='ocrx_word' id='word_1_353' title='bbox 913 2161 1104 2204; x_wconf 88' lang='lat' dir='ltr'>dominium,</span> <span class='ocrx_word' id='word_1_354' title='bbox 1144 2172 1274 2195; x_wconf 90' lang='lat' dir='ltr'>omnem</span> <span class='ocrx_word' id='word_1_355' title='bbox 1309 2162 1556 2206; x_wconf 80' lang='lat' dir='ltr'>proprietatem,</span> <span class='ocrx_word' id='word_1_356' title='bbox 1594 2163 1626 2191; x_wconf 89' lang='lat' dir='ltr'>et</span> <span class='ocrx_word' id='word_1_357' title='bbox 1663 2162 1771 2192; x_wconf 90' lang='lat' dir='ltr'>omnia</span> <span class='ocrx_word' id='word_1_358' title='bbox 1800 2158 1892 2201; x_wconf 88' lang='lat' dir='ltr'>Jura,</span> <span class='ocrx_word' id='word_1_359' title='bbox 1930 2168 1994 2204; x_wconf 89' lang='lat' dir='ltr'>que</span> 
     </span>
     <span class='ocr_line' id='line_1_32' title="bbox 145 2219 1993 2267; baseline -0.003 -11"><span class='ocrx_word' id='word_1_360' title='bbox 145 2222 240 2256; x_wconf 91' lang='lat' dir='ltr'>nobis</span> <span class='ocrx_word' id='word_1_361' title='bbox 270 2222 460 2263; x_wconf 75' lang='lat' dir='ltr'>heredibus,</span> <span class='ocrx_word' id='word_1_362' title='bbox 491 2233 530 2256; x_wconf 86' lang='lat' dir='ltr'>ac</span> <span class='ocrx_word' id='word_1_363' title='bbox 560 2221 822 2255; x_wconf 87' lang='lat' dir='ltr'>Successoribus</span> <span class='ocrx_word' id='word_1_364' title='bbox 852 2224 991 2263; x_wconf 86' lang='lat' dir='ltr'>nostris,</span> <span class='ocrx_word' id='word_1_365' title='bbox 1020 2224 1052 2254; x_wconf 90' lang='lat' dir='ltr'>in</span> <span class='ocrx_word' id='word_1_366' title='bbox 1081 2222 1228 2267; x_wconf 84' lang='lat' dir='ltr'>predicta</span> <span class='ocrx_word' id='word_1_367' title='bbox 1264 2221 1353 2263; x_wconf 87' lang='lat' dir='ltr'>villa,</span> <span class='ocrx_word' id='word_1_368' title='bbox 1389 2224 1421 2253; x_wconf 89' lang='lat' dir='ltr'>et</span> <span class='ocrx_word' id='word_1_369' title='bbox 1449 2219 1533 2252; x_wconf 89' lang='lat' dir='ltr'>villis</span> <span class='ocrx_word' id='word_1_370' title='bbox 1566 2219 1737 2264; x_wconf 87' lang='lat' dir='ltr'>predictis,</span> <span class='ocrx_word' id='word_1_371' title='bbox 1775 2230 1850 2252; x_wconf 87' lang='lat' dir='ltr'>cum</span> <span class='ocrx_word' id='word_1_372' title='bbox 1880 2229 1993 2252; x_wconf 89' lang='lat' dir='ltr'>eorum</span> 
     </span>
     <span class='ocr_line' id='line_1_33' title="bbox 145 2277 1994 2328; baseline -0.002 -13"><span class='ocrx_word' id='word_1_373' title='bbox 145 2284 362 2328; x_wconf 87' lang='lat' dir='ltr'>pertinencijs</span> <span class='ocrx_word' id='word_1_374' title='bbox 391 2285 570 2326; x_wconf 88' lang='lat' dir='ltr'>vniuersis,</span> <span class='ocrx_word' id='word_1_375' title='bbox 600 2286 803 2327; x_wconf 78' lang='lat' dir='ltr'>competunt,</span> <span class='ocrx_word' id='word_1_376' title='bbox 835 2287 890 2316; x_wconf 84' lang='lat' dir='ltr'>aut</span> <span class='ocrx_word' id='word_1_377' title='bbox 920 2286 1057 2328; x_wconf 89' lang='lat' dir='ltr'>possent</span> <span class='ocrx_word' id='word_1_378' title='bbox 1084 2286 1278 2327; x_wconf 87' lang='lat' dir='ltr'>competere</span> <span class='ocrx_word' id='word_1_379' title='bbox 1305 2280 1488 2326; x_wconf 89' lang='lat' dir='ltr'>aliqualiter</span> <span class='ocrx_word' id='word_1_380' title='bbox 1518 2281 1549 2311; x_wconf 91' lang='lat' dir='ltr'>in</span> <span class='ocrx_word' id='word_1_381' title='bbox 1576 2278 1730 2316; x_wconf 80' lang='lat' dir='ltr'>futurum,</span> <span class='ocrx_word' id='word_1_382' title='bbox 1753 2279 1887 2321; x_wconf 83' lang='lat' dir='ltr'>Taliter,</span> <span class='ocrx_word' id='word_1_383' title='bbox 1908 2277 1994 2323; x_wconf 90' lang='lat' dir='ltr'>quod</span> 
     </span>
     <span class='ocr_line' id='line_1_34' title="bbox 145 2338 1993 2388; baseline -0.002 -13"><span class='ocrx_word' id='word_1_384' title='bbox 145 2346 216 2388; x_wconf 89' lang='lat' dir='ltr'>ipse</span> <span class='ocrx_word' id='word_1_385' title='bbox 246 2342 423 2385; x_wconf 88' lang='lat' dir='ltr'>Henricus,</span> <span class='ocrx_word' id='word_1_386' title='bbox 453 2342 616 2384; x_wconf 80' lang='lat' dir='ltr'>Heredes,</span> <span class='ocrx_word' id='word_1_387' title='bbox 647 2353 686 2374; x_wconf 83' lang='lat' dir='ltr'>ac</span> <span class='ocrx_word' id='word_1_388' title='bbox 715 2342 943 2376; x_wconf 88' lang='lat' dir='ltr'>Successores</span> <span class='ocrx_word' id='word_1_389' title='bbox 973 2345 1035 2378; x_wconf 68' lang='lat' dir='ltr'>sui.</span> <span class='ocrx_word' id='word_1_390' title='bbox 1066 2342 1189 2383; x_wconf 85' lang='lat' dir='ltr'>villam,</span> <span class='ocrx_word' id='word_1_391' title='bbox 1225 2346 1257 2375; x_wconf 86' lang='lat' dir='ltr'>et</span> <span class='ocrx_word' id='word_1_392' title='bbox 1291 2341 1398 2379; x_wconf 69' lang='lat' dir='ltr'>villas,</span> <span class='ocrx_word' id='word_1_393' title='bbox 1432 2338 1613 2384; x_wconf 87' lang='lat' dir='ltr'>predictas,</span> <span class='ocrx_word' id='word_1_394' title='bbox 1643 2340 1804 2381; x_wconf 74' lang='lat' dir='ltr'>vendere,</span> <span class='ocrx_word' id='word_1_395' title='bbox 1834 2340 1993 2380; x_wconf 83' lang='lat' dir='ltr'>alienare,</span> 
     </span>
     <span class='ocr_line' id='line_1_35' title="bbox 145 2400 1994 2448; baseline -0.004 -11"><span class='ocrx_word' id='word_1_396' title='bbox 145 2407 177 2437; x_wconf 89' lang='lat' dir='ltr'>in</span> <span class='ocrx_word' id='word_1_397' title='bbox 208 2407 321 2444; x_wconf 80' lang='lat' dir='ltr'>totum,</span> <span class='ocrx_word' id='word_1_398' title='bbox 350 2404 405 2436; x_wconf 90' lang='lat' dir='ltr'>vel</span> <span class='ocrx_word' id='word_1_399' title='bbox 435 2407 467 2437; x_wconf 92' lang='lat' dir='ltr'>in</span> <span class='ocrx_word' id='word_1_400' title='bbox 496 2408 602 2448; x_wconf 89' lang='lat' dir='ltr'>parte,</span> <span class='ocrx_word' id='word_1_401' title='bbox 642 2406 673 2435; x_wconf 83' lang='lat' dir='ltr'>et</span> <span class='ocrx_word' id='word_1_402' title='bbox 702 2402 742 2435; x_wconf 91' lang='lat' dir='ltr'>de</span> <span class='ocrx_word' id='word_1_403' title='bbox 777 2406 857 2448; x_wconf 85' lang='lat' dir='ltr'>ipsis</span> <span class='ocrx_word' id='word_1_404' title='bbox 897 2409 1060 2448; x_wconf 86' lang='lat' dir='ltr'>tamquam</span> <span class='ocrx_word' id='word_1_405' title='bbox 1090 2402 1130 2435; x_wconf 87' lang='lat' dir='ltr'>de</span> <span class='ocrx_word' id='word_1_406' title='bbox 1160 2414 1198 2436; x_wconf 90' lang='lat' dir='ltr'>re</span> <span class='ocrx_word' id='word_1_407' title='bbox 1226 2413 1284 2435; x_wconf 86' lang='lat' dir='ltr'>sua</span> <span class='ocrx_word' id='word_1_408' title='bbox 1314 2402 1444 2446; x_wconf 85' lang='lat' dir='ltr'>propria</span> <span class='ocrx_word' id='word_1_409' title='bbox 1474 2402 1598 2444; x_wconf 85' lang='lat' dir='ltr'>possint</span> <span class='ocrx_word' id='word_1_410' title='bbox 1627 2400 1816 2446; x_wconf 86' lang='lat' dir='ltr'>disponere,</span> <span class='ocrx_word' id='word_1_411' title='bbox 1846 2410 1906 2445; x_wconf 90' lang='lat' dir='ltr'>pro</span> <span class='ocrx_word' id='word_1_412' title='bbox 1935 2410 1994 2432; x_wconf 88' lang='lat' dir='ltr'>sue</span> 
     </span>
     <span class='ocr_line' id='line_1_36' title="bbox 145 2459 1995 2509; baseline -0.003 -13"><span class='ocrx_word' id='word_1_413' title='bbox 145 2463 234 2497; x_wconf 89' lang='lat' dir='ltr'>libito</span> <span class='ocrx_word' id='word_1_414' title='bbox 263 2463 457 2506; x_wconf 85' lang='lat' dir='ltr'>voluntatis,</span> <span class='ocrx_word' id='word_1_415' title='bbox 487 2463 770 2505; x_wconf 87' lang='lat' dir='ltr'>Renuncciantes,</span> <span class='ocrx_word' id='word_1_416' title='bbox 799 2474 977 2509; x_wconf 76' lang='lat' dir='ltr'>expresse,</span> <span class='ocrx_word' id='word_1_417' title='bbox 1017 2467 1050 2496; x_wconf 90' lang='lat' dir='ltr'>et</span> <span class='ocrx_word' id='word_1_418' title='bbox 1086 2473 1129 2496; x_wconf 84' lang='lat' dir='ltr'>ex</span> <span class='ocrx_word' id='word_1_419' title='bbox 1166 2466 1255 2495; x_wconf 84' lang='lat' dir='ltr'>certa</span> <span class='ocrx_word' id='word_1_420' title='bbox 1285 2464 1395 2494; x_wconf 87' lang='lat' dir='ltr'>nostra</span> <span class='ocrx_word' id='word_1_421' title='bbox 1425 2462 1582 2501; x_wconf 72' lang='lat' dir='ltr'>sciencia,</span> <span class='ocrx_word' id='word_1_422' title='bbox 1613 2465 1726 2494; x_wconf 88' lang='lat' dir='ltr'>nostro</span> <span class='ocrx_word' id='word_1_423' title='bbox 1756 2459 1925 2501; x_wconf 88' lang='lat' dir='ltr'>heredum,</span> <span class='ocrx_word' id='word_1_424' title='bbox 1956 2469 1995 2492; x_wconf 84' lang='lat' dir='ltr'>ac</span> 
     </span>
     <span class='ocr_line' id='line_1_37' title="bbox 146 2520 1993 2567; baseline -0.003 -10"><span class='ocrx_word' id='word_1_425' title='bbox 146 2522 388 2557; x_wconf 86' lang='lat' dir='ltr'>Successoruin</span> <span class='ocrx_word' id='word_1_426' title='bbox 427 2529 615 2557; x_wconf 87' lang='lat' dir='ltr'>nostrorum</span> <span class='ocrx_word' id='word_1_427' title='bbox 655 2526 798 2561; x_wconf 79' lang='lat' dir='ltr'>nomine,</span> <span class='ocrx_word' id='word_1_428' title='bbox 838 2523 875 2557; x_wconf 82' lang='lat' dir='ltr'>ln</span> <span class='ocrx_word' id='word_1_429' title='bbox 911 2527 1077 2567; x_wconf 85' lang='lat' dir='ltr'>integrum</span> <span class='ocrx_word' id='word_1_430' title='bbox 1115 2525 1324 2563; x_wconf 81' lang='lat' dir='ltr'>restitutioni,</span> <span class='ocrx_word' id='word_1_431' title='bbox 1362 2521 1402 2554; x_wconf 86' lang='lat' dir='ltr'>de</span> <span class='ocrx_word' id='word_1_432' title='bbox 1437 2520 1522 2554; x_wconf 79' lang='lat' dir='ltr'>dolo.</span> <span class='ocrx_word' id='word_1_433' title='bbox 1558 2525 1588 2553; x_wconf 87' lang='lat' dir='ltr'>et</span> <span class='ocrx_word' id='word_1_434' title='bbox 1627 2523 1658 2554; x_wconf 91' lang='lat' dir='ltr'>in</span> <span class='ocrx_word' id='word_1_435' title='bbox 1694 2520 1814 2553; x_wconf 82' lang='lat' dir='ltr'>factum</span> <span class='ocrx_word' id='word_1_436' title='bbox 1850 2522 1993 2562; x_wconf 81' lang='lat' dir='ltr'>accioni,</span> 
     </span>
     <span class='ocr_line' id='line_1_38' title="bbox 148 2578 1993 2630; baseline -0.003 -13"><span class='ocrx_word' id='word_1_437' title='bbox 148 2583 355 2630; x_wconf 87' lang='lat' dir='ltr'>decepcioni,</span> <span class='ocrx_word' id='word_1_438' title='bbox 385 2583 470 2616; x_wconf 89' lang='lat' dir='ltr'>vltra</span> <span class='ocrx_word' id='word_1_439' title='bbox 500 2584 666 2617; x_wconf 87' lang='lat' dir='ltr'>dimidium</span> <span class='ocrx_word' id='word_1_440' title='bbox 695 2586 768 2617; x_wconf 88' lang='lat' dir='ltr'>iusti</span> <span class='ocrx_word' id='word_1_441' title='bbox 798 2586 915 2629; x_wconf 89' lang='lat' dir='ltr'>precii,</span> <span class='ocrx_word' id='word_1_442' title='bbox 946 2587 978 2616; x_wconf 85' lang='lat' dir='ltr'>et</span> <span class='ocrx_word' id='word_1_443' title='bbox 1006 2586 1094 2617; x_wconf 91' lang='lat' dir='ltr'>omni</span> <span class='ocrx_word' id='word_1_444' title='bbox 1125 2584 1188 2617; x_wconf 88' lang='lat' dir='ltr'>alio</span> <span class='ocrx_word' id='word_1_445' title='bbox 1216 2582 1305 2616; x_wconf 89' lang='lat' dir='ltr'>Juris</span> <span class='ocrx_word' id='word_1_446' title='bbox 1335 2581 1469 2622; x_wconf 74' lang='lat' dir='ltr'>auxilio,</span> <span class='ocrx_word' id='word_1_447' title='bbox 1504 2591 1567 2625; x_wconf 86' lang='lat' dir='ltr'>quo</span> <span class='ocrx_word' id='word_1_448' title='bbox 1603 2583 1707 2614; x_wconf 83' lang='lat' dir='ltr'>iuuari</span> <span class='ocrx_word' id='word_1_449' title='bbox 1738 2590 1924 2626; x_wconf 86' lang='lat' dir='ltr'>possemus,</span> <span class='ocrx_word' id='word_1_450' title='bbox 1954 2578 1993 2612; x_wconf 91' lang='lat' dir='ltr'>ad</span> 
     </span>
    </p>
   </div>
  </div>
 </body>
</html>
