2184 2828
1025 60 1096 94 987

503 177 627 211 Aliter.
660 177 899 221 (Responsiua
927 177 1036 211 Ducis
1064 177 1207 211 Austrie
1236 178 1328 222 Reqc'
1354 179 1619 220 Romanorum.)

287 244 485 280 Inuentores
513 251 546 280 et
574 251 731 281 auctores
759 246 898 293 perfidie
926 249 959 280 in
988 249 1052 280 mei
1088 246 1223 280 honoris
1259 246 1465 292 dispendium
1501 253 1728 294 preconcepte
1757 248 1797 282 ad
1827 248 1991 282 domicilia

132 305 355 351 confugerunt
390 308 482 350 reglis
517 306 680 341 Bolaemz'e
715 310 769 353 qui
803 310 836 341 in
866 309 962 341 metis
998 306 1245 341 marchionatus
1282 307 1438 341 Moram’e
1479 310 1571 354 ipsos
1611 308 1753 354 prefecit
1795 308 1991 355 quibusdam

133 366 376 401 municionibus
406 371 440 400 ut
468 379 511 401 ex
540 371 711 402 uicinitate
739 368 803 402 loci
832 372 865 402 et
893 370 1166 413 congregacione
1194 371 1298 402 status
1326 368 1470 402 Austrie
1498 368 1709 403 efficaciores
1738 372 1802 403 sint
1833 369 1872 402 ad
1902 372 1993 403 resi-

132 428 286 463 stendum
313 432 346 462 et
373 430 425 462 uia
455 432 504 463 eis
532 429 667 463 liberior
695 429 735 463 ad
764 433 853 463 terre
881 431 1052 463 introitum
1081 427 1269 474 prebeatur.
1300 427 1385 468 Quid
1415 439 1496 462 uero
1525 428 1566 462 de
1594 432 1716 463 castris
1737 434 1768 463 et
1790 432 1994 463 municioni-

132 489 195 524 bus
231 499 345 523 eorum
379 499 461 534 quas
504 493 714 524 muniuerunt
748 493 829 524 satis
866 489 943 523 forti
981 488 1144 531 custodia,
1182 491 1223 522 sit
1257 488 1423 532 agendum
1459 500 1520 535 per
1554 493 1764 524 maiestatem
1793 493 1920 535 regiam
1951 489 1992 523 ob

87 554 91 558 ”
133 552 219 595 regii
248 549 372 583 fauoris
401 549 553 584 affectum
583 550 747 596 deprecor
775 550 947 584 informari
977 549 1160 584 verendum
1190 553 1240 583 est
1268 551 1295 582 si
1325 548 1364 582 de
1397 549 1626 584 obsidionibus
1659 555 1847 584 castrorum
1891 550 1995 584 robur

134 621 223 644 nunc
252 609 469 644 debilitauero
498 614 668 645 exercitus
698 621 795 656 quein
824 622 869 644 ex
898 610 960 644 hoc
990 610 1180 645 aduersaris
1209 614 1374 655 concepta
1404 609 1555 649 audaciaq
1592 614 1774 657 precipites
1813 611 1995 645 reddantur

134 670 175 704 ad
202 670 396 705 bellicosum
425 674 581 717 impetum
610 671 788 706 faciedum.

522 784 653 818 Scribit
682 784 778 818 miles
805 784 908 818 milita·
930 795 996 829 pro
1024 783 1186 817 mandato
1215 784 1312 828 reqz'o
1337 784 1600 827 perscrutando.

289 852 441 887 Edictum
479 857 572 898 regie
605 856 794 888 serenitatis
832 852 872 886 ad
910 864 972 887 uos
1007 863 1186 887 emanasse
1220 851 1394 886 multorum
1424 856 1562 886 testatur
1591 856 1740 887 assercio
1770 859 1803 887 ut
1833 858 1993 900 apparatu

135 913 253 948 bellico
282 916 503 959 accingamini
533 914 573 948 ad
603 914 840 949 conterendam
870 917 1038 947 ceruicem
1066 915 1098 946 in
1119 913 1378 957 derogacionem
1399 912 1583 958 reipublice
1603 916 1885 959 proteruiencium
1907 925 1996 960 quo-

134 985 206 1008 rum
236 979 334 1021 caput
363 979 394 1008 et
423 979 538 1008 auctor
566 979 617 1009 est
646 975 727 1009 Rea:
755 974 920 1009 Bokemie
949 977 1019 1007 iura
1049 984 1221 1019 occupans
1257 976 1385 1019 imperii
1415 973 1658 1019 multorumque
1700 975 1801 1008 corda
1838 974 1994 1008 nobilium

133 1035 278 1069 thesauri
307 1038 356 1069 sui
386 1038 546 1080 congerie
577 1035 617 1069 de
647 1035 786 1069 dextera
816 1035 881 1069 labi
910 1035 1038 1068 faciens
1068 1037 1101 1068 in
1131 1037 1310 1080 synistram
1340 1045 1439 1079 porro
1475 1034 1515 1067 de
1545 1039 1658 1068 uestre
1698 1035 1874 1069 uoluntatis
1909 1047 1994 1081 pro-

135 1099 242 1142 posito
270 1098 303 1130 in
332 1095 396 1129 boc
424 1108 585 1142 processu
615 1096 892 1130 informacionem
928 1099 1075 1129 scientes
1104 1095 1286 1141 plenariam
1316 1094 1467 1140 expediri
1498 1106 1558 1141 per
1586 1100 1731 1129 uestram
1762 1099 1903 1142 petimus
1940 1100 1996 1129 in-

135 1157 293 1190 dustriam
322 1156 397 1202 quid
426 1168 525 1202 super
555 1156 618 1190 hoc
646 1159 872 1202 conceperitis
902 1161 934 1189 et
963 1167 1027 1202 que
1055 1158 1108 1189 uia
1139 1158 1170 1189 in
1201 1157 1374 1201 premissis
1406 1155 1584 1200 pendulum
1615 1159 1758 1189 animum
1802 1160 1832 1190 in
1872 1168 1997 1201 cogni-

135 1220 266 1252 cionem
296 1217 416 1262 dirigat
446 1220 604 1251 ueritatis.

425 1330 550 1363 Aliter.
584 1329 738 1370 (Scribit
766 1329 862 1363 miles
891 1329 992 1362 militi
1014 1340 1080 1373 pro
1110 1331 1206 1373 regio
1235 1329 1396 1362 mandato
1421 1330 1708 1373 perscrutando.)

290 1399 400 1446 Super
435 1399 651 1445 processibus
687 1402 778 1444 regis
812 1398 1043 1432 Romanorum
1080 1398 1222 1432 diuersis
1265 1398 1391 1433 diuersi
1423 1399 1522 1432 mode
1557 1399 1784 1433 sencientibus
1819 1402 1996 1433 micantem

133 1463 278 1494 animum
307 1461 460 1495 uolentes
490 1460 530 1494 ad
559 1465 686 1506 portum
718 1463 866 1494 ueritatis
895 1459 1079 1505 perducere
1108 1459 1248 1493 rescribi
1278 1459 1373 1493 nobis
1401 1462 1543 1505 petimus
1573 1471 1736 1505 expresse
1766 1464 1797 1494 et
1818 1460 1926 1494 lucide
1955 1472 1997 1494 an

134 1525 165 1555 in
194 1521 349 1555 mandato
379 1524 473 1565 regio
501 1524 698 1567 receperitis
727 1521 814 1567 quod
843 1521 951 1554 uelitis
980 1524 1011 1554 et
1040 1519 1190 1553 debeatis
1219 1522 1251 1553 in
1281 1523 1383 1554 armis
1412 1524 1445 1553 et
1481 1525 1651 1566 potentatu
1688 1523 1804 1554 uirium
1839 1521 1997 1567 progredi

133 1582 174 1615 ad
202 1585 286 1627 regii
315 1583 467 1616 culminis
496 1585 681 1615 exercitum
712 1585 764 1627 qui
795 1592 855 1615 suo
885 1584 1065 1614 uictorioso
1094 1580 1215 1615 robore
1244 1580 1461 1614 rebellionem
1491 1581 1716 1615 Bohemormn
1748 1582 1854 1626 Reqe's
1883 1585 1999 1616 inten-

131 1643 176 1676 dit
203 1644 603 1687 conminuerc.collaque
633 1642 805 1676 humiliare
834 1641 1053 1687 superborum
1083 1641 1170 1686 quod
1200 1652 1265 1675 non
1296 1641 1433 1675 audiant
1460 1641 1544 1687 (sic)
1573 1642 1713 1688 amplius
1744 1646 1776 1675 ut
1805 1647 1995 1688 resurgant.

947 1755 1175 1800 Responsiua.

288 1826 474 1860 Censentes
504 1824 638 1869 dignum
668 1827 906 1859 ammiracione
936 1836 1002 1858 non
1032 1826 1160 1860 modica
1195 1826 1279 1872 quod
1310 1837 1350 1859 ea
1380 1837 1443 1872 que
1472 1826 1487 1871 (
1600 1829 1610 1868 )
1641 1827 1794 1861 roborata
1825 1832 1901 1861 sunt
1942 1838 2001 1873 per

135 1889 325 1921 vnanimem
356 1887 530 1920 multorum
562 1889 744 1932 principum
774 1889 980 1919 sentenciam
1011 1887 1119 1921 aliena
1149 1891 1224 1920 sunt
1252 1891 1364 1921 uestre
1392 1890 1525 1921 noticie.
1559 1887 1753 1922 Strenuitati
1782 1892 1815 1921 et
1835 1887 1996 1922 industrie

135 1952 245 1982 uestre
277 1947 482 1994 principibus
518 1950 686 1992 aperimus
721 1946 806 1993 quod
842 1946 967 1993 absque
1002 1951 1091 1982 omni
1125 1951 1387 1993 tergiuersitate‚
1423 1948 1539 1982 fideles
1576 1951 1724 1994 imperii.
1761 1960 1844 1995 quos
1879 1952 1996 1983 uirium

135 2009 307 2043 destitucio
336 2009 388 2043 uel
418 2019 580 2042 annorum
618 2018 684 2042 non
715 2012 857 2041 excusat
886 2011 1069 2045 maturitas.
1114 2008 1295 2054 profecturi
1326 2011 1389 2042 sint
1417 2020 1490 2043 cum
1521 2014 1688 2043 armatura
1720 2009 1837 2043 bellica
1867 2013 1898 2043 in
1929 2020 2001 2043 ex-

134 2072 320 2103 terminium
349 2071 448 2114 reym'
477 2069 639 2103 Boleemie
668 2072 758 2102 iuxta
789 2071 884 2113 regie
913 2069 1118 2103 celsitudinis
1147 2069 1336 2103 mandatum
1366 2070 1590 2104 irreuocabile
1619 2070 1703 2116 quod
1735 2073 1832 2104 ctiam
1863 2075 1998 2104 nostras

134 2130 225 2164 tores
254 2141 318 2164 non
348 2133 497 2176 preteriit
527 2142 600 2164 cum
632 2133 735 2163 simus
766 2133 796 2163 in
827 2133 999 2175 procinctu
1030 2133 1157 2164 itineris
1187 2133 1366 2165 constituti.

312 2243 436 2276 Aliter.
470 2243 709 2287 (liesponsimi
739 2242 855 2276 militis
884 2243 929 2275 ad
956 2243 1095 2276 militem
1120 2255 1185 2287 pro
1214 2244 1375 2277 nmmlalo
1406 2245 1500 2288 reqio
1527 2245 1816 2288 perscrutando.)

290 2302 371 2336 Cum
400 2304 556 2337 videlicet
586 2303 707 2349 liquide
736 2307 849 2349 pateat
877 2305 930 2348 qui
959 2314 1020 2349 per
1048 2304 1215 2350 scalprum
1246 2307 1390 2338 racionis
1419 2305 1514 2350 poliri
1544 2307 1660 2338 metuit
1688 2304 1774 2349 quod
1795 2304 1929 2338 difficile
1950 2309 2000 2339 est

133 2364 262 2398 occulta
291 2374 409 2408 regum
438 2367 633 2409 inuestigari
663 2375 721 2397 seu
752 2366 864 2397 rimari
894 2365 1047 2407 consilia,
1077 2367 1262 2409 questionis
1291 2368 1392 2410 petite
1421 2365 1543 2399 nodum
1573 2365 1761 2399 dissoluere
1789 2370 2000 2411 nequeuntes

134 2429 247 2459 uestre
280 2427 466 2458 strenuitati
504 2425 564 2459 sub
607 2424 838 2459 certitudinem
883 2427 1101 2470 exprimimus
1138 2425 1234 2459 vobis
1272 2425 1300 2458 id
1336 2426 1442 2459 solum
1479 2426 1564 2471 quod
1600 2437 1697 2471 quam
1723 2427 1841 2471 plures
1869 2426 2002 2460 nobiles

134 2485 330 2519 submittere
365 2496 402 2518 se
443 2486 559 2520 nolunt
595 2488 699 2531 reqie's
735 2485 907 2530 obsequiis
942 2496 1025 2531 quos
1063 2489 1222 2532 preterite
1258 2489 1307 2520 sui
1347 2486 1579 2532 expedicionis
1614 2487 1812 2521 diuturnitas
1841 2488 2002 2532 compulit

133 2545 295 2590 grauibus
324 2545 510 2580 defectibus
539 2547 727 2581 subiacere.
