2184 2828
1011 98 1082 134 579

341 155 378 184 ⁹.

121 220 306 250 nostrorum
336 214 483 248 Ciuitatis
511 214 757 260 Jempnicensis
787 216 962 261 priuilegia
991 227 1053 250 seu
1078 217 1193 257 litere,
1231 216 1412 250 recolende
1449 220 1609 251 memorie
1638 217 1776 251 Illustris
1805 218 1969 252 Joliannis

121 277 284 323 quondam
314 276 416 320 Regis
446 275 595 318 Boemie,
625 280 784 320 genitoris
814 280 918 310 nostri
947 279 1110 311 carissimi
1137 279 1350 310 continencie
1380 277 1593 324 inl'rascripte
1623 281 1738 312 maiori
1774 280 1881 323 sigillo
1910 291 1970 313 sno

121 337 280 382 sigillam,
315 347 381 370 non
411 335 533 370 abolite
561 347 626 370 non
656 337 787 379 abrase,
817 348 880 370 nec
908 341 939 371 in
967 338 1073 383 aliqua
1103 339 1153 371 sui
1174 341 1268 382 parte
1288 340 1425 373 viciate.
1456 338 1513 371 sed
1535 342 1665 383 integre
1686 349 1726 372 ac
1745 343 1831 372 omni
1854 343 1970 385 suspi-

119 400 216 431 cione
244 401 412 430 carentes.
442 401 557 430 nostre
585 396 706 431 fuerint
727 398 920 431 Celsitudini
949 398 1107 440 exhibite„
1136 397 1300 442 nobisque
1329 409 1403 431 cum
1433 402 1539 432 omnis
1569 399 1762 433 deuocionis
1792 399 1971 434 humilitate

119 460 227 491 extitit
254 458 485 503 supplicatum.
515 462 551 491 vt
578 458 745 503 predictas
775 458 887 492 literas
917 463 947 492 et
977 462 1086 492 onmia
1115 462 1147 492 et
1174 459 1302 503 singula
1333 463 1489 492 contenta
1519 462 1550 493 in
1581 460 1717 502 eisdem,
1748 460 1788 493 de
1808 471 1971 493 mansue-

118 517 238 552 tudinis
271 522 385 552 nostre
421 521 555 562 gracia,
585 519 768 553 ratilicare.
799 519 1007 565 approbare7
1036 523 1214 554 innouare.
1251 523 1284 552 et
1312 519 1510 553 confirmare
1540 520 1765 565 dignaremur.
1824 520 1969 562 Quarum

117 583 212 612 tenor
241 581 390 623 sequitur
418 582 451 612 in
480 578 541 612 hec
570 579 684 613 uerba.
741 579 810 614 Nos
838 580 1010 614 Johannes
1039 579 1092 626 [S.
1124 580 1158 613 Β.
1189 579 1246 613 Vl.
1279 580 1313 613 S.
1345 579 1418 613 ‘252
1448 591 1479 613 n.
1512 579 1622 620 325.»
1650 581 1719 615 Nos
1748 581 1859 627 itaq‘ue
1888 594 1970 628 pre-

117 639 277 673 dictorum
307 640 433 673 Cinium
469 645 658 674 nostrorum
696 641 979 686 Jempniccnsium
1016 643 1077 687 pijs
1112 640 1414 686 supplicacionibus
1452 640 1629 685 benignius
1659 642 1823 679 inclinati.
1861 654 1899 676 ac
1929 643 1970 676 ob

117 703 291 745 expositas
326 703 471 745 ipsorum
508 706 736 746 paupertatum
766 702 993 735 condiciones.
1025 707 1055 735 et
1084 705 1256 735 immensa.
1287 712 1345 734 seu
1382 702 1653 747 irrecuperabilia
1684 703 1876 748 dispendia.
1907 716 1970 749 «pie.

115 771 174 806 per
203 763 289 805 ignis
317 763 523 806 repentinam
554 766 764 805 voraginem,
793 773 832 795 ac
854 773 896 795 ex
918 774 1052 807 qwerre
1072 761 1219 808 pestibus
1242 762 1412 807 bucusque
1434 763 1651 808 pertulerunt.
1684 764 1821 808 prefatis
1842 764 1969 798 ciuibus

116 824 239 855 nostris
267 821 559 867 Jeinpnicensibus
589 822 796 868 supradictas
825 823 952 857 literas.
990 834 1028 856 ac
1057 825 1165 857 onmia
1195 827 1225 856 et
1255 823 1403 867 singula.
1435 835 1498 868 que
1527 827 1738 857 continentur
1767 828 1798 858 in
1828 825 1968 858 eisdem.

116 884 148 915 in
183 881 335 915 omnibus
375 885 444 915 suis
473 883 630 916 clausulis
667 888 697 916 et
733 883 881 928 apicibus
917 884 957 917 de
999 886 1109 917 innata
1147 883 1244 917 nobis
1280 884 1511 917 munificencia
1548 895 1587 917 ac
1624 885 1826 930 plenitudine
1862 885 1970 930 Regie

115 945 286 988 potestatis
321 942 560 988 approbamus,
592 947 809 979 innouamus.
846 945 1066 987 ratificaan
1096 955 1135 978 ac
1162 947 1329 990 presentis
1360 947 1472 990 scripti
1503 947 1688 990 patrocinio
1724 947 1969 980 confirmamus.

115 1002 278 1037 Volentes
307 1015 346 1037 ac
375 1004 512 1037 tirmiter
539 1004 771 1038 decernentes.
803 1010 834 1037 ut
865 1005 991 1050 prefate
1020 1004 1113 1038 litere
1141 1016 1200 1039 seu
1229 1005 1403 1050 priuilegia
1434 1010 1466 1038 et
1494 1009 1603 1039 onmia
1633 1009 1664 1039 in
1693 1009 1773 1052 ipsis
1802 1012 1969 1042 contenta.

114 1067 283 1109 perpetuis
313 1064 515 1110 temporibus
535 1065 733 1098 inuiolabilis
754 1065 926 1098 obtineant
947 1065 1076 1099 roboris
1097 1065 1349 1099 firmamentum.
1380 1065 1572 1099 Inhibentes
1594 1066 1779 1101 districcius
1800 1071 1970 1102 vniuersis

114 1123 252 1158 subditis
281 1129 313 1159 et
341 1124 490 1158 fidelibus
519 1128 640 1159 nostris
670 1129 908 1171 cuiuscumque
939 1131 1054 1161 status.
1085 1126 1292 1160 condicionis
1323 1137 1382 1160 seu
1411 1130 1660 1172 preeminencie
1689 1131 1855 1171 existant,
1885 1140 1970 1175 pre-

113 1185 262 1219 sentibus
296 1190 328 1219 et
363 1185 500 1228 futuris,
540 1197 582 1220 ne
618 1186 803 1220 huiusmodi
833 1190 1076 1224 innouacionis.
1107 1187 1381 1234 approhacionis,
1425 1199 1483 1221 seu
1521 1188 1786 1222 confirmacionis
1822 1193 1970 1234 graciam

112 1246 296 1291 infringere
325 1257 385 1280 seu
414 1247 544 1281 violare
572 1247 734 1281 audeant.
766 1252 818 1281 aut
842 1251 870 1281 ei
901 1251 1076 1281 temeraria
1107 1251 1358 1294 presumptione
1389 1249 1574 1293 aliqualiter
1594 1253 1772 1283 contraire.
1803 1249 1971 1295 Indigna—

111 1311 241 1341 cionem
262 1307 404 1353 Regiam
434 1320 474 1342 ac
502 1319 622 1354 penam
643 1311 879 1353 grauissimam
901 1312 932 1342 in
954 1308 1054 1342 rebus
1076 1314 1106 1342 et
1126 1313 1279 1355 personis
1301 1310 1339 1343 ad
1362 1309 1531 1343 arbitrium
1552 1313 1720 1356 proprium
1743 1310 1968 1356 infligendam.

111 1371 138 1402 si
167 1379 266 1403 secus
295 1368 449 1412 fecerint,
478 1373 533 1403 aut
561 1374 756 1415 attemptare
786 1373 1048 1415 presumpserint
1077 1381 1114 1403 se
1141 1373 1295 1404 nouerint
1323 1370 1599 1404 irremissibiliter
1629 1373 1831 1405 incursuros.
1868 1371 1970 1405 Man—

111 1429 228 1463 dantes
263 1432 369 1463 eciam
405 1435 437 1464 et
469 1433 600 1463 seriose
642 1434 884 1463 committentes
921 1430 1104 1476 Capitaneo
1143 1430 1293 1464 Morauie
1330 1434 1518 1476 ceterisque
1556 1431 1734 1465 Osticiatis.
1775 1432 1969 1476 Burgrauiis

109 1489 282 1525 Nobilibus
312 1495 344 1524 et
371 1490 509 1524 subditis
530 1494 667 1525 nostris.
697 1495 860 1535 quatenus
886 1491 1051 1536 predictos
1072 1494 1164 1524 ciues
1185 1496 1318 1525 nostros
1338 1491 1598 1538 Jempnicenses
1619 1496 1649 1526 in
1672 1492 1824 1526 omnibus
1845 1497 1969 1537 graciis

109 1550 312 1585 libertatibus
342 1556 374 1585 et
401 1551 537 1585 Juribus
566 1551 748 1597 sepedictis
779 1555 974 1585 auctoritate
1004 1556 1118 1585 nostra
1147 1551 1273 1596 Regia,
1305 1558 1560 1586 manuteneant.
1592 1558 1791 1599 protegant,
1821 1554 1966 1588 foueant.

108 1611 338 1645 fauorabiliter
364 1616 397 1646 et
425 1611 615 1646 defendant.
674 1612 708 1645 ln
739 1615 832 1645 cuius
863 1615 910 1645 rei
940 1615 1161 1645 testimonium
1191 1617 1365 1658 presentes
1395 1614 1508 1647 literas
1538 1614 1639 1647 scribi
1659 1619 1691 1648 et
1712 1615 1822 1658 sigillo
1853 1619 1968 1648 nostro

108 1672 294 1707 Maiestatis
330 1677 444 1707 nostre
473 1676 629 1707 iussimus
659 1676 865 1707 communiri.
923 1672 1042 1706 Datum
1072 1672 1208 1707 Brunne
1237 1685 1323 1707 anno
1352 1674 1474 1708 domini
1503 1674 1682 1708 Millesimo
1713 1675 1966 1708 Trecentesimo

110 1733 378 1779 Quadragesiino
399 1739 532 1768 octauo.
553 1734 746 1768 Indiccione
766 1734 872 1767 Prima
897 1733 943 1766 ΧΗ
964 1733 1131 1767 Kalendas
1151 1733 1239 1768 Junii
1261 1734 1453 1780 Regnorum
1475 1740 1663 1769 nostrorum
1684 1737 1785 1769 Auno
1805 1736 1964 1770 secundo.

420 1822 508 1857 (Nach
533 1822 593 1848 dem
619 1822 694 1856 Orig.
721 1823 753 1848 im
779 1822 895 1848 Ari-liin⁸
920 1821 1064 1847 ‹lerselben
1091 1822 1177 1855 stadt,
1202 1823 1418 1857 aligescbrieben
1444 1825 1477 1849 A.
1503 1824 1636 1856 Boezek.)

983 1967 1087 2003 799.

257 2025 328 2081 K.
364 2046 442 2080 Karl
479 2046 534 2080 IV.
573 2047 695 2081 sicheri
734 2047 806 2080 dem
846 2046 1001 2089 liei-zoge
1040 2046 1203 2080 Albreclit
1240 2058 1306 2080 von
1343 2046 1558 2081 Oesterreieb
1598 2048 1649 2081 l'iir
1678 2047 1797 2081 dessen
1828 2047 1965 2081 Dienste

114 2103 251 2138 20.000
285 2105 379 2141 Mark
417 2108 452 2142 S.
487 2119 526 2141 zu
566 2108 630 2141 und
662 2108 861 2153 verpl'nndet
899 2107 962 2140 111111
1000 2107 1062 2140 und
1100 2107 1220 2141 dessen
1251 2107 1361 2142 Erben
1391 2109 1486 2142 (1111111-
1522 2110 1573 2142 dii¹
1604 2109 1718 2143 Stadte
1748 2108 1811 2141 und
1842 2107 1964 2142 Festen

114 2164 288 2199 Breisach.
324 2166 501 2213 Neuburg,
541 2168 785 2203 Seliatfbausen
823 2168 886 2201 und
925 2167 1148 2201 Rlieinfelden
1183 2171 1239 2202 mit
1273 2168 1398 2203 Leuten
1436 2170 1499 2203 und
1530 2169 1697 2207 Zugelior.
1754 2168 1807 2202 Di.
1839 2168 1963 2205 Brtinn.

114 2225 174 2260 26.
207 2225 271 2260 Mai
306 2226 411 2262 1348.

420 2308 509 2342 (Orig.
535 2310 567 2333 im
593 2309 618 2334 k.
645 2309 670 2334 k.
696 2309 759 2341 geli.
787 2309 902 2334 «ΧΠ-11111·
928 2316 956 2332 zu
983 2307 1072 2333 Wien.
1099 2307 1279 2339 Lielmowsky
1304 2308 1346 2334 111.
1369 2309 1415 2335 Bd.
1437 2310 1546 2343 Regi-st.
1572 2311 1597 2334 S.
1619 2308 1801 2334 (cccxviii.
1828 2317 1852 2334 11.
1875 2308 1963 2335 14⁸⁰.

526 2360 641 2386 Dumont
668 2361 685 2388 Ι,
717 2361 762 2387 ll.
789 2361 859 2386 2⁴7.
891 2376 919 2378 fi
949 2359 1027 2385 Kurz.
1054 2360 1128 2385 Albi:
1155 2360 1179 2385 d.
1205 2360 1230 2386 L.
1258 2360 1344 2394 360.)

1781 2643 1798 2672 20

1802 2646 1818 2662 ik
