2184 2828
977 252 1083 288 688.

113 333 305 367 Testament
333 331 392 365 des
420 330 589 365 Berlleold
619 342 680 364 ron
711 331 807 375 Εἶρα,
837 330 962 374 honi-ql.
993 330 1100 376 bostem.
1128 329 1348 371 Maru-hall&
1379 330 1524 363 welches
1553 329 1708 364 derselbe
1737 331 1777 362 im
1800 330 1955 363 Ee'urer-

106 393 298 427 standnisse
317 394 374 425 mil
394 394 518 425 seinem
549 391 664 425 l'eller
684 391 847 425 Heinrich
870 393 934 424 mul
955 391 1089 425 Brucler
1106 383 1221 424 (seneli
1241 402 1302 423 rou
1325 390 1409 434 Lista
1430 391 1594 424 erriclzlet
1615 391 1686 424 leat.
1708 390 1768 424 Dt.
1791 391 1950 435 Lylmt'cz.

372 453 426 486 die
454 453 620 486 dominico
645 456 725 497 post
755 452 785 486 b.
816 452 958 486 Nicolue'
984 453 1190 495 confessoris
1229 451 1310 494 (lo.
1341 451 1551 493 December)
1587 452 1694 485 1346.

260 510 306 564 'n
337 533 471 564 nomine
501 530 623 564 domini
653 531 774 564 Amen.
805 530 885 564 Cum
915 530 958 564 nil
988 534 1091 564 morte
1121 532 1251 563 cercius
1281 533 1313 562 et
1341 528 1438 562 nichil
1460 532 1499 562 sit
1529 532 1693 563 incercius
1721 529 1802 563 liora
1830 533 1953 562 mortis.

106 591 272 637 Sapientis
293 594 455 625 interesse
475 591 669 625 dinoscitur.
691 596 725 625 vt
746 594 878 637 proprie
899 591 1012 625 salutis
1032 602 1097 625 non
1119 594 1300 631 immemor„
1321 601 1360 624 ea
1382 601 1445 635 que
1465 593 1496 623 in
1526 601 1586 623 sue
1606 591 1721 624 salutis
1743 595 1955 634 aug-mentum

104 656 137 686 et
164 654 274 685 anime
307 651 489 685 remedium
525 654 615 685 iuxta
652 663 712 685 sue
750 652 938 685 facultatem
974 651 1163 685 substancia
1200 650 1352 684 facienda
1388 650 1531 696 disponit
1569 662 1705 696 compos
1734 651 1894 684 Racionis
1925 655 1955 684 ct

105 715 225 746 virium
263 712 325 746 hec
353 715 444 746 iuxta
474 715 621 757 graciam
656 712 717 746 sibi
747 724 849 758 super
877 724 917 746 eo
948 712 1101 746 diuinitus
1130 722 1331 745 concessam
1369 716 1498 745 mature
1527 715 1558 744 et
1587 711 1738 755 legaliter
1766 711 1896 745 ordinet
1925 716 1957 745 et

106 772 269 819 disponat.
299 772 349 806 Ne
377 784 437 819 spe
466 776 554 806 inani
583 773 741 807 seductus
770 776 966 807 intencionis
1005 784 1065 807 sue
1099 773 1265 806 allectum.
1302 783 1398 817 quem
1429 783 1472 805 ex
1502 775 1620 805 mentis
1649 772 1783 805 leuitate
1812 784 1957 818 procra-

106 836 205 867 stinet
239 833 390 867 effectum
424 833 534 867 debito
569 838 713 879 nequeat
748 837 949 880 mancipare.
1006 834 1119 867 Talem
1156 837 1254 878 igitur
1287 838 1443 867 euentum
1478 832 1547 866 Nos
1585 833 1758 866 tici-toldus
1796 833 1835 865 de
1865 833 1955 879 Lypa

107 893 261 928 Summus
291 894 421 939 chgni
453 894 588 928 Boemie
618 894 846 928 Marsclialcus
877 899 987 928 mente
1016 897 1114 928 anxia
1145 894 1296 928 crebrius
1324 894 1539 927 reuoluentes
1574 904 1712 939 compos
1748 897 1894 927 racionis
1925 899 1956 927 et

106 965 187 989 sana
217 959 328 988 mente
356 959 586 988 testamentum
617 959 765 988 nostrum
796 958 1013 988 nouissimum
1044 958 1075 988 in
1105 954 1324 1000 subscriptum
1355 954 1500 988 modum.
1531 954 1570 988 de
1599 965 1768 988 consensu
1798 954 1957 987 Venera—

106 1014 180 1049 bilis
201 1015 323 1049 domini
343 1015 489 1050 Heinrici
510 1015 806 1050 Wisseliradensis
825 1015 980 1049 Ecclesie
1001 1019 1172 1061 lii-epositi‚
1194 1016 1314 1049 Patrui.
1346 1027 1385 1049 ac
1406 1016 1593 1048 Czenconis
1615 1015 1739 1057 fratris.
1769 1020 1956 1048 nostrorum

106 1075 356 1110 karissimorum
391 1076 432 1110 de
461 1076 563 1110 Bonis
599 1089 616 1110 a
646 1077 708 1110 deo
737 1076 834 1110 nobis
863 1077 989 1110 collatis
1019 1077 1171 1110 duximus
1201 1076 1400 1110 faciendum.
1439 1076 1545 1109 Primo
1583 1076 1738 1109 videlicet
1766 1076 1958 1109 ordinamus

106 1141 139 1170 et
166 1136 383 1183 disponimus.
413 1137 497 1183 quod
528 1138 663 1183 Capella
693 1142 806 1171 nostra
836 1141 867 1171 in
897 1137 1101 1170 Clirumnow
1130 1138 1234 1170 Castri
1265 1148 1337 1170 cum
1375 1137 1490 1170 ‹lecem
1528 1136 1715 1170 Mai-carum
1750 1136 1957 1170 Redditilius.

106 1202 138 1231 et
165 1209 231 1231 vna
261 1203 391 1232 aratura
421 1198 536 1232 dotari.
567 1202 599 1232 et
627 1198 667 1232 ad
695 1201 800 1244 ipsam
830 1198 997 1244 Capellam
1027 1201 1182 1231 continuo
1211 1188 1355 1231 debeant
1383 1200 1561 1241 assignari.
1594 1197 1672 1230 ltem
1703 1197 1895 1231 ordinamus
1925 1202 1958 1230 vt

107 1258 200 1292 Bona
229 1258 315 1293 dicta
345 1258 520 1304 Wolfgers
550 1259 679 1292 exsolui
709 1258 851 1292 debeant
881 1264 912 1292 et
940 1270 1012 1292 cum
1043 1259 1158 1292 decem
1188 1258 1375 1292 Marcarum
1405 1258 1600 1291 Reslditilms
1637 1257 1674 1291 ad
1707 1257 1869 1303 hospitale
1899 1269 1958 1303 per

106 1329 169 1352 nos
202 1322 235 1353 in
271 1319 475 1353 Chrumnow
511 1319 570 1354 sub
608 1321 747 1353 Ciuitate
781 1319 950 1353 fundatum
986 1331 1059 1353 cnm
1098 1319 1249 1353 omnibus
1278 1322 1423 1365 ipsorum
1454 1319 1670 1364 pertinent-ijs
1708 1321 1893 1362 assignari,
1925 1323 1958 1352 vt

107 1379 224 1413 infirmi
254 1383 284 1414 in
314 1380 391 1426 Ipso
420 1380 580 1426 Hospitali
611 1380 825 1424 langwentes
855 1392 914 1426 pro
944 1392 1002 1413 sua
1033 1383 1267 1414 recreacione.
1297 1391 1341 1413 ex
1362 1379 1545 1413 eorundem
1569 1379 1734 1412 Bonorum
1766 1378 1959 1412 valantinus

106 1441 241 1474 valeant
260 1442 436 1483 consolari‚
458 1441 497 1475 Et
517 1452 589 1475 cum
612 1441 673 1474 lioc
693 1444 809 1474 vineas
830 1445 860 1474 et
881 1441 1020 1474 fructum
1039 1443 1210 1474 vinearum
1232 1445 1418 1474 nostrarum
1441 1443 1469 1473 tn
1488 1439 1684 1473 Hostradicz
1706 1444 1736 1472 et
1754 1439 1959 1472 Clirunmow

106 1512 188 1547 quas
218 1502 357 1535 colimus
386 1501 426 1535 ad
454 1505 559 1548 ipsum
590 1501 749 1547 hospitale
779 1504 934 1547 pertineri
958 1501 1118 1543 volumus
1149 1512 1320 1547 quousque
1348 1504 1446 1534 vinca
1478 1504 1605 1544 integra
1636 1500 1674 1533 ad
1705 1503 1810 1545 ipsum
1833 1499 1961 1545 Hospi—

106 1561 170 1596 tale
198 1573 258 1608 per
286 1567 418 1596 nostros
447 1562 673 1596 Successorcs
705 1563 800 1596 l'uerit
828 1567 1031 1607 comparata.
1076 1562 1154 1595 Item
1184 1562 1350 1606 Legamus
1379 1562 1418 1595 ad
1449 1561 1689 1595 ⁴llonastcrium
1721 1561 1806 1595 Aule
1836 1561 1960 1594 Sancte

106 1622 211 1657 Marie
246 1626 277 1657 in
316 1627 449 1669 antiqua
486 1623 618 1657 Brunna
654 1623 709 1657 vbi
746 1624 948 1669 sepulturam
986 1627 1132 1656 nostram
1169 1623 1349 1667 elegimus.
1387 1622 1560 1656 Duccntas
1598 1621 1733 1655 Marcus
1763 1632 1957 1666 grossorum

107 1683 319 1717 denariorum
349 1684 578 1728 Pragensium.
609 1695 668 1730 pro
698 1684 814 1729 quilius
843 1683 1048 1717 venerabilis
1078 1685 1108 1716 in
1131 1683 1260 1716 [lu-isto
1287 1683 1436 1716 domina.
1457 1682 1641 1716 .al›liatissa
1663 1682 1805 1715 iamdicti
1834 1682 1958 1715 Mona-

106 1746 216 1789 sterij.
252 1755 315 1789 quc
351 1756 411 1791 pro
449 1750 598 1790 tempore
632 1744 747 1787 fuerit,
780 1745 870 1778 Bona
901 1748 1012 1777 nostra
1044 1743 1148 1777 Gnest
1178 1748 1208 1777 et
1238 1744 1361 1777 eisdem
1399 1747 1515 1787 viginti
1546 1743 1734 1777 Marearum
1763 1742 1958 1776 Redditibus

107 1805 211 1839 tibere
243 1811 360 1839 tenere
397 1805 534 1839 debeat.
574 1817 745 1851 quousque
781 1805 932 1839 Ducente
961 1804 1075 1838 Marce
1110 1815 1303 1843 grossorum
1333 1805 1481 1850 predicto
1511 1804 1717 1838 Monasterio
1747 1803 1786 1836 ad
1817 1814 1958 1848 compa-

107 1866 244 1900 randum
274 1867 357 1900 alios
386 1866 548 1900 Redditus
577 1878 636 1912 per
664 1871 795 1900 nostros
817 1866 1044 1899 Successores
1076 1865 1194 1898 tus-rint
1224 1868 1407 1907 assignate.
1438 1865 1517 1898 Item
1539 1865 1729 1898 ordinamus
1758 1863 1843 1909 quod
1868 1862 1957 1896 Bona

108 1931 218 1960 nostra
240 1926 406 1960 Paulwicz
425 1932 456 1961 et
478 1926 683 1961 Sclionstraz
712 1938 784 1960 cum
816 1929 954 1972 pecunia
984 1929 1087 1959 nostri
1110 1926 1253 1969 dotalicij
1276 1929 1306 1959 iu
1328 1929 1478 1971 proximo
1506 1925 1603 1959 nobis
1625 1924 1795 1958 soluenda.
1827 1924 1958 1957 exsolui

108 1990 140 2019 et
174 1988 288 2021 redimi
322 1988 467 2022 debeant
505 1992 537 2021 et
571 1999 636 2021 vua
673 1999 745 2021 cum
785 1987 885 2020 Bonis
924 1990 1047 2020 nostris
1078 1986 1327 2031 Seliaykowicz
1357 1998 1430 2020 cum
1461 1989 1569 2020 vincis
1599 1990 1629 2019 et
1659 1984 1811 2018 omnihus
1842 1995 1957 2018 eorum

109 2049 322 2092 pertinencijs
352 2048 543 2082 Contliorali
574 2053 685 2082 nostre
716 2048 889 2082 karissime
910 2047 1041 2080 domine
1064 2048 1187 2083 ,tu-neti
1218 2047 1259 2080 de
1280 2047 1369 2092 Lypa
1401 2058 1459 2093 pro
1489 2050 1592 2093 ipsius
1622 2046 1774 2079 dotalicio
1805 2044 1957 2089 obligari.

108 2105 189 2140 Item
219 2111 357 2153 petimus
385 2114 417 2143 et
447 2113 679 2143 committimus
708 2113 741 2143 vt
771 2110 972 2142 lectisternia
995 2107 1204 2141 Contlioralis
1233 2112 1347 2141 nostre
1376 2113 1409 2141 et
1439 2119 1518 2141 vasa
1549 2119 1587 2140 ac
1609 2107 1766 2140 Cleuodia
1797 2110 1958 2149 argentea

110 2172 220 2200 nostra
251 2171 312 2213 ipsi
340 2168 478 2214 Coniugi
509 2175 622 2203 nostre
651 2174 862 2204 remaneant.
900 2168 1021 2202 Nostra
1052 2179 1133 2201 vero
1163 2169 1363 2202 lectisternia
1393 2173 1425 2202 et
1462 2173 1573 2201 vestes
1605 2172 1716 2201 nostre
1747 2166 1896 2211 hospitali
1927 2169 1957 2200 in

109 2227 217 2261 Broda
247 2227 477 2264 Theutunicati
506 2242 565 2276 pro
595 2234 813 2264 recreacione
842 2230 1043 2263 intirmorum
1075 2232 1104 2262 in
1136 2232 1207 2274 ipso
1238 2229 1388 2262 volumus
1418 2231 1595 2273 assignari.
1628 2227 1705 2260 ltcm
1728 2230 1959 2260 committimus

109 2293 142 2322 et
170 2288 372 2331 ordinamus,
400 2294 435 2324 vt
462 2292 599 2337 predicti
631 2291 770 2325 Patruus
799 2302 837 2324 ac
868 2291 968 2324 frater
997 2293 1096 2323 nostri
1127 2290 1293 2323 karissimi
1323 2289 1364 2322 de
1395 2289 1494 2323 Bonis
1517 2288 1741 2321 (twitlamicz
1761 2286 1958 2331 Monasterij

110 2349 346 2383 Grediczensis
366 2361 466 2395 prope
485 2351 684 2386 Oiomuncz.
699 2357 728 2386 et
750 2352 790 2385 de
813 2351 912 2385 Bonis
935 2350 1103 2384 Duscliow
1122 2350 1314 2392 Mouasterij
1337 2349 1544 2383 Zelowensis
1566 2353 1594 2381 et
1616 2348 1655 2381 (le
1676 2348 1772 2381 domo
1793 2348 1958 2392 quondam

110 2410 293 2444 Holubonis
324 2409 457 2444 Brunne
485 2422 557 2446 cum
588 2416 705 2455 viginti
727 2412 850 2446 Marcis
880 2422 1074 2451 grossorum
1105 2410 1256 2455 hospitali
1288 2412 1400 2443 Sancti
1422 2410 1584 2443 ¹loliaunis
1607 2408 1864 2441 iliideni.statim
1888 2413 1959 2454 post

109 2475 258 2504 nostrum
287 2469 410 2503 obitum
441 2481 514 2504 cum
543 2475 687 2517 ipsorum
712 2473 877 2506 Bonorum
908 2483 987 2505 vsus
1017 2471 1121 2504 solum
1152 2471 1190 2504 ad
1222 2475 1369 2515 tempora
1400 2474 1467 2504 vitt·
1496 2474 1606 2503 nostre
1629 2469 1723 2502 uobis
1744 2472 1957 2514 conipecicrit

108 2530 229 2564 cedere
258 2530 403 2564 debcant
432 2532 662 2576 impedimento
691 2539 722 2567 et
751 2537 931 2566 occasione
960 2542 1244 2576 quorumcnmmw
1275 2542 1333 2576 per
1361 2535 1469 2564 omnia
1501 2530 1723 2575 proculmotis.
1756 2529 1836 2563 ltem
1859 2541 1957 2562 com-

109 2594 264 2624 mittimus
293 2591 503 2634 ordinanteS‚
532 2597 568 2625 vt
595 2596 706 2637 pueris
734 2594 899 2640 quondam
929 2593 1037 2626 Patrui
1068 2595 1171 2625 nostri
1202 2591 1389 2625 t‘zeukonis
1429 2592 1469 2625 dc
1499 2591 1719 2636 l’yrlienstein
1750 2593 1780 2623 iu
1812 2593 1957 2635 ipsorum

1753 2650 1811 2678 ‹iis—-
