2184 2828
991 118 1064 153 249

105 237 334 280 Melnicensis‚
362 236 583 270 cancellarius
611 235 744 269 illustris
773 235 895 269 domini
923 235 1037 270 Karoli
1064 233 1266 269 marchionis
1295 233 1462 268 Morauie.
1492 234 1668 268 Heinricus
1697 234 1737 268 de
1766 233 1958 268 Leuchten-

105 298 218 333 burch.
260 297 478 343 Haymannus
507 296 547 330 de
582 295 732 330 Nachod.
775 296 883 330 Hinco
918 296 959 329 de
987 295 1101 338 Duba⁷
1140 294 1246 328 dictus
1275 294 1448 328 Hlawacz.
1491 294 1674 329 Bohussius
1710 294 1750 328 de
1789 295 1956 328 Sdeiuicz.

105 358 272 393 Jarossius
301 361 334 391 et
361 356 511 400 Czenco,
540 356 661 390 fratres
689 356 730 390 de
757 356 979 390 Drahotusch.
1017 356 1309 400 Recognoscimus
1338 358 1521 397 vniuersis‚
1551 367 1613 390 nos
1641 354 1851 390 interfuisse.
1882 355 1956 388 dum

105 418 270 465 predictus
305 417 458 451 dominus
492 416 653 459 Karolus,
689 417 836 451 marchio
873 417 1023 450 Morauie
1062 416 1213 457 illustris.r
1256 415 1475 449 hereditatem
1509 420 1541 449 et
1578 415 1684 458 bona,
1718 426 1778 461 per
1819 420 1957 449 mortem

104 478 268 524 quondam
288 477 454 512 Bruuonis
475 477 516 511 de
535 477 735 511 Drazewicz
764 481 836 511 sine
856 477 980 511 herede
1001 477 1126 524 pridem
1154 475 1301 510 defuncti
1321 475 1362 509 ad
1392 487 1429 510 se
1459 476 1617 521 legittime
1639 476 1804 516 deuoluta‚
1834 486 1959 509 mona—

103 541 224 583 sterio,
253 538 341 585 quod
368 538 573 572 venerahilis
602 541 635 572 in
663 537 794 572 Christo
823 542 917 584 pater
945 543 977 571 et
1006 538 1175 580 dominus,
1205 536 1357 570 dominus
1385 536 1579 578 Johannes,
1609 540 1786 583 episcopus
1815 535 1960 570 Olomu-

103 602 230 642 censis,
267 601 302 633 in
338 598 465 633 honore
499 597 645 632 infancie
681 598 803 632 Christi
838 602 871 632 et
903 598 1001 632 beate
1034 597 1140 632 Marie
1174 608 1308 643 semper
1336 600 1496 642 virginis,
1527 600 1701 641 genitricis
1730 596 1896 634 eiusdem„
1926 600 1958 630 in

102 659 241 694 Pustmir
274 670 334 706 pro
363 658 676 693 Sanctimonialibus
712 659 838 693 ordinis
873 661 979 692 sancti
1008 658 1179 692 Benedicti
1214 658 1254 692 de
1288 669 1376 691 nouo
1412 657 1578 700 fundauit„
1608 657 1713 700 dedit,
1745 658 1897 691 donauit.
1929 661 1959 689 et

103 720 239 754 contulit
266 724 427 766 perpetuo
461 720 681 766 possidenda,
718 724 813 765 prout
848 722 879 753 in
916 719 1031 753 litteris
1065 722 1167 766 ipsius
1197 719 1318 753 domini
1347 718 1548 752 marchionis
1578 729 1678 764 super
1707 718 1768 752 hoc
1797 717 1959 751 confectis

102 781 232 826 plenius
261 783 458 815 continetur.
487 780 525 814 In
554 780 672 826 quibus
701 780 831 826 quidem
867 780 984 814 litteris
1020 783 1053 814 in
1087 780 1152 813 fine
1186 791 1247 813 nos
1277 784 1380 813 testes
1416 790 1533 812 omnes
1569 784 1599 812 et
1628 779 1748 823 singuli
1777 789 1890 812 sumus
1920 789 1960 810 eo

103 840 236 884 ordine,
265 851 330 887 quo
358 852 458 887 supra
486 844 518 874 in
539 844 701 887 principio
729 844 943 887 presentium.
973 844 1126 874 annotati.
1156 840 1260 884 Igitur
1289 840 1328 873 ad
1358 840 1517 873 dictorum
1548 839 1669 873 domini
1699 839 1899 872 marchionis
1929 844 1961 871 et.

103 901 223 935 domini
252 904 401 948 episcopi
430 904 624 935 instanciam
659 912 718 947 pro
754 904 939 935 testimonio
977 901 1120 935 euidenti
1148 906 1298 935 nostrum
1331 904 1474 934 omnium
1505 900 1612 945 sigilla
1642 899 1853 945 presentibus
1884 904 1960 933 sunt

103 973 263 1008 appensa.
318 961 436 995 Datum
466 961 586 1006 Prage.
630 961 666 995 In
704 961 756 996 die
790 961 877 996 beati
914 962 1134 996 Bartholomei
1171 961 1321 1008 apostoli.
1360 962 1461 995 Anno
1502 961 1623 994 domini
1659 960 1832 994 Millesimo
1870 960 1960 994 Tre-

104 1026 286 1057 centesimo
315 1021 700 1068 Quadragesimoprimo.

411 1101 497 1133 (Nach
526 1101 584 1127 dem
604 1101 678 1135 Orig.
712 1102 754 1127 mit
790 1101 860 1127 wll.
891 1102 1083 1128 unverschrten
1104 1101 1213 1135 Sigillen
1238 1102 1270 1127 im
1296 1100 1606 1127 sursterzbischossicheu
1631 1101 1747 1126 Archive
1771 1109 1801 1126 zu
1826 1100 1961 1126 Kremsier

518 1153 733 1187 abgeschrieben
759 1155 822 1180 Ant.
848 1154 977 1185 Boczek.)

978 1274 1086 1310 348.

105 1353 219 1398 Isoniq
252 1353 388 1387 Jolmnn
427 1364 488 1386 ron
517 1352 670 1386 Bo'lzmen
699 1352 865 1398 bestc't'liqt
901 1353 955 1386 die
985 1364 1046 1385 ron
1075 1352 1189 1386 Βονεὲ
1224 1364 1286 1386 ron
1315 1351 1532 1396 Riesenbury
1560 1362 1840 1395 comenommene
1873 1350 1959 1385 Um-

105 1415 226 1459 lequnq
253 1414 314 1447 der
340 1425 404 1448 con
432 1414 582 1447 Meis-sen
612 1413 702 1447 ηας-Ιι
730 1413 881 1447 Bolemc’n
908 1413 1094 1456 sillerenden
1122 1413 1264 1447 Strasse
1293 1413 1359 1446 mad
1383 1416 1553 1457 gestasset
1581 1411 1783 1446 demselbeu.
1813 1412 1893 1445 dass
1923 1424 1960 1444 et·

105 1475 171 1518 anf
190 1474 367 1508 derselben
396 1476 472 1508 eine
506 1474 629 1509 tt'aclet
658 1474 753 1508 lealte
782 1475 848 1507 um!
875 1474 927 1507 die
957 1473 1077 1507 Mautlz
1105 1473 1253 1507 ec'nleebe.
1299 1473 1358 1507 Dc.
1389 1474 1522 1518 Praye.
1554 1475 1587 1506 in
1615 1474 1768 1506 crastino
1798 1471 1827 1505 b.
1859 1472 1959 1505 Bar-

661 1535 824 1569 tholomez'
850 1538 961 1579 apost.
994 1534 1074 1577 (25.
1104 1534 1262 1579 Athetst]
1296 1533 1407 1568 1341.

259 1611 348 1665 Axos
382 1630 555 1664 Johannes
590 1630 643 1664 dei
678 1633 792 1675 gracia
828 1630 965 1664 Boemie
999 1629 1074 1663 Rex
1110 1641 1149 1664 ac
1183 1629 1487 1674 Lucemburgensis
1517 1628 1639 1663 Comes
1668 1628 1789 1663 Notum
1818 1627 1960 1662 facimus

106 1695 222 1725 tenore
250 1693 459 1737 presencium
488 1694 676 1734 Vniuersis‚
715 1690 810 1732 Quod
846 1702 918 1724 cum
953 1690 1056 1724 fidelis
1091 1695 1203 1724 noster
1236 1691 1374 1724 dilectus
1405 1690 1509 1724 Borso
1539 1690 1579 1723 de
1608 1689 1819 1723 Risenburch
1848 1691 1959 1723 omnia

106 1756 138 1785 et
164 1752 294 1796 singula
323 1751 410 1785 bona
439 1763 498 1785 sua
527 1763 601 1785 cum
630 1752 769 1795 singulis
798 1752 988 1785 eorumdem
1022 1754 1234 1796 pertinenciis
1268 1755 1300 1785 et
1330 1751 1529 1785 Vtilitatihus
1559 1762 1576 1784 a
1606 1750 1703 1784 nohis
1731 1753 1897 1795 receperit
1926 1752 1959 1782 in

104 1812 238 1846 feudum
265 1815 387 1846 nostris
408 1823 445 1846 se
465 1815 603 1858 cupiens
631 1815 782 1846 seruiciis
811 1815 842 1846 in
873 1811 1023 1845 omnibus
1052 1812 1236 1857 applicare,
1265 1811 1334 1846 Nos
1355 1815 1454 1857 igitur
1473 1815 1691 1845 occurrentes
1714 1811 1957 1844 beniuoleueie

105 1877 137 1906 et
163 1875 335 1918 cupientes
364 1876 469 1922 ipsum
499 1873 536 1906 ad
567 1884 626 1906 sue
655 1875 852 1906 intencionis
882 1875 1080 1918 propositum
1110 1871 1205 1905 nobis
1235 1883 1273 1906 ac
1301 1875 1356 1906 toti
1386 1872 1504 1916 Regno
1534 1877 1649 1905 nostro
1679 1871 1757 1905 vtile
1785 1882 1852 1904 non
1882 1881 1959 1903 mo-

106 1933 213 1967 dicum
240 1935 365 1978 gracijS
393 1938 425 1967 et
453 1933 693 1967 donacionibus
723 1933 911 1978 benigniter
939 1943 1135 1978 promouere
1154 1931 1219 1978 Ipsi
1242 1932 1381 1967 Borsoni
1412 1937 1443 1967 et
1472 1932 1650 1966 heredibus
1679 1935 1746 1965 suis
1767 1931 1959 1964 indulsimus

107 1997 138 2027 et
166 1993 374 2038 indulgemus
401 1998 508 2027 ratum
537 1998 569 2027 et
595 1999 724 2038 gratum
753 1997 886 2028 inantea
908 1997 1066 2039 perpetuo
1087 1992 1244 2039 habituri3
1274 1993 1358 2039 quod
1389 1997 1453 2040 ipsi
1474 1994 1616 2027 Stratam
1639 1992 1678 2026 de
1698 1991 1817 2037 Mysna
1840 2001 1960 2024 versus

108 2053 276 2088 Boemiam
313 2059 390 2088 ante
419 2053 571 2089 Castrum
601 2054 711 2088 Ossek
746 2054 927 2099 volgariter
964 2054 1082 2086 dictum
1113 2052 1321 2087 Risenburch
1350 2055 1540 2088 tendentem
1570 2058 1660 2087 trans
1690 2052 1811 2086 Villam
1841 2051 1958 2085 dictam

109 2113 196 2147 Grab
225 2114 266 2147 ad
295 2113 532 2149 Monasterium
563 2115 673 2149 Ossck
694 2114 937 2161 Cystercieusis
966 2113 1090 2147 ordinis
1119 2116 1335 2158 pertinentem
1365 2126 1466 2148 causa
1497 2114 1627 2148 comodi
1657 2118 1687 2147 et
1717 2113 1960 2146 melioracionis

108 2178 234 2208 viarum
264 2175 496 2209 transtulerunt
525 2175 568 2209 Vt
597 2175 714 2209 ibidem
736 2176 856 2219 singuli
877 2175 1061 2208 voluntarie
1081 2177 1224 2207 transire
1250 2178 1421 2220 cupientes
1450 2179 1521 2209 sine
1553 2174 1726 2208 interdicto
1747 2171 1958 2210 inhibicione„

108 2247 147 2269 ac
183 2235 414 2280 impedimento
449 2236 595 2281 quolibet
630 2241 817 2270 transeant.
855 2240 885 2269 et
923 2234 1007 2280 quod
1046 2234 1153 2267 nullus
1188 2234 1226 2267 ad
1264 2235 1403 2269 eandem
1440 2236 1582 2269 Stratain
1613 2238 1725 2267 contra
1758 2232 1958 2267 voluntatem

109 2300 326 2341 spontaneam
355 2297 581 2341 compellatur.
631 2296 675 2331 Vt
704 2301 813 2330 autem
843 2296 960 2330 dictum
991 2295 1174 2328 ssorsonem
1203 2300 1235 2328 et
1265 2294 1405 2329 heredes
1434 2308 1513 2329 snos
1543 2294 1690 2329 custodie
1718 2293 1959 2338 gubernacioni

110 2360 143 2390 et
178 2355 398 2401 tranquillitati
435 2360 525 2401 pacis
560 2357 645 2391 dicte
681 2357 810 2399 Strate,
847 2361 878 2390 et
913 2357 1049 2389 aliarum
1088 2355 1272 2389 Stratarum
1307 2349 1503 2401 diligencius
1541 2354 1715 2397 inuigilare
1753 2353 1893 2388 delectet
1929 2359 1959 2387 et

110 2415 273 2462 quoslihet
308 2415 384 2449 inibi
420 2420 628 2451 transeuntes
663 2428 703 2451 eo
739 2418 855 2451 melius
892 2419 1018 2462 possint
1053 2426 1241 2460 agnoscere
1276 2419 1355 2462 ipsis
1383 2417 1531 2450 similiter
1569 2414 1762 2449 indulsimus
1795 2419 1831 2448 vt
1859 2426 1959 2448 vnam

111 2476 291 2511 custodiam
328 2487 387 2509 seu
421 2475 572 2511 lVartam
608 2480 639 2511 in
677 2478 763 2512 dicta
799 2478 907 2511 Strata
944 2476 996 2509 vbi
1035 2479 1115 2522 ipsis
1153 2481 1183 2510 et
1214 2476 1334 2521 Regno
1364 2481 1476 2510 nostro
1506 2478 1610 2519 inagis
1639 2475 1823 2521 expediens
1851 2478 1958 2508 visum

112 2536 227 2572 fuerit.
256 2537 384 2570 locent.
414 2539 445 2569 in
475 2547 580 2582 eaque
615 2538 833 2572 Theolonium
871 2538 1028 2570 hactenus
1063 2541 1233 2583 receptum
1254 2540 1435 2582 percipiant
1465 2535 1626 2569 Videlicet
1654 2547 1672 2569 a
1701 2535 1846 2581 quohbet
1875 2546 1959 2580 equo

112 2607 264 2631 curruum
285 2597 356 2631 Sex
376 2596 551 2631 Hallenses
571 2602 604 2631 et
624 2597 756 2633 Merces
776 2602 808 2632 in
829 2597 985 2632 Curribus
1006 2600 1154 2631 iacentes
1176 2600 1247 2631 sine
1269 2596 1452 2630 Theolonio
1481 2600 1513 2630 et
1538 2598 1756 2630 estiinacione
1776 2600 1958 2629 transeant.

1770 2655 1809 2685 32
