2184 2828
1066 330 1168 365 134.

183 400 228 434 K.
260 400 394 435 Otalear
421 401 468 436 II.
497 413 562 435 non
590 402 743 437 Bolmoen
779 406 891 439 maclct
923 407 995 439 dem
1023 406 1243 451 abyesetzten
1271 408 1499 452 Erzbz'scltofe
1527 408 1661 453 Philipp
1691 408 1719 442 Ι.
1751 419 1813 441 con
1843 407 2029 452 Salz-bmy,

184 460 321 494 Brmler
348 461 407 495 des
433 462 677 497 verstorbenen
704 464 861 510 Hei-ceys
886 466 1003 500 Ulrieh,
1022 466 1089 501 III.
1117 480 1182 502 vom
1209 469 1378 512 Κιῖνιιιεη,
1407 468 1580 511 Vorwz'c'rfe
1607 468 1689 502 uber
1717 468 1770 501 (lie
1791 468 2028 509 Hitaclertzz'sse,

183 521 311 554 welche
339 533 378 554 er
405 521 472 555 ilem
499 522 585 556 heim
612 524 767 559 Ana-itte
795 526 857 560 det·
884 526 1073 571 Erbsclmst
1102 528 1248 562 herenee
1276 530 1347 563 Ιιαι.
1390 529 1450 562 Dt.
1481 530 1515 562 in
1544 528 1664 562 Radia.
1695 528 1861 561 Kalendis
1894 528 2030 572 Aprilis

932 586 987 630 (1.
1018 587 1139 632 April)
1173 589 1284 623 1270.

336 656 562 712 Reverendo
590 682 621 713 in
651 678 783 714 Christo
818 685 902 727 patri
938 682 1071 716 domino
1101 683 1132 717 P.
1168 683 1351 718 venerabili
1386 683 1552 729 quondam
1581 683 1852 727 saltzburgensis
1881 684 2026 717 ecclesie

181 735 434 783 archiepiscopo
455 737 494 772 O.
525 738 577 772 dei
605 743 712 784 gratia
741 752 803 775 rex
822 742 972 785 Boemie,
1003 743 1070 777 dux
1096 745 1236 778 Austrie
1257 744 1343 778 Stire
1372 749 1404 778 et
1423 743 1593 778 Karinlhie
1621 749 1653 777 et
1682 743 1826 777 marchio
1863 742 2028 787 Moravie,

182 795 334 830 dominus
363 797 528 843 Carniole‚
557 799 695 840 Marche
724 806 756 835 et
783 801 886 846 ligre,
915 804 1052 837 salutem
1083 809 1115 838 et
1142 816 1217 838 eam
1246 816 1341 850 quam
1372 805 1469 838 decet
1498 804 1536 837 ad
1566 807 1635 838 eius
1664 804 1872 849 beneplacita
1903 804 2029 837 volun-

182 860 291 890 tatem.
323 857 505 893 Incusastis
534 871 607 900 nos,
628 861 714 906 quod
743 862 839 897 vobis
859 864 1040 898 inferemus
1059 868 1256 909 gravamina
1286 870 1317 899 et
1346 865 1504 906 offensas,
1526 868 1556 898 in
1586 864 1645 898 hiis
1666 867 1775 909 utique
1804 875 1864 897 nos
1891 875 2027 898 causam

182 916 276 950 vobis
305 929 480 963 possemus
507 923 682 966 inpingere
711 927 956 967 congruencius
985 935 1080 969 quam
1112 937 1173 959 vos
1193 925 1298 960 nobis.
1330 937 1404 959 nam
1434 928 1579 971 quicquit
1606 925 1824 959 dissensionis
1853 927 1938 958 inter
1965 935 2027 958 nos

180 981 213 1010 et
241 988 303 1011 vos
332 983 392 1022 est,
423 980 475 1013 illa
505 992 549 1014 ex
585 986 680 1026 parte
713 986 817 1017 vestri
854 986 1079 1030 principaliter
1108 991 1158 1020 est
1186 986 1339 1029 suborta3
1369 998 1444 1019 nam
1479 986 1579 1019 fratre
1608 990 1721 1019 vestro
1752 985 1883 1018 donnino
1914 984 2026 1018 Ulrico

180 1037 279 1072 beate
317 1043 477 1074 memorie
505 1041 700 1083 decedente„
730 1047 783 1088 qui
813 1044 908 1079 nobis
937 1050 1043 1080 terras
1078 1058 1156 1080 suas
1185 1052 1217 1080 et
1246 1047 1397 1080 homines
1427 1047 1601 1091 legaverat
1629 1051 1660 1079 et
1689 1046 1728 1079 de
1757 1045 1859 1079 libera
1890 1045 2029 1079 dederat

181 1099 363 1146 voluntate7
385 1112 447 1134 vos
476 1104 507 1135 in
536 1106 639 1136 nostri
668 1104 883 1149 prejudicium
914 1106 1010 1140 vobis
1029 1107 1170 1152 quedam
1200 1112 1310 1141 castra
1339 1112 1371 1141 et
1392 1109 1608 1149 municiones,
1630 1117 1694 1152 que
1723 1106 1761 1139 ad
1791 1117 1852 1140 nos
1880 1109 2027 1140 cessisse

179 1158 374 1202 debuerant,
403 1165 597 1209 attraxistis7
626 1174 689 1208 que
718 1164 757 1198 ad
788 1176 850 1200 vos
879 1170 1046 1212 pertinere
1075 1168 1116 1201 de
1144 1171 1216 1201 iure
1244 1179 1309 1201 non
1340 1167 1516 1210 debebant,
1545 1169 1720 1213 presertim
1748 1177 1822 1200 cum
1858 1166 2027 1212 predictus

179 1219 282 1253 frater
301 1225 417 1255 vester
444 1227 582 1269 propter
601 1229 746 1258 vestram
775 1226 930 1260 malitiam
950 1238 1012 1262 vos
1041 1240 1058 1262 a
1088 1231 1306 1262 successione
1334 1228 1534 1262 hereditaria
1562 1227 1668 1261 adhuc
1696 1229 1816 1261 vIvens
1835 1217 2028 1273 separasset

178 1284 210 1313 et
229 1281 411 1316 alienasset
439 1282 479 1316 ab
508 1283 660 1319 omnihus
688 1285 784 1320 bonis
813 1290 894 1331 suis,
915 1288 1131 1333 exigentibus
1159 1289 1265 1334 culpis
1294 1292 1435 1331 vestris3
1464 1299 1526 1322 nos
1555 1290 1652 1331 enim,
1673 1289 1700 1321 si
1730 1299 1774 1321 ex
1802 1292 1895 1334 parte
1914 1291 2027 1321 vestra

177 1343 315 1386 primum
344 1352 411 1376 non
440 1343 559 1378 suisset
594 1348 627 1379 in
661 1350 766 1380 nostri
804 1348 1020 1393 preiudicium
1049 1349 1243 1389 laboratum,
1273 1349 1488 1391 fecissemus,
1518 1351 1662 1394 quicquit
1688 1348 1806 1382 fuisset
1833 1347 2025 1382 condecens

176 1405 209 1434 et
236 1401 424 1446 honestum,
454 1408 505 1438 set
532 1416 630 1450 quum
659 1411 775 1441 contra
804 1419 864 1442 nos
894 1412 998 1455 primo
1027 1412 1240 1456 attemptatis‚
1262 1420 1323 1444 nos
1352 1412 1402 1443 ius
1430 1413 1576 1444 nostrum
1605 1411 1761 1454 persequi
1790 1413 1824 1442 et
1843 1407 2026 1442 defendere

176 1462 327 1496 volumus
362 1466 452 1497 iuxta
480 1475 591 1510 posse.
631 1466 717 1501 unde
752 1470 778 1501 si
808 1480 868 1503 vos
897 1470 1070 1504 volueritis
1101 1482 1162 1504 vos
1190 1473 1312 1504 nostris
1342 1472 1550 1514 coniungere
1577 1471 1730 1511 inimicis,
1760 1473 1901 1514 oportet7
1931 1473 1966 1502 ut
1993 1468 2025 1501 id

176 1527 291 1556 vestro
320 1523 456 1558 arbitrio
484 1526 710 1571 relinquamus
739 1533 771 1562 et
799 1540 860 1563 nos
890 1532 965 1564 vice
994 1541 1095 1565 versa
1124 1533 1247 1565 nostrIs
1276 1533 1391 1564 amicis
1420 1532 1511 1575 iungi
1531 1530 1683 1564 volumus
1713 1529 1751 1562 ad
1782 1528 2024 1575 propulsandas

174 1585 311 1617 iniurias
331 1589 364 1618 et
391 1586 573 1630 molestias,
594 1591 621 1622 si
649 1599 712 1633 que
740 1600 801 1635 per
828 1600 890 1625 vos
919 1602 979 1625 seu
999 1591 1082 1625 alios
1110 1590 1207 1625 nohis
1236 1591 1357 1625 suerint
1377 1593 1533 1636 irrogate.
1563 1589 1674 1623 divino
1703 1590 1827 1623 auxilio
1846 1580 2023 1624 mediante.

174 1643 296 1678 Datum
325 1648 358 1679 in
387 1645 505 1681 Budin.
535 1647 686 1683 kalendis
715 1650 839 1696 aprilis.

484 1733 649 1770 (Zeitscbrist
680 1737 721 1763 l'ur
746 1737 907 1765 Gescliiclite
938 1739 986 1765 des
1011 1739 1176 1765 Oberrlieins
1210 1747 1262 1765 von
1290 1739 1318 1765 F.
1351 1738 1376 1764 J.
1400 1739 1477 1765 illone
1501 1738 1545 1764 XI.
1569 1738 1615 1764 Bd.
1650 1737 1694 1763 111.
1720 1738 1789 1763 lien.
1816 1738 1843 1763 S.
1869 1736 1930 1763 288
1956 1737 2023 1762 nach

588 1788 647 1814 dem
679 1789 753 1823 Orig.
786 1791 810 1816 iu
845 1791 893 1816 der
917 1790 1068 1817 Bibliotliek
1103 1800 1133 1817 zu
1159 1791 1294 1825 Venedig.
1341 1791 1427 1817 Codd.
1458 1790 1514 1817 Lut.
1544 1790 1623 1816 claSS.
1653 1789 1723 1815 xlv.
1750 1790 1823 1815 Arm.
1849 1788 1966 1815 xovm.
1994 1788 2021 1814 7.

588 1841 650 1867 eod.
675 1842 725 1868 CC.
752 1843 778 1868 S.
806 1842 871 1877 89.)

1047 2006 1149 2041 135.

169 2091 238 2125 Dte
265 2091 479 2136 litiiziqlz'clcen
512 2091 664 2126 Urbem-et·
692 2093 757 2126 med
784 2093 838 2126 die
858 2093 1031 2137 Seleopfen
1058 2104 1124 2126 rvon
1151 2093 1251 2137 Iylau
1278 2092 1449 2134 erkfflren,
1478 2092 1558 2125 dass
1585 2092 1636 2123 sie
1663 2090 1735 2123 dem
1755 2090 1904 2124 Selzmer
1927 2090 2020 2124 Abte

169 2153 238 2186 und
270 2152 459 2195 Cmmente,
501 2153 573 2186 dem
612 2152 767 2197 Werner,
800 2157 953 2198 qenannt
986 2153 1120 2197 Lotiny,
1160 2154 1227 2187 mad
1258 2154 1362 2187 deren
1390 2151 1631 2186 Mitarhez‘tem
1665 2153 1763 2184 einen
1796 2151 1930 2185 Stollen
1965 2163 2019 2185 am

261 2213 542 2258 leolphsbergye
569 2213 742 2247 vertielaen
770 2214 891 2247 haben.
921 2214 982 2247 Dt.
1011 2213 1057 2247 X.
1087 2214 1232 2248 Kalend.
1263 2212 1464 2247 Novembris
1494 2211 1575 2254 (23.
1608 2211 1776 2254 October]
1812 2211 1921 2245 1272.

324 2289 368 2343 ln
399 2312 534 2342 nomine
562 2309 695 2343 domini.
716 2310 837 2343 Amen.
867 2309 1084 2343 Hanmannus
1103 2336 1109 2342 .
1130 2309 1400 2343 Ludmannus.et
1427 2307 1597 2341 Helwicus
1616 2334 1622 2340 .
1640 2307 1854 2341 Serenissimi
1882 2306 2016 2340 Domini

168 2371 269 2402 nostri
298 2369 401 2413 Regis
440 2369 610 2403 Otthocari
645 2369 817 2403 Urburarii
854 2382 914 2416 per
949 2374 1050 2404 totam
1085 2369 1277 2404 Bobemiam
1307 2373 1339 2402 et
1371 2367 1554 2401 Moraviam
1577 2367 1772 2412 ‚fidelisque
1800 2367 2011 2401 Universitas

167 2428 357 2463 Juralorum
385 2433 416 2463 in
446 2430 772 2475 Yglauia.0mnihus
806 2431 892 2464 hanc
926 2433 1080 2477 paginam
1119 2432 1318 2476 inspecturis
1355 2428 1492 2463 salutem
1525 2430 1558 2461 in
1593 2427 1745 2462 Domino.
1801 2427 1919 2461 Omnia
1948 2438 2012 2472 que

166 2495 329 2535 geruntur
356 2493 387 2523 in
416 2495 637 2537 tempore.ne
665 2492 759 2524 simul
787 2491 940 2525 labantur
968 2502 1040 2524 cum
1071 2495 1390 2537 tempore.necesse
1418 2492 1468 2523 est
1497 2499 1535 2521 ea
1564 2488 1741 2533 proborum
1769 2490 1918 2522 virorum
1955 2492 2012 2521 te-

165 2554 319 2585 stimonio
339 2551 692 2585 confirmari.Nouerit
718 2553 817 2596 igitur
845 2556 909 2586 tam
937 2562 1078 2597 presens
1105 2556 1176 2585 etas
1196 2561 1293 2596 quam
1312 2549 1420 2583 futura
1448 2551 1625 2594 posteritas
1646 2549 1732 2595 quod
1760 2559 1822 2582 nos
1842 2548 2013 2583 vtilitatem

165 2612 378 2645 attendentes
420 2616 687 2645 commuuem.et
724 2614 867 2646 ciuitatis
904 2612 1043 2656 Yglauie
1076 2612 1257 2657 profectum
1296 2620 1449 2643 necnon
1485 2612 1581 2643 totius
1621 2612 1792 2654 prouincie
1820 2618 2012 2653 grauesque
