2184 2828
966 109 1038 144 393

84 234 180 265 etiam
193 233 267 277 quia
282 228 453 275 oportebat
468 239 527 262 eos
542 238 602 274 per
617 228 712 262 aliam
733 238 792 261 seu
809 226 889 260 alias
908 227 1100 260 Prouincias
1114 228 1259 260 transire
1275 225 1561 270 cumMaguntiam
1578 226 1734 261 volebant
1752 228 1925 262 accedere.

84 302 142 337 pro
171 290 421 337 appellationum
442 294 473 323 et
494 289 565 322 aliis
585 291 710 329 causis5
740 287 780 321 ad
808 287 914 321 forum
935 287 1245 333 Arcliiepiscopalis
1266 286 1363 319 Curie
1384 285 1652 330 Moguntinensis
1682 290 1924 334 metropolitico

79 355 155 395 jure
191 349 415 396 spectantibus
451 349 711 396 prosequendis.
748 348 904 394 predictis
939 348 1094 394 perieulis
1129 357 1169 380 ac
1204 345 1464 392 importabilibus
1500 350 1660 392 expensis
1699 352 1729 380 et
1759 349 1924 382 laboribus

83 410 299 445 subiacebant
327 415 358 444 et
386 414 497 456 preter
524 409 587 443 hec
614 420 680 443 non
709 413 779 442 erat
807 412 964 442 memoria
993 408 1179 449 hominum,
1209 407 1293 452 quod
1323 407 1488 440 ecclesie.
1526 406 1684 441 Ciuitates
1714 412 1745 441 et
1775 408 1925 442 dioceses

82 472 261 516 Pragensis
295 475 327 505 et
363 470 597 504 Olomucensis
632 469 781 515 predicte
821 467 929 502 forent
966 480 1025 515 per
1059 468 1359 513 Archiepiscopum
1399 467 1690 511 Moguntinensem
1726 471 1789 502 nisi
1825 470 1926 502 semel

83 531 306 566 tantummodo
340 533 489 573 uisitate,
526 535 559 564 et
594 530 681 575 quod
716 530 905 563 Altissimus
943 533 973 563 in
1011 533 1099 562 tanta
1136 528 1340 562 multitudine
1368 528 1499 573 populi.r
1531 528 1634 562 dictas
1663 528 1865 573 pragensem
1896 534 1926 562 et

82 592 339 626 Olomucensem
360 591 524 633 diocesese
555 601 692 636 quarum
722 593 825 636 prima
855 601 914 635 per
934 589 1086 636 Quinque
1116 594 1146 622 et
1175 589 1276 623 altera
1308 600 1366 634 per
1387 590 1536 630 Quatuor
1563 589 1667 623 dietas
1688 590 1929 635 protenduntur

81 654 134 686 vel
163 655 306 695 circiter,
336 656 368 686 et
388 655 484 694 etiam
511 654 543 685 in
572 650 726 685 ecclesiis
755 655 787 684 et
814 650 896 683 locis
924 651 1161 684 ecclesiasticis
1191 649 1396 688 fecundauit,
1427 655 1458 684 et
1488 654 1577 683 auxit
1608 650 1692 696 qutul
1723 651 1926 695 singularum

82 718 228 760 ipsarum
255 712 407 758 singulos
434 712 542 746 uultus
570 714 689 745 unicus
718 715 830 756 pastor
857 711 1023 756 nequibat,
1054 715 1087 744 ut
1114 709 1258 744 officium
1280 712 1448 756 pastorale
1469 712 1566 745 decet
1595 715 1773 757 inspicere,
1794 717 1825 745 et
1847 712 1928 745 alias

81 778 193 820 partes
221 773 298 807 boni
326 775 470 819 pastoris
497 772 655 818 implere.
685 770 838 817 quodque
866 771 980 805 durum
1010 775 1079 805 erat
1107 775 1206 816 atque
1240 771 1372 805 difficile
1402 775 1431 805 in
1463 771 1608 816 qualibet
1637 776 1700 805 tam
1731 772 1867 805 latarum
1897 777 1927 805 et

82 834 271 869 diffusarum
306 833 490 867 diocesium
525 832 565 866 ad
599 844 699 866 vnum
737 836 859 866 tantum
896 831 1067 865 Pastorem
1103 843 1121 865 a
1156 836 1202 865 tot
1237 835 1391 877 personis
1425 833 1664 866 ecclesiasticis
1693 837 1723 866 et
1754 832 1928 866 mundanis

82 905 253 929 recursum
282 893 407 928 haberi.
459 892 572 934 Quare
601 904 659 938 pro
688 897 781 938 parte
809 895 953 938 ipsorum
982 893 1087 936 Regis
1115 897 1147 926 et
1173 892 1408 937 primogenitu
1439 893 1498 926 t'uit
1526 893 1621 926 nobis
1650 893 1816 927 humiliter
1844 904 1928 939 sup-

81 956 249 1002 plicatum.
271 959 304 988 ut
323 954 427 988 dictas
446 953 652 998 Pragensem
673 958 705 987 et
726 952 983 987 Olomucensem
1004 953 1165 986 ecclesias
1195 952 1234 986 ab
1255 956 1343 987 omni
1365 953 1510 987 dominio
1532 958 1562 987 et
1583 958 1748 999 potestate
1769 954 1929 988 dictorum

81 1015 339 1062 Archiepiscopi
367 1019 400 1049 et
429 1015 574 1048 ecclesie
607 1013 874 1058 Magunttnensis
903 1016 1052 1046 eximere
1086 1016 1258 1059 ipsamque
1295 1014 1471 1047 ecclesiam
1502 1014 1707 1058 Pragensem
1737 1017 1768 1048 in
1796 1013 1928 1048 Metro-

61 1077 259 1123 'politanam
287 1079 319 1109 et
346 1075 474 1119 aliquas
504 1074 670 1108 ecclesias
699 1077 731 1107 in
760 1073 886 1108 eisdem
909 1073 1096 1108 diocesibus
1117 1077 1165 1108 sic
1186 1073 1310 1108 diffusis
1339 1078 1369 1108 in
1392 1074 1609 1108 Catbedrales
1639 1078 1771 1119 erigere
1791 1075 1928 1120 illasque

82 1149 121 1171 ac
155 1136 318 1183 prefatam
360 1135 616 1170 olomucensem
651 1135 827 1168 ecclesiam
869 1134 953 1168 dicte
987 1134 1165 1179 Pragensis
1205 1135 1348 1168 ecclesie
1381 1136 1620 1181 metropolitico
1654 1138 1725 1169 iure
1761 1135 1926 1170 subicere.

81 1200 274 1232 auctoritate
307 1196 489 1242 apostolica
519 1187 746 1240 dignaremur.
784 1194 854 1229 Nos
889 1198 987 1239 igitur
1025 1195 1208 1229 huiusmodi
1243 1195 1540 1242 supplicationibus
1569 1196 1687 1230 auditis
1718 1197 1867 1231 uolentes
1897 1200 1927 1230 in

81 1261 251 1305 premissis
279 1259 475 1302 grauitatem
513 1261 546 1290 et
574 1255 768 1289 modestiam
799 1254 941 1289 debitam
976 1255 1160 1290 obseruare
1196 1268 1234 1290 ac
1265 1256 1305 1290 de
1334 1259 1443 1290 causis
1472 1256 1657 1291 huiusmodi
1687 1257 1784 1291 nobis
1814 1268 1927 1304 expo-

82 1322 152 1353 sitis
186 1317 459 1352 certitudinaliter
493 1315 664 1351 informari
694 1315 886 1350 Venerabili
916 1315 1006 1349 fratri
1035 1316 1218 1350 Bertrando
1254 1316 1422 1363 Episcopo
1453 1316 1601 1351 Ostiensi
1636 1322 1666 1351 et
1695 1317 1824 1351 dilectis
1854 1319 1927 1352 liliis

81 1382 202 1414 nostris
231 1378 402 1413 Bernardo
431 1377 514 1411 tituli
543 1380 650 1411 sancti
680 1376 800 1411 Ciriaci
829 1379 862 1411 in
891 1376 1020 1410 Termis
1050 1377 1233 1422 presbitero
1263 1388 1301 1410 ac
1330 1377 1530 1423 Raymundo
1560 1383 1677 1412 sancte
1706 1378 1811 1412 Marie
1839 1390 1927 1412 nove

80 1441 221 1475 diacono
249 1438 478 1473 Cardinalibus
512 1440 739 1472 commisimus
773 1437 909 1471 oraculo
938 1440 1012 1470 uiue
1042 1440 1152 1480 uocis,
1180 1442 1214 1471 ut
1242 1437 1283 1471 de
1311 1441 1483 1483 premissis
1513 1442 1624 1473 causis
1653 1443 1685 1472 et
1715 1450 1826 1473 earum
1857 1442 1928 1473 cir-

80 1503 286 1535 cumstantiis
315 1503 347 1534 in
375 1499 494 1533 talibus
523 1498 744 1541 attendendiS,
774 1509 811 1532 se
841 1498 1028 1541 diligentius
1057 1497 1275 1532 informarent
1304 1503 1335 1532 et
1364 1509 1573 1545 quecumque
1602 1511 1705 1546 super
1734 1500 1798 1544 hijs
1827 1503 1929 1534 inue-

80 1564 199 1604 nirent,
219 1560 314 1595 nobis
334 1560 473 1594 fideliter
491 1558 622 1593 referre
641 1563 809 1592 curarent.
840 1558 878 1592 Et
901 1562 974 1604 quia
996 1570 1055 1603 per
1074 1559 1267 1592 relationem
1289 1559 1446 1605 Episcopi
1469 1559 1634 1594 Ostiensis
1655 1565 1685 1594 et
1707 1559 1929 1594 Cardinalium

80 1621 301 1667 predictorum
330 1623 421 1654 iuxta
441 1622 711 1654 commissionem
740 1618 923 1653 huiusmodi
953 1623 1099 1652 nostram
1121 1622 1168 1653 eis
1188 1620 1308 1653 factam
1336 1620 1604 1654 informationem
1633 1632 1733 1666 super
1758 1624 1929 1667 premissis

80 1686 289 1728 receperunt,
319 1681 458 1715 fideliter
485 1679 580 1714 nohis
609 1680 730 1713 factam
761 1683 984 1725 comperimus
1013 1691 1133 1714 causas
1162 1679 1350 1714 huiusmodi
1379 1692 1457 1714 esse
1484 1692 1584 1715 ueras
1621 1686 1652 1715 et
1687 1681 1928 1728 quodammodo

80 1741 272 1776 manifestas
301 1746 333 1776 et
360 1741 523 1788 postulata
552 1740 737 1774 huiusmodi
766 1740 837 1773 lieri
865 1751 931 1774 non
951 1739 1056 1773 solum
1076 1740 1152 1774 utile
1180 1740 1265 1783 fore,
1295 1741 1354 1775 sed
1374 1752 1501 1775 summe
1522 1745 1750 1776 necessarium
1771 1753 1810 1776 ac
1830 1745 1928 1776 etiam

79 1807 294 1849 oportunum,
330 1806 362 1836 et
396 1806 574 1848 propterea
609 1800 729 1834 cultum
766 1811 892 1845 augere
921 1800 1065 1834 diuinum
1101 1812 1140 1834 ac
1175 1801 1376 1846 spiritualem
1406 1805 1586 1836 animarum
1618 1802 1802 1848 profectum
1831 1813 1926 1847 quem

80 1874 123 1897 ex
150 1863 213 1908 hijs
248 1862 382 1897 indubie
409 1865 587 1908 peruenire
616 1872 808 1907 speramus.
846 1872 1046 1907 promouere
1085 1861 1263 1896 salubriter
1296 1862 1523 1904 intendentes,
1560 1862 1798 1897 deliberatione
1828 1873 1927 1908 super

82 1922 144 1966 hijs
171 1934 245 1957 cum
273 1923 432 1958 fratribus
459 1925 583 1956 nostris
612 1921 783 1968 prehabita
813 1922 972 1966 diligenti7
1002 1925 1175 1967 premissis
1203 1927 1236 1956 et
1264 1923 1429 1956 nonnullis
1450 1924 1522 1968 alijS
1544 1923 1793 1957 rationabilibus
1815 1926 1925 1957 causis

81 1982 291 2018 suadentibus
321 1984 510 2025 ecclesiam,
541 1982 712 2016 Ciuitatem
734 1987 765 2016 et
786 1982 946 2016 diocesim
967 1981 1173 2027 Pragensem
1193 1983 1373 2029 predictas
1404 1984 1443 2017 de
1464 1987 1610 2030 ipsorum
1632 1983 1767 2017 fratrum
1789 1983 1927 2017 consilio

83 2046 116 2075 et
145 2044 326 2087 apostolice
354 2044 556 2090 plenitudine
584 2045 757 2088 potestatis
785 2045 982 2076 auctoritate
1003 2044 1184 2088 apostolica
1214 2048 1247 2077 et
1275 2055 1318 2077 ex
1346 2048 1435 2078 certa
1457 2049 1569 2078 nostra
1590 2047 1739 2085 scientim
1770 2043 1809 2076 ab
1839 2046 1927 2077 omni

80 2101 307 2146 jurisdictione
338 2109 504 2150 potestate
539 2114 578 2137 ac
616 2103 841 2137 subiectione.
879 2102 1153 2149 Archiepiscopi.
1199 2107 1252 2149 qui
1295 2109 1347 2138 est
1383 2116 1442 2150 pro
1481 2110 1628 2150 tempore
1666 2109 1695 2137 et
1734 2103 1926 2137 dilectorum

84 2162 222 2196 tiliorum
250 2161 386 2208 Capituli
414 2165 560 2198 ecclesie
587 2163 857 2208 Maguntinensis
886 2174 1019 2196 exnunc
1048 2167 1236 2197 eximentes
1264 2168 1397 2210 penitus
1432 2170 1462 2199 et
1492 2165 1633 2199 totaliter
1661 2163 1857 2206 liberantes
1889 2175 1927 2197 ac

85 2233 156 2256 eam
185 2221 246 2254 soli
274 2221 423 2258 Romane
451 2225 595 2259 ecclesie
623 2224 664 2258 de
693 2228 806 2258 cetero
836 2223 1012 2257 subiacere
1041 2225 1229 2258 immediate
1257 2231 1419 2271 perpetuo
1449 2226 1681 2265 decernentes7
1712 2226 1818 2269 ipsam
1839 2223 1927 2258 Pra-

84 2292 223 2328 gensem
259 2282 431 2316 ecclesiam
469 2285 510 2318 ad
544 2285 596 2318 dei
633 2285 761 2319 laudem
796 2289 829 2317 et
865 2284 1004 2328 gloriam
1042 2285 1277 2318 exaltationem
1314 2286 1480 2320 catholice
1514 2286 1604 2326 fidei,
1641 2283 1788 2318 eiusdem
1818 2285 1925 2318 cultus

85 2346 298 2388 augmentum
327 2345 359 2374 et
377 2346 555 2378 animarum
575 2345 758 2390 profectum
780 2348 810 2378 in
832 2344 1120 2390 Metropolitanum
1141 2348 1300 2390 erigimus
1322 2349 1492 2392 ipsamque
1513 2343 1691 2378 bonoribus
1711 2348 1743 2378 et
1761 2347 1925 2390 insigniis,

85 2403 173 2437 sedis
193 2400 433 2446 Metropolitice
454 2403 649 2439 decoramus
669 2409 864 2439 auctoritate
885 2405 1044 2451 predictae
1065 2405 1297 2439 nichilominus
1318 2411 1513 2445 statuentes,
1544 2403 1627 2449 quod
1654 2406 1722 2450 ipsa
1744 2404 1926 2450 Pragensis

86 2463 229 2498 ecclesia
250 2472 308 2507 pro
329 2462 575 2506 metropolitana
596 2468 834 2511 imperpetuum
855 2465 1026 2507 habeatur,
1049 2470 1079 2499 et
1099 2469 1171 2499 eius
1191 2466 1304 2512 presul
1321 2466 1607 2510 Areliiepiscopus
1623 2467 1719 2498 etiam
1736 2471 1923 2500 censeatur.

88 2523 127 2558 Et
155 2525 228 2569 quia
259 2521 391 2564 dignum
421 2525 473 2553 est
499 2532 542 2555 ex
571 2533 634 2567 quo
662 2525 749 2558 dicta
777 2526 918 2559 ecclesia
950 2525 1143 2570 Pragensis
1174 2527 1249 2559 olim
1280 2526 1364 2559 tilia..
1387 2536 1472 2558 nunc
1503 2528 1608 2558 mater
1636 2525 1765 2569 effecta,
1797 2531 1926 2560 metro-

85 2584 217 2630 politice
238 2582 405 2625 diguitatis
427 2585 583 2625 suscepte
612 2585 751 2628 insignia
773 2585 1004 2629 suffraganeos
1025 2590 1055 2619 et
1076 2585 1281 2619 Prouinciam
1303 2585 1474 2617 decentem
1497 2583 1627 2628 habeat,
1658 2590 1692 2619 ut
1712 2586 1750 2619 ad
1772 2586 1925 2620 iudicium

1719 2646 1759 2674 50
