2184 2828
1029 97 1098 132 771

135 216 269 251 labores
303 220 335 249 et
369 226 541 261 expensas
561 215 771 249 .Wernhero
806 215 894 249 dicto
927 214 1068 260 Lotingo
1102 219 1133 248 et
1167 214 1574 262 Domino...(Marsilio)
1609 216 1733 251 Abbati
1779 217 1993 263 Sylowensis

135 277 280 311 ecclesie
308 287 382 310 cum
410 279 558 321 ipsorum
592 279 797 322 cooperariis
833 276 1030 310 contulimus
1065 274 1247 309 Stollonem
1282 277 1315 308 in
1344 280 1456 310 moute
1485 277 1617 311 Rudolli
1653 281 1685 311 et
1713 288 1830 312 omnes
1859 283 1991 313 montes

135 337 255 371 ibidem
283 341 494 370 mensuratos
524 341 589 370 tam
618 349 691 370 cmn
721 337 929 371 dominorum
957 337 1064 371 laneis
1092 347 1190 381 quam
1219 335 1452 380 burgensium.
1471 342 1503 370 et
1530 337 1683 384 quicquid
1712 337 1756 371 ibi
1784 338 1990 373 confractum

134 398 231 432 fuerit
264 407 368 442 usque
401 397 441 430 ad
475 400 626 431 semitam
664 409 723 443 per
757 409 852 443 quam
888 400 951 431 itur
988 400 1020 431 in
1058 395 1327 443 Aychornberck
1365 407 1424 442 pro
1469 402 1563 442 parte
1598 398 1704 443 Regis
1738 403 1862 432 tantum
1897 402 1987 434 omni

133 461 204 492 iure
237 457 438 491 hereditario
458 458 633 491 colendum
663 462 694 491 et
723 457 1020 504 possidendum.et
1048 457 1133 491 idem
1163 456 1267 490 Stollo
1296 459 1328 490 in
1357 456 1622 502 dependentibus
1651 463 1684 493 et
1712 463 1888 505 prostratis
1908 459 1989 494 Jura

134 518 310 553 cuiuslibet
338 518 490 552 stollonis
520 518 719 552 hereditarie
748 518 918 553 obtinebit.
976 518 1019 552 Ut
1046 522 1155 552 autem
1185 517 1246 551 hec
1274 519 1385 552 omnia
1414 517 1536 552 robore
1564 530 1630 553 non
1660 525 1799 554 careant
1827 525 1989 566 perpetue

132 580 294 614 firmitatis
324 583 512 625 presentem
546 581 576 612 ei
605 579 754 613 dedimus
784 582 950 625 paginam.
981 578 1099 623 Sigillo
1127 581 1269 612 ciuitatis
1289 578 1503 623 Yglauiensis
1533 584 1565 613 et
1585 580 1841 615 Urburariorum
1871 583 1988 615 muni-

132 643 221 674 mine
248 639 450 673 roboratam.
480 639 568 673 Acta
597 645 674 674 sunt
702 640 764 673 hec
789 641 889 673 Anno
919 640 1051 673 Domini
1080 638 1406 684 MOCOCOLXOXOijO.
1426 638 1487 673 XO.
1517 639 1589 674 Kal.
1620 641 1991 676 nouembris.Presen-

130 700 215 734 tibus
244 700 368 734 Juratis
396 700 535 745 Yglauie
563 703 705 734 ciuitatis
736 701 893 734 videlicet
922 700 1116 734 NVernhero
1146 700 1288 745 Lotiugo
1318 727 1326 734 .
1357 727 1365 734 .
1396 700 1495 735 nodo.
1525 700 1688 746 Magistro
1723 702 1862 737 Jacobo.
1893 703 1988 737 Her—

130 760 993 796 manno.Ortwino‚Dittmmromnsiro.Leone.et
1021 762 1092 796 aliis
1121 765 1274 808 personis
1303 761 1453 796 honestis
1483 773 1523 795 ac
1552 761 1616 796 fide
1645 762 1764 808 dignis.

441 866 525 899 [Nacti
551 868 626 892 einer
649 867 789 893 Ahschrift
818 867 850 892 im
882 866 994 892 Selauer
1025 867 1215 899 Abteiarehiv,
1246 866 1407 901 mitgetheilt
1440 875 1491 893 von
1523 867 1581 893 dem
1614 867 1740 902 (lortigen
1769 869 1987 896 Stiftsarchivare

546 919 571 945 P.
599 919 692 945 Yirtor
717 919 866 949 Bczdcka.)

1017 1066 1034 1100 l
1046 1065 1118 1100 36.

132 1153 261 1195 Bremo.
292 1152 443 1196 Bis-cleos
462 1163 528 1185 ‘ron
559 1153 702 1190 ()ΙηιιίἸ;·,
732 1152 868 1196 befielelt
897 1152 988 1186 allen
1016 1152 1221 1186 Dec-kametz
1249 1154 1363 1186 semer
1391 1152 1542 1186 De'orese
1570 1156 1670 1186 antor
1690 1153 1900 1198 Audrohmey
1930 1154 1991 1188 der

133 1212 523 1258 Suspense'ons-Slrafe,
546 1214 626 1247 class
654 1215 704 1247 sie
733 1214 796 1247 [len
825 1213 1011 1247 Μίηυνῖίιή
1040 1213 1101 1246 (las
1130 1213 1310 1258 Prediyen,
1341 1213 1575 1247 Bec'(·lttltot·elt
1603 1214 1670 1247 nm!
1696 1215 1750 1248 (lie
1770 1214 1990 1260 Beercle‘qnngy

648 1274 709 1307 der
743 1274 872 1307 Todten
897 1277 1084 1317 yestatlen.
1114 1274 1175 1308 Dc.
1205 1274 1331 1308 Brmzse
1360 1274 1472 1308 1272.

292 1350 337 1402 B
367 1396 375 1404 .
407 1397 414 1403 .
446 1397 452 1405 .
483 1369 535 1403 dei
564 1372 679 1415 gracia
702 1369 935 1403 (llmnucensis
963 1372 1153 1416 episcopus,
1174 1370 1303 1404 dilectis
1332 1372 1365 1404 in
1396 1369 1525 1405 Christo
1554 1370 1628 1404 filiis
1658 1373 1826 1405 vniuersis
1852 1371 1991 1406 decanis

132 1434 248 1464 nostre
276 1430 445 1477 dyocesis,
475 1431 614 1465 salutem
645 1433 676 1464 in
706 1430 851 1464 domino.
908 1430 1068 1475 Vigorem
1098 1431 1348 1476 privilegiorum
1378 1441 1442 1476 que
1471 1431 1619 1466 honestis
1647 1443 1686 1465 ac
1714 1432 1881 1477 religiosis
1910 1435 1991 1467 viris

133 1490 287 1525 fratribus
316 1491 498 1525 minoribus
527 1496 559 1525 et
587 1503 699 1525 eorum
729 1491 835 1525 ordini
864 1503 924 1537 per
953 1493 1145 1525 vniuersum
1174 1490 1288 1525 orbem
1317 1502 1418 1537 super
1450 1492 1705 1527 elemosinarum
1744 1493 1988 1539 postulacione,

134 1551 383 1598 predicacione,
412 1552 660 1586 confessionum
690 1552 916 1590 audienciam,
952 1556 983 1585 et
1011 1562 1077 1585 non
1110 1551 1205 1585 nullis
1234 1552 1306 1586 aliis
1334 1563 1353 1585 a
1382 1552 1463 1587 sede
1492 1553 1676 1599 apostolica
1706 1558 1781 1588 sunt
1810 1565 1990 1597 concessa,

134 1612 287 1646 volentes
316 1612 358 1646 oh
388 1616 619 1647 reuerenciam
653 1613 742 1647 sedis
781 1613 929 1647 eiusdem
967 1615 999 1646 in
1035 1617 1121 1646 statu
1151 1612 1260 1646 debito
1294 1624 1354 1658 per
1382 1618 1482 1647 totam
1511 1618 1658 1648 nostram
1688 1614 1871 1661 Dyocesim
1900 1626 1989 1649 con-

133 1684 285 1715 seruare,
316 1684 389 1706 cum
419 1673 481 1707 hoc
510 1673 605 1707 nobis
635 1676 698 1707 iam
728 1673 847 1707 dudum
877 1685 936 1719 per
970 1676 1076 1718 ipsam
1110 1673 1225 1707 sedem
1261 1674 1454 1719 specialiter
1487 1677 1665 1708 iniunctum
1704 1677 1847 1717 existat,
1877 1687 1920 1709 ne
1949 1676 1990 1709 de

133 1733 365 1768 inobediencia
386 1746 449 1780 que
469 1735 588 1769 sceleri
617 1739 817 1780 conparatur
837 1734 1000 1779 ydolatrie
1025 1733 1202 1767 districtius
1231 1745 1423 1779 arguamur,
1445 1734 1645 1769 discrecioni
1675 1740 1789 1770 vestre
1817 1739 1849 1769 in
1870 1739 1989 1770 uirtute

134 1794 332 1828 obediencie
361 1800 394 1828 et
423 1795 483 1829 sub
513 1807 598 1841 pena
629 1798 860 1841 suspensionis
889 1795 928 1828 ab
958 1795 1069 1828 ollicio
1099 1794 1213 1828 damus
1242 1795 1377 1829 firmiter
1405 1798 1436 1829 in
1467 1799 1646 1842 preceptis,
1673 1801 1835 1842 quatenus
1866 1797 1989 1831 fratres

134 1854 303 1899 Minores,
335 1859 388 1902 qui
417 1859 491 1890 sine
519 1856 663 1890 fidelium
697 1857 890 1890 elemosinis
925 1867 998 1889 cum
1034 1858 1202 1901 propriam
1238 1866 1304 1889 uon
1337 1855 1482 1890 habeant
1515 1862 1685 1902 nequeunt
1712 1860 1917 1901 sustensari,
1957 1861 1988 1891 in

135 1916 322 1950 ciuitatibus
343 1921 375 1950 et
401 1919 434 1951 in
463 1917 616 1951 omnibus
636 1917 719 1950 locis
748 1921 780 1950 et
809 1917 894 1950 villis
924 1919 954 1950 in
985 1915 1100 1961 quibus
1129 1919 1260 1960 argenti
1289 1916 1401 1951 fodine
1429 1920 1627 1957 consistunt,
1650 1929 1710 1964 per
1737 1929 1853 1953 omnes
1882 1918 1990 1952 deca-

135 1980 232 2010 natus
260 1981 392 2011 vestros
421 1978 608 2023 predicare,
639 1978 872 2012 confessiones
907 1977 1042 2020 audire,
1072 1988 1112 2010 ac
1144 1979 1251 2010 eciam
1294 1977 1421 2011 illorum
1457 1989 1598 2024 corpora
1629 1979 1789 2024 sepelire,
1819 1982 1873 2024 qui
1902 1980 1987 2025 apud

136 2047 196 2070 eos
237 2037 399 2082 elegerint
428 2039 642 2084 sepulturam,
672 2038 776 2072 libere
804 2040 991 2085 paciamini,
1021 2048 1087 2070 non
1116 2040 1344 2082 permittentes
1373 2049 1431 2072 eos
1461 2041 1492 2073 in
1522 2039 1584 2073 hiis
1614 2040 1821 2085 aliquatenus
1850 2045 1988 2086 pertur—

136 2096 217 2132 bari,
247 2098 436 2143 specialiter
464 2099 536 2133 illos
565 2102 618 2145 qui
648 2110 762 2133 eorum
798 2099 924 2133 tabulas
963 2098 1125 2131 dell'crunt
1158 2097 1199 2131 ab
1235 2101 1480 2144 inquietacione
1518 2104 1550 2134 et
1579 2101 1817 2134 uiolcstacione
1845 2101 1991 2146 qualIhet

136 2157 358 2192 defendendo.
413 2159 457 2193 Vt
485 2165 593 2193 autem
624 2160 686 2194 hcc
715 2172 778 2206 que
809 2159 904 2194 vobis
934 2162 1152 2204 iniungimus,
1183 2158 1327 2192 debitum
1359 2163 1614 2194 nansciscantur
1642 2160 1805 2204 ellectum,
1836 2162 1988 2197 volumus

136 2218 373 2253 etmandamus
385 2219 445 2253 sub
456 2231 541 2265 pena
552 2221 714 2267 predicta,
727 2225 1019 2266 quatenusonnws
1032 2220 1104 2253 illos
1122 2224 1155 2253 et
1171 2220 1400 2265 singulos,qui
1417 2221 1521 2255 dictos
1541 2222 1661 2254 fratres
1677 2226 1709 2254 et
1728 2233 1842 2255 eorum
1863 2222 1990 2258 tabulas

136 2278 338 2313 defferentes
374 2281 404 2313 in
435 2280 542 2326 aliquo
578 2281 738 2328 impedire
767 2283 1049 2328 presumpserint,
1084 2281 1136 2314 uel
1167 2280 1320 2322 turbare,
1350 2284 1420 2315 siue
1449 2282 1561 2316 clerici
1591 2285 1654 2315 sint
1684 2285 1756 2315 sinc
1784 2282 1892 2329 layci,
1923 2288 1987 2318 tam

137 2339 190 2373 diu
221 2343 584 2376 excmnnninicacionis
613 2345 788 2376 sentencia
819 2344 1014 2375 auctoritate
1048 2345 1159 2374 nostra
1196 2341 1380 2386 percellere
1409 2353 1475 2376 non
1505 2342 1675 2384 dill'eratis,
1706 2342 1870 2378 facientes
1898 2347 1990 2389 ipsos

136 2411 209 2434 cum
240 2400 469 2446 solempnitate
498 2402 715 2437 anathematis
752 2403 792 2436 ab
827 2404 991 2435 uniuersis
1021 2401 1132 2434 christi
1163 2401 1311 2434 lidelihus
1341 2405 1449 2436 arcius
1484 2406 1620 2444 enitari,
1652 2402 1759 2437 donec
1787 2407 1847 2450 ipsi
1877 2407 1990 2450 passis

136 2463 287 2495 iniuriam
324 2461 420 2506 plena
450 2461 684 2497 satisfaccione
714 2467 889 2509 premissa.
926 2474 942 2495 a
980 2461 1074 2495 nobis
1104 2464 1134 2495 in
1171 2461 1274 2495 forma
1305 2462 1448 2497 ecclesie
1476 2463 1596 2497 fuerint
1624 2462 1775 2498 absoluti.
1832 2465 1989 2511 Alioquin

138 2525 333 2566 premissam
356 2525 588 2567 suspensionis
617 2535 734 2568 penam
755 2529 787 2557 et
815 2524 908 2557 aliani
939 2533 1003 2556 non
1024 2521 1188 2566 effugietis
1208 2525 1403 2557 canonicam
1432 2524 1608 2557 ulcionem.
1639 2523 1834 2559 Mandamus
1856 2528 1992 2571 insuper

137 2586 170 2615 ut
199 2581 365 2615 debitores
399 2582 559 2615 dictorum
596 2583 731 2618 fratrum
770 2584 810 2617 ad
848 2583 1041 2618 soluendum
1079 2586 1126 2616 eis
1162 2583 1248 2628 quod
1288 2583 1427 2617 debetur
1467 2586 1654 2618 monicione
1698 2588 1860 2630 premissa
1894 2586 1992 2620 simili
