2184 2828
1111 124 1182 158 682

231 256 294 279 non
328 245 451 278 relictis
486 244 651 288 legittimis
688 243 858 276 masculini
888 254 988 277 sexus
1018 240 1210 281 heredibus„
1251 244 1410 275 moriente
1438 240 1568 275 feudum
1598 242 1637 276 de
1665 244 1715 276 sui
1745 245 1859 275 natura
1891 240 1929 275 ad
1960 243 2060 286 ipsius

230 305 316 338 l'eudi
355 305 536 341 dominum„
576 306 660 337 iusto
696 304 786 337 titulo
828 308 1028 342 reuertatur,
1063 306 1170 335 tamen
1206 306 1240 335 ut
1274 304 1325 335 uia
1361 300 1576 335 dubietatibus
1611 307 1643 336 et
1680 303 1876 348 calumpnijs
1915 301 2059 346 precludi

230 366 349 405 ualeat„
370 366 509 399 consilio
530 366 665 402 saniori,
696 367 962 409 pronunciamus,
992 362 1167 395 dil'linimus
1189 366 1220 395 et
1240 361 1451 407 presentibus
1471 361 1685 401 declaramus,
1717 367 1750 395 ut
1770 365 1919 406 quotiens
1941 361 2061 395 dictum

231 426 365 459 fratrem
395 430 561 461 nostrum,
592 435 688 469 quem
717 423 798 457 deus
826 423 1004 461 custodiat,
1043 426 1097 455 aul
1126 421 1266 456 heredes
1296 434 1373 456 snos
1402 421 1525 466 absque
1553 424 1724 456 masculini
1754 433 1856 456 sexus
1886 422 2063 456 heredibus

231 489 404 530 continget
432 484 608 525 decedere7
639 484 723 530 quod
742 483 989 517 Marchionatus
1014 481 1163 515 Morauie
1190 482 1368 527 predictuS„
1399 481 1438 516 ad
1467 492 1539 524 nOS,
1569 482 1721 523 heredes„
1751 485 1823 516 siue
1842 493 2063 516 successores

231 551 363 580 nostros
392 546 506 589 Reges
535 544 673 578 Boemie
701 549 733 578 et
761 544 907 578 eiusdem
939 543 1045 586 Regni
1074 554 1230 575 coronam
1261 542 1384 587 absque
1419 542 1605 576 diflicultate
1633 543 1734 577 libere
1764 547 1963 580 reuertatun
1993 541 2063 576 Nos

231 612 260 640 et
297 607 372 639 dicti
411 605 550 639 heredes
586 608 657 639 siue
684 616 900 639 successores
929 606 1032 637 nostri
1062 602 1196 636 Boemie
1226 603 1357 646 Regem
1393 603 1443 636 uel
1474 602 1554 636 alter
1581 614 1711 645 eorum,
1748 605 1801 649 qui
1830 613 1889 648 pro
1918 607 2065 648 tempore

233 668 350 704 l'uerit„
381 666 456 699 dicti
487 665 686 699 Marchionis
716 665 892 705 heredum‚
931 669 961 697 et
990 662 1208 709 proheredum
1239 674 1370 697 suorum
1402 663 1498 705 l'ilias3
1534 666 1559 697 si
1593 674 1674 708 quas
1704 668 1778 709 post
1806 674 1843 697 se
1872 663 2065 701 dimiserint„

232 727 270 760 ad
307 731 425 761 statum
455 726 609 760 ordinare
639 726 830 765 decentemq
861 729 892 758 et
921 735 1033 757 earum
1063 723 1213 765 cuilibet3
1253 723 1326 757 dmn
1365 726 1569 758 matrimonio
1598 724 1747 769 copulate
1784 723 1923 765 suerint,
1959 734 1976 756 a
2014 723 2067 756 die

232 792 427 820 consumate
456 787 590 832 copule„
629 786 712 819 infra
745 796 841 819 vnum
871 796 990 818 annum
1021 784 1252 817 decurrentem
1288 787 1462 826 contian
1502 783 1541 817 de
1570 783 1692 817 Decem
1722 783 1852 817 Milibus
1880 782 2066 817 Marcarum

232 850 374 892 Argenti
404 858 596 891 grossorum
620 847 832 890 l'ragensium
864 847 1049 890 pagamenti
1072 844 1220 888 Regalis„
1251 844 1291 877 de
1311 846 1459 889 pecunijs
1480 844 1598 886 Berne7
1627 856 1690 890 que
1714 844 1754 877 ob
1775 843 1913 877 eandem
1933 855 2067 877 causam

233 912 262 942 in
291 907 520 941 Mai-cliionatu
550 906 696 952 predicto
720 908 900 948 ,instaurari
929 905 1071 942 debebit.
1101 909 1134 938 ut
1162 908 1241 938 iuris
1270 909 1322 938 est
1350 909 1381 938 et
1409 904 1586 938 obseruate
1606 904 1857 938 consuetudinis
1885 904 2068 938 tenebimur

233 969 421 1014 prouidere„
451 968 646 1001 Adicieutes
675 966 715 1000 de
736 966 892 1010 singulari
913 976 1050 999 munere
1070 968 1184 1009 gracie
1205 966 1373 1010 specialis,
1402 964 1442 998 ob
1463 965 1548 999 illum
1568 970 1661 1009 grate
1682 967 1880 999 sinceritatis
1901 964 2066 1006 affectum,

232 1042 295 1074 quo
325 1029 505 1075 predictum
536 1027 670 1061 fratrem
700 1031 849 1060 nostrum
879 1026 1129 1071 complectimur
1157 1025 1323 1063 fauorose„
1354 1030 1386 1058 ut
1415 1028 1573 1071 quociens
1594 1036 1653 1058 nos
1674 1025 1815 1059 heredes
1842 1029 1897 1059 aut
1925 1036 2069 1059 succes-

232 1101 326 1123 sores
362 1094 496 1122 nostros
531 1088 645 1131 Reges
678 1087 814 1120 Boemie
849 1098 914 1120 non
953 1087 1077 1120 relictis
1111 1085 1283 1119 Masculini
1320 1097 1423 1120 sexus
1451 1085 1624 1120 heredibus
1659 1087 1698 1119 ab
1733 1086 1795 1119 hac
1824 1086 1896 1119 luce
1926 1088 2070 1130 migrare

231 1153 451 1194 contingeret„
481 1149 633 1191 Regnum
664 1148 798 1181 Boemie
828 1146 987 1192 prefatum
1018 1157 1149 1180 necnon
1178 1157 1294 1180 omnes
1325 1146 1528 1191 Principatus
1557 1150 1589 1180 et
1616 1146 1769 1183 dominia„
1799 1149 1852 1191 qui
1882 1146 1922 1179 ad
1951 1146 2070 1179 dictum

232 1210 384 1254 Regnum
416 1209 552 1243 Boemie
581 1211 770 1242 nominatim
802 1211 980 1253 pertinent„
1011 1208 1206 1241 Comitatum
1235 1206 1561 1251 Lucemlnirgensem
1589 1218 1661 1241 cum
1690 1206 1840 1240 omnibus
1869 1209 1936 1241 suis
1966 1209 2071 1252 perti—

232 1272 360 1313 neneijs
389 1270 428 1303 ad
460 1269 683 1315 supradictum
713 1268 846 1302 fratrem
877 1273 1038 1309 nostrum„
1068 1273 1122 1302 aut
1150 1279 1190 1301 eo
1220 1279 1284 1301 non
1314 1272 1461 1307 extante„
1490 1267 1630 1301 heredes
1659 1270 1731 1302 siue
1760 1266 1963 1312 proheredes
1993 1277 2072 1301 suos

233 1333 397 1375 legitimos
432 1342 538 1363 sexus
577 1329 750 1363 masculini
785 1328 935 1362 Morauie
968 1327 1180 1362 Marchiones
1214 1328 1339 1373 absque
1377 1328 1538 1361 electione
1568 1331 1638 1362 siue
1667 1331 1900 1373 assumpcione
1929 1327 2009 1365 aliaq
2041 1331 2073 1361 et

232 1392 357 1436 absque
386 1391 579 1424 difficultate
609 1390 754 1434 qualibet
783 1390 988 1429 denotantur,
1020 1394 1050 1422 et
1080 1389 1164 1434 quod
1194 1392 1232 1427 is„
1261 1392 1355 1422 cuius
1385 1394 1460 1422 tuuc
1488 1391 1557 1422 iure
1585 1387 1724 1434 prefatm
1754 1393 1786 1422 et
1819 1391 1936 1422 uirtute
1957 1388 2073 1421 decla-

232 1455 375 1486 racionis
396 1452 543 1497 predicte
564 1454 726 1484 interesse
746 1450 921 1487 uidebitur„
948 1453 979 1483 in
1001 1449 1136 1483 Boemie
1156 1449 1284 1493 Regem
1314 1452 1438 1483 assumi
1458 1453 1489 1482 et
1509 1452 1661 1482 coronari
1682 1448 1811 1484 debeat.
1839 1448 2073 1494 impedimento

233 1512 377 1558 quolibet
397 1523 462 1545 non
484 1511 649 1547 obstante*
680 1514 732 1556 qui
754 1511 885 1555 deniqui
905 1513 1037 1547 nasu-is,
1069 1510 1237 1547 heredum„
1268 1509 1498 1555 prohereduun
1527 1511 1597 1542 siue
1618 1520 1851 1542 successorum
1872 1513 2072 1549 nosti-orum,

234 1573 364 1617 Regum
396 1572 532 1605 Boemie
562 1571 708 1613 liliabus,
739 1574 766 1606 si
797 1583 879 1617 quas
909 1571 1130 1605 dimiserimus
1159 1570 1198 1603 de
1228 1573 1423 1614 congruenti
1457 1574 1557 1604 statu.
1593 1569 1771 1602 secundum
1802 1569 1910 1613 Regni
1942 1569 2075 1602 Boemie

233 1633 507 1666 &insuetudinem
537 1632 750 1678 approbatam
782 1632 946 1665 tenebitur
974 1636 1005 1665 et
1034 1631 1167 1665 debebit
1195 1631 1353 1664 decenter
1380 1635 1411 1664 et
1439 1629 1610 1673 magnifice
1639 1630 1824 1675 prouidere.
1868 1629 1985 1674 Neque
2015 1640 2074 1663 nos

234 1693 376 1727 heredes
415 1694 468 1726 uel
506 1703 725 1726 successores
765 1695 869 1726 nostri
906 1692 1042 1726 Boemie
1080 1692 1210 1736 Reges„
1249 1692 1368 1724 dictum
1401 1690 1552 1734 Regnum
1588 1690 1742 1731 Boemie,
1779 1690 1831 1723 uel
1866 1690 2074 1735 supradictus

236 1754 392 1799 Princeps
422 1758 455 1787 et
482 1752 585 1786 frater
605 1758 720 1786 noster
740 1753 791 1786 uel
821 1752 963 1786 heredes
994 1755 1044 1787 sui
1063 1751 1275 1786 Mai-chiones
1294 1750 1454 1786 Morauie.
1483 1749 1744 1783 Marchionatum
1775 1750 1915 1784 eundem
1946 1753 1976 1783 in
2007 1754 2075 1783 toto

236 1815 287 1848 uel
308 1818 339 1848 in
360 1818 471 1860 parte,
492 1817 670 1847 occasione
691 1813 827 1846 tiliarum
850 1817 1035 1847 nostrarum
1055 1812 1229 1858 utrobique
1250 1817 1303 1846 aut
1323 1813 1385 1846 alia
1406 1822 1505 1844 causa
1526 1821 1731 1856 quacumque
1753 1811 1894 1853 donare,
1917 1809 2075 1849 uendere,

235 1875 394 1919 obligareq
416 1879 470 1908 aut
490 1874 637 1907 alienare
658 1873 862 1913 debebimusq
884 1873 992 1918 aliquo
1019 1872 1318 1915 dimembracionis„
1348 1877 1403 1906 aut
1428 1873 1707 1916 sequestracionis
1737 1871 1845 1907 modo.
1875 1882 1938 1916 quo
1959 1870 2076 1915 prefati

237 1935 343 1980 Regni
364 1935 501 1968 Boemie
530 1945 653 1967 corona
684 1938 716 1967 et
735 1934 943 1979 Principatus
973 1945 1012 1967 ac
1042 1933 1198 1973 dommim
1227 1936 1280 1978 qui
1309 1933 1348 1966 ad
1377 1932 1461 1966 idem
1482 1932 1634 1975 Regnum
1655 1931 1791 1964 Boemie
1811 1934 1975 1976 pertinent
1995 1942 2077 1976 spe-

235 1996 362 2029 cialiter
390 1994 572 2029 Comitatus
601 1993 901 2038 Lucemhurgensis
930 2005 1005 2027 cum
1035 1996 1103 2027 suis
1134 1995 1349 2040 pertinencijs
1378 1997 1412 2026 ut
1439 1991 1613 2038 prefertur,
1644 2002 1661 2024 a
1692 1991 1785 2025 dictis
1813 1990 1962 2024 Morauie
1982 1989 2077 2024 Mar-

235 2055 408 2089 chionibus
443 2056 495 2089 uel
532 2054 649 2100 prefati
686 2053 933 2088 Marchionatus
972 2054 1144 2088 deuolucio
1178 2066 1195 2088 a
1230 2053 1346 2097 nobis,
1382 2051 1557 2087 heredibus
1595 2056 1627 2085 et
1664 2051 1919 2085 successorihus
1958 2054 2077 2085 nostris

236 2116 371 2150 Boemie
400 2115 549 2160 Regibus
578 2119 692 2160 posset
720 2118 752 2148 in
782 2115 913 2149 casibus
933 2117 1118 2160 prenotatis
1139 2113 1385 2159 quomodolibet
1411 2114 1588 2154 remoueri,
1618 2111 1770 2145 Ceterum
1792 2112 1958 2157 predictus
1978 2111 2078 2146 Priu-

236 2188 335 2222 ceps„
375 2181 407 2210 et
441 2176 544 2210 frater
580 2179 696 2209 noster
733 2175 870 2209 dilectus
898 2174 1085 2209 huiusmodi
1115 2179 1228 2208 nostre
1266 2177 1380 2219 gracie
1407 2174 1588 2217 largicione
1615 2177 1789 2206 contentus
1817 2171 2078 2206 Marchionatum

239 2236 386 2270 Morauie
407 2237 631 2282 supradictum
651 2247 725 2269 cum
746 2236 843 2280 digna
864 2238 1052 2280 graciarum
1074 2237 1211 2268 accione
1231 2237 1387 2280 suscepit,
1408 2244 1515 2278 neque
1541 2235 1623 2277 ipse„
1644 2232 1798 2274 heredes
1820 2237 1853 2266 et
1872 2231 2077 2278 proheredes

238 2301 284 2330 sui
315 2297 526 2331 Mai-chiones
555 2295 720 2339 Morauie,
755 2308 773 2329 a
807 2301 918 2330 nostra
949 2295 1166 2338 Celsitudme„
1206 2295 1381 2329 heredibus
1418 2298 1472 2328 aut
1504 2293 1754 2327 successoribus
1793 2296 1914 2327 nostris
1944 2292 2079 2326 Boemie

239 2357 399 2401 Regibus,
435 2357 522 2391 aliud
552 2359 717 2403 quitquam
747 2368 805 2402 per
834 2357 1047 2395 diuisionem„
1085 2359 1334 2389 successionem
1372 2353 1411 2388 ab
1439 2356 1610 2393 intestato„
1645 2354 1696 2387 uel
1728 2354 1797 2405 alio
1826 2356 1945 2398 quouis
1974 2353 2077 2393 titulo,

240 2421 309 2450 inre
346 2418 396 2450 uel
425 2417 532 2451 sacto.
570 2421 722 2463 poterunt
750 2428 808 2451 seu
838 2417 1004 2450 debebunt
1032 2420 1183 2461 repetere
1211 2421 1266 2449 aut
1300 2417 1452 2459 exigere‚
1490 2416 1569 2451 nisi,
1605 2414 1688 2459 quod
1725 2417 1806 2460 ipsis
1844 2414 1885 2447 de
1922 2413 2079 2457 singulari

241 2478 356 2510 fauore
390 2482 422 2511 et
459 2482 574 2511 nostre
608 2480 726 2511 mentis
761 2477 969 2523 beneplacito
1004 2476 1185 2510 liberaliter
1219 2476 1409 2510 duxerimus
1444 2474 1660 2517 erogandum.
1717 2475 1938 2508 Renunciauit
1972 2476 2078 2506 eciam

241 2538 346 2570 dictus
375 2536 476 2571 sratei·
504 2543 616 2572 noster
645 2549 702 2583 pro
732 2549 784 2572 se.
821 2543 853 2572 et
889 2538 983 2572 dictis
1014 2536 1190 2570 heredibus
1220 2541 1251 2569 et
1279 2533 1513 2581 proheredibus
1542 2538 1608 2567 suis
1636 2534 1885 2568 Mai-chionibus
1913 2532 2076 2575 Morauie‚

239 2601 326 2630 omni
361 2599 421 2630 iuri
454 2602 485 2630 et
519 2601 749 2641 iurisaccioni‚
784 2602 810 2633 si
846 2599 931 2644 quod
967 2599 1018 2633 uel
1055 2608 1150 2642 quam
1186 2599 1217 2630 in
1247 2596 1365 2640 Regno
1396 2594 1528 2628 Boemie
1563 2599 1617 2628 aut
1645 2597 1766 2628 ceteris
1795 2600 1909 2628 nostre
1937 2593 2076 2627 dicionis
