2184 2828
989 234 1097 270 247.

120 313 232 356 Ia'vniq
259 310 395 344 Jolumu
431 324 493 345 ron
525 311 672 345 Balanea
709 315 824 346 “wisel
859 314 919 345 (las
949 313 1151 357 Hesi-alma!
1185 314 1245 345 det·
1274 315 1389 358 Ayues
1426 328 1486 348 rou
1526 316 1778 350 Blaulseulwim.
1816 320 1969 352 (iemaliu

121 374 178 406 dex
207 375 378 417 jamqeren
415 372 579 406 Heinrich
620 385 681 407 son
714 373 811 418 Lipa,
847 375 878 406 in
917 374 976 407 det·
1010 373 1109 407 Halae
1147 385 1209 406 ron
1243 373 1319 406 300
1352 375 1454 408 Marlt
1491 379 1558 419 aas
1582 377 1693 410 Malu:
1739 378 1875 411 'Fi-ethan
1911 391 1968 412 (ιιι.

417 433 495 466 Dto.
527 435 559 466 ἰιι
588 433 801 478 Epternaco,
832 433 936 468 XIII.
968 435 1113 468 Kalend.
1145 434 1294 479 Auqustl
1323 435 1403 474 (20.
1434 436 1524 476 Juli)
1561 437 1666 470 1327.

272 491 361 546 Nos
394 510 566 545 ,lohannes
601 511 652 545 dei
685 515 798 557 gracia
828 511 966 546 Boemie
1002 517 1033 546 et
1068 512 1203 546 Polonie
1236 512 1309 546 Rex
1351 525 1388 546 ac
1425 514 1724 560 Luceinhurgensis
1755 517 1884 551 Comes.
1915 519 1969 551 Ad

117 575 349 607 vniuersorum
377 574 531 606 noticiam
560 573 713 606 volumus
742 577 858 607 tenore
886 576 1097 619 presencium
1126 576 1314 619 peruenire.
1354 574 1448 616 Quod
1482 579 1555 620 quia
1591 576 1678 610 hona
1713 582 1824 611 nostra
1862 578 1969 612 infra-

115 635 240 679 scripta
268 631 434 675 videlicet,
465 631 605 678 Opidum
632 637 663 666 et
688 632 914 667 Municionem
935 633 1153 678 Towaczaw,
1181 645 1252 668 cum
1282 634 1366 669 villis
1395 634 1581 680 Myrwans.
1605 636 1783 682 (⁷)placzan,
1808 638 1969 684 Wytlicli,

114 692 311 736 Herhoricz,
342 691 486 735 Greliez,
516 693 592 727 villa
622 693 771 728 forense.
801 698 833 727 et
862 693 982 741 wan,
1012 706 1086 728 cum
1116 698 1282 729 vniuersis
1312 699 1381 729 suis
1409 699 1635 741 pertinent-ijs
1662 709 1725 742 que
1749 699 1832 733 lideli
1855 705 1969 734 nostro

116 755 249 798 dilecto,
278 753 435 788 Heinrico
464 753 505 787 de
534 753 627 800 Lypa
656 754 799 796 Juniori,
829 758 861 788 in
891 754 1010 789 Tribus
1038 754 1171 789 Milihus
1200 767 1397 790 marcarum.
1429 768 1622 801 grossorum
1650 759 1861 793 denariorum
1882 760 1970 794 Pra-

115 818 270 861 gensium
297 813 459 848 Morauici
487 817 678 860 pagamenti
708 819 740 849 et
767 818 907 858 numeri,
937 819 1071 850 nomine
1099 815 1207 859 Dotis,
1237 828 1294 851 seu
1325 817 1489 862 Dotalicij,
1520 817 1647 853 Nobilis
1673 821 1805 854 domine
1825 822 1968 865 Agnetis

114 876 155 911 de
183 874 443 910 Blanchenheim
472 874 730 922 Consanquinee
762 880 876 910 nostre
911 876 973 910 sibi
1011 880 1041 910 in
1080 888 1219 911 uxorem
1256 879 1447 923 legittimam
1477 879 1632 925 copulate
1661 885 1692 913 et
1720 881 1847 915 tradite.
1878 887 1969 916 assi—

113 939 302 982 gnauirnus,
331 936 437 982 tytulo
465 939 615 982 pignoris
643 936 857 982 possidenda,
893 942 925 970 et
961 937 1124 980 habenda,
1157 943 1253 984 prout
1288 942 1318 972 in
1353 939 1426 983 alijS
1460 939 1575 974 litteris
1611 944 1747 983 nostris,
1777 942 1853 976 inde
1882 954 1968 977 con—

111 998 210 1034 fectis
246 998 377 1044 plenius
414 1000 614 1040 continetur,
653 997 694 1031 ab
733 997 850 1031 eodem
889 997 1046 1032 Heinrico
1084 998 1124 1031 de
1158 999 1263 1045 Lypa,
1302 999 1405 1034 libere
1442 1001 1649 1035 exsoluimus
1688 1006 1719 1035 et
1756 1003 1966 1038 redemimus.

114 1060 332 1105 integraliter,
361 1063 393 1092 et
419 1061 453 1092 in
487 1062 602 1101 totuin,
633 1057 814 1104 Cupientes
850 1062 949 1104 igitur
985 1059 1144 1105 prefatam
1179 1060 1344 1094 dominam
1378 1062 1546 1105 Agnetem
1582 1061 1778 1096 Consortem
1815 1064 1891 1098 dieti
1928 1065 1968 1098 de

112 1119 219 1167 Lypa,
257 1119 550 1164 Consanguineam
588 1123 735 1154 nostram
772 1119 813 1153 de
850 1120 998 1166 predicta
1037 1131 1094 1155 sua
1132 1120 1231 1164 Dote,
1272 1121 1426 1156 videlicet
1464 1122 1576 1156 Trium
1615 1122 1739 1157 Milium
1780 1136 1966 1159 marcarum

111 1180 254 1215 reddere
283 1184 407 1214 certam
435 1183 566 1226 penitus
596 1184 628 1213 et
656 1191 821 1221 securam,
851 1180 975 1214 Eadem
1003 1181 1080 1215 Tria
1106 1181 1192 1215 Milia
1219 1193 1403 1216 marcarum
1424 1194 1525 1228 super
1550 1182 1723 1218 Ciuitateiu
1748 1184 1966 1220 Tribowiam.

111 1241 362 1283 Morauicalem,
391 1251 465 1275 cuin
494 1240 658 1283 omnibus,
689 1245 722 1274 ct
749 1241 889 1285 singulis
918 1245 986 1275 suis
1014 1241 1148 1276 ¹Iuribus
1182 1247 1215 1276 et
1241 1245 1459 1289 pertinencijS
1495 1244 1642 1289 predicte
1676 1245 1809 1279 domine
1842 1247 1965 1292 Agneti

112 1313 172 1349 pro
200 1302 287 1336 Dote
314 1313 386 1345 sua,
414 1302 644 1347 impendimus,
675 1302 823 1336 dedimus
852 1307 885 1336 et
914 1305 1171 1347 assignauimus.
1202 1308 1230 1337 el
1262 1304 1302 1337 de
1331 1309 1443 1338 nostra
1474 1309 1565 1338 certa
1592 1308 1739 1340 sciencia
1767 1312 1801 1340 et
1820 1306 1965 1342 Consilio

111 1363 285 1410 prelibato,
323 1362 474 1396 duximus
509 1362 740 1409 deputandam,
774 1374 835 1409 per
867 1367 971 1410 ipsam
1007 1364 1169 1398 dominam
1209 1364 1404 1405 habendam,
1442 1366 1630 1409 tenendam,
1664 1366 1900 1411 vtil'ruendam,
1935 1374 1965 1402 et

111 1423 360 1470 possidendam,
388 1424 528 1470 pacifice
557 1427 589 1456 et
617 1426 739 1468 quiete,
769 1423 886 1467 libere,
923 1427 1010 1458 omni
1049 1435 1089 1458 eo
1118 1425 1227 1462 modo,
1256 1426 1338 1459 Jure
1366 1431 1399 1460 et
1427 1427 1545 1469 forma,
1574 1430 1660 1461 sicut
1688 1428 1838 1473 predicta
1866 1430 1963 1473 bonan

112 1484 316 1528 Tobaczaw,
346 1484 454 1518 eidem
482 1483 625 1528 obligata
655 1483 799 1527 fuerunt,
829 1485 961 1528 tamdiu,
992 1495 1163 1531 quousque
1198 1489 1227 1519 in
1257 1486 1385 1532 prefata
1415 1487 1549 1521 Summa
1579 1488 1691 1522 Trium
1720 1488 1843 1523 Milium
1873 1501 1967 1524 mar—

112 1556 237 1589 carum,
267 1545 307 1579 ah
335 1548 406 1592 ipsa
435 1545 557 1579 suerint
585 1545 740 1579 exsoluta
769 1550 800 1579 et
828 1546 1010 1592 redempta,
1043 1545 1243 1581 Ordinantes
1268 1552 1301 1581 et
1321 1551 1455 1582 omnino
1482 1549 1645 1591 volentes,
1674 1554 1707 1583 vt
1727 1550 1813 1584 dicta
1833 1550 1965 1585 domina

110 1610 223 1641 nostra
253 1605 521 1651 Consanguinea.
562 1606 601 1639 de
640 1606 766 1651 prefata
806 1606 941 1639 Summa
982 1606 1093 1640 Trium
1132 1607 1254 1641 Milium
1291 1620 1486 1651 marcarum,
1521 1612 1779 1654 assignatarum,
1816 1611 1878 1645 sibi
1906 1624 1966 1658 per

110 1678 186 1711 nos,
214 1677 316 1712 super
342 1666 498 1712 predictis
529 1667 669 1700 Ciuitate
698 1666 855 1700 Tribouie
885 1673 917 1700 et
946 1670 1161 1713 pertinencijs
1190 1672 1271 1711 suis,
1301 1674 1333 1703 et
1368 1669 1409 1702 de
1437 1673 1518 1716 ipsis
1546 1670 1643 1704 honis
1673 1671 1826 1716 quamdiu
1855 1671 1896 1706 ab
1925 1684 1963 1706 ea

111 1728 265 1763 exsoluta
293 1738 359 1762 non
388 1727 521 1764 suerint,
552 1730 624 1762 siue
659 1739 733 1761 cum
770 1728 934 1761 antedicto
967 1727 1086 1762 Marito
1116 1740 1175 1762 suo
1211 1740 1333 1775 pueros
1372 1735 1404 1764 et
1441 1731 1583 1765 heredes
1618 1731 1780 1775 habuerit,
1816 1733 1870 1767 vel
1898 1744 1963 1767 non

111 1788 273 1832 habuerit,
302 1788 457 1822 ordinare
484 1788 599 1822 facere
627 1793 660 1822 et
688 1788 866 1835 disponere
903 1792 935 1822 in
972 1792 1038 1823 vita
1068 1789 1123 1823 vel
1151 1793 1182 1823 in
1212 1795 1329 1834 morte,
1359 1791 1487 1836 eadem,
1515 1792 1659 1837 legandi,
1690 1792 1844 1835 donandi,
1875 1793 1964 1828 obli—

111 1849 222 1895 gandi,
250 1849 471 1896 permutandi,
499 1852 696 1895 cuicumque
724 1850 779 1883 vel
809 1849 1071 1895 quilmscumque
1099 1850 1254 1893 voluerit,
1284 1851 1387 1885 libere
1414 1857 1447 1886 et
1471 1852 1596 1898 absque
1620 1857 1708 1887 omni
1729 1853 1963 1899 impedimento

111 1911 223 1944 valeat
249 1915 348 1957 atque
374 1913 490 1957 possit,
520 1915 684 1956 tamquam
713 1910 754 1945 de
781 1921 818 1945 re
847 1922 906 1945 sua
940 1913 1085 1956 propria,
1120 1923 1180 1957 pro
1216 1923 1275 1946 sue
1310 1912 1398 1946 libito
1435 1914 1621 1957 voluntatis,
1656 1913 1789 1957 Ratum,
1822 1914 1961 1949 firmum.

111 1975 143 2004 et
170 1975 298 2016 gratum
326 1971 499 2014 habentes,
530 1982 674 2014 exnunc,
704 1975 800 2017 prout
828 1976 966 2013 extunc,
997 1976 1120 2005 extunc
1149 1976 1243 2017 prout
1278 1983 1425 2011 exnunc,
1462 1974 1614 2019 quidquid
1645 1986 1704 2019 per
1731 1975 1884 2008 eandem.
1918 1995 1942 1999 -›

111 2030 391 2076 Consagwineam
420 2037 567 2067 nostram
598 2031 638 2065 de
667 2031 751 2066 dicta
781 2032 878 2075 Dote,
909 2044 981 2068 sua,
1013 2032 1125 2066 Trium
1155 2032 1278 2067 Milium
1314 2045 1512 2078 marcarum,
1542 2038 1573 2069 in
1605 2038 1671 2069 vita
1701 2036 1754 2069 vel
1783 2038 1815 2069 in
1845 2040 1960 2070 morte.

111 2095 219 2126 actum
247 2091 368 2126 factum
395 2091 506 2133 fuerit,
536 2104 594 2126 seu
623 2092 819 2132 ordinatum,
850 2092 1082 2127 promittentes
1111 2104 1171 2139 pro
1200 2093 1306 2137 nobis,
1336 2099 1369 2128 et
1396 2094 1573 2129 heredibus
1603 2098 1737 2131 nostris,
1772 2095 1857 2130 bona
1886 2096 1958 2131 fide.

111 2152 274 2198 prefatam
302 2157 447 2188 nostram
477 2154 780 2200 Consanguineam,
816 2157 846 2187 in
883 2153 1040 2199 predictis
1073 2153 1183 2197 bonis,
1217 2166 1276 2189 seu
1306 2154 1390 2189 Dote
1425 2167 1495 2199 sua,
1526 2156 1566 2189 ab
1595 2156 1740 2201 Iniurijs„
1769 2157 1958 2202 violencijS.

110 2212 376 2259 grauaminibus,
413 2225 473 2249 seu
509 2216 687 2260 molestijs,
726 2213 986 2260 quibuscumque
1023 2225 1082 2249 seu
1121 2226 1401 2262 quorumcumque
1442 2221 1674 2259 manutenere,
1713 2221 1890 2262 protegere
1927 2223 1959 2252 et

110 2273 337 2308 fauorabiliter
364 2285 581 2319 conseruare,
610 2275 647 2309 In
677 2278 770 2310 cuius
798 2278 844 2308 rei
874 2278 1108 2310 testiinonium.
1139 2280 1315 2321 presentes
1344 2278 1479 2321 litteras,
1508 2277 1621 2319 scribi,
1650 2282 1684 2311 et
1708 2278 1824 2322 Sigillo
1844 2284 1958 2313 nostro

110 2337 242 2373 maiori„
280 2337 435 2369 iussimus
471 2339 677 2371 communiri.
719 2335 858 2381 Datum,
895 2339 926 2369 in
963 2335 1171 2381 Epternaco.
1207 2337 1308 2371 Anno
1346 2338 1467 2373 domini
1504 2338 1666 2372 lllilesimo
1704 2338 1957 2374 Trecentesimo

110 2398 272 2430 vicesimo
301 2394 449 2439 Septimo
476 2396 674 2431 Tredecima
707 2396 846 2431 Kalend.
879 2396 1030 2440 Augusti.

419 2474 504 2504 (Nacti
529 2477 604 2502 einer
628 2476 766 2503 Absehrist
797 2477 828 2501 im
861 2476 885 2501 k.
921 2476 1008 2502 btthw.
1036 2476 1154 2502 mimum
1184 2485 1213 2502 zu
1241 2478 1307 2510 t'ragz
1337 2486 1383 2504 aus
1416 2479 1474 2504 dem
1500 2478 1574 2511 Orig.
1605 2478 1654 2504 des
1678 2479 1703 2505 k.
1730 2479 1755 2505 k.
1782 2480 1956 2505 Hosarchiws

521 2529 543 2553 in
570 2529 675 2563 wien.)
