2184 2828
1037 110 1106 144 781

143 233 330 265 moratione
351 228 504 263 Omnium
535 228 734 262 Sanctorum
765 231 797 262 in
825 227 1060 263 festiuitatibus
1080 227 1318 273 Apostolorum
1348 227 1435 261 Petri
1466 233 1499 262 et
1518 228 1609 262 Pauli
1640 233 1671 262 et
1699 232 1842 263 omnium
1864 230 2003 264 aliorum

144 290 384 338 Apostolorum
413 301 451 323 ae
480 292 512 323 in
541 288 775 323 sestiuitatibus
804 289 984 323 Beatorum
1022 287 1195 322 Michaelis
1231 287 1451 333 Archangeli„
1492 288 1643 335 Georgii,
1672 289 1858 334 Adalborli‚
1889 291 2004 325 Wen—

143 352 259 398 ceslai,
288 350 457 394 Stanislai,
486 349 652 384 Dominici
682 355 714 383 et
734 350 820 384 Petri
850 349 1020 383 Martirum
1050 349 1294 394 Beatarumque
1322 348 1504 393 Margarile
1533 349 1690 384 Catarine
1718 351 1860 396 Aduigis
1889 352 2005 385 Ludo-

143 412 230 446 mille
257 410 422 458 Elyzabet
451 415 483 444 et
511 409 618 444 Marie
637 410 837 456 Magdalene
867 415 899 444 et
927 422 987 457 per
1015 413 1159 456 ipsarum
1189 408 1404 443 festiuitatum
1426 409 1571 445 Octauas
1601 422 1702 446 causa
1724 411 1910 446 deuotionis
1939 425 2003 446 ac-

142 476 306 507 cesserint
334 476 366 506 et
393 482 510 506 manus
539 483 599 517 pro
620 471 886 517 reparationibus
915 470 1215 514 emendationibus,
1237 473 1421 514 structuris,
1443 471 1671 516 luminaribus,
1698 472 1868 516 calicibus3
1898 485 2005 508 orna-

141 536 273 577 mentis,
303 532 394 567 libris
423 535 594 578 campanis
624 532 676 566 uel
717 532 790 576 alijs
824 531 1088 577 quibuscumque
1123 531 1209 565 dicte
1242 531 1399 566 Ecclesie
1426 534 1629 577 neeessariJ's
1658 536 1873 580 porrexerint
1901 535 2003 569 adiu-

142 597 255 638 trices‚
285 593 338 628 uel
366 595 419 639 qui
449 595 481 626 in
516 592 603 627 bona
632 596 683 627 sui
717 596 868 639 eorporis
902 596 1044 627 sanitate
1083 603 1142 627 seu
1177 595 1276 626 etiam
1315 595 1347 626 in
1383 596 1542 627 extremis
1575 594 1768 628 laborantes
1804 598 2004 641 quicumque

140 655 331 690 facultatum
359 665 492 689 suarum
521 653 705 698 legauerint
735 656 887 688 miserint
915 665 973 687 seu
1004 657 1132 687 mittere
1161 656 1416 698 procurauerint
1444 653 1541 687 modo
1570 655 1657 688 licito
1686 655 1841 690 Ecclesie
1879 668 2003 703 supra-

140 716 230 750 dicte
257 715 299 749 de
326 717 561 761 omnipotentis
589 714 643 748 dei
670 715 898 749 misericordia
928 720 960 749 et
1000 715 1171 749 beatorum
1201 713 1290 751 Petri
1318 719 1351 748 et
1385 714 1477 748 Pauli
1507 714 1747 761 Apostolorum
1776 719 1850 751 eius
1879 722 2003 751 aueto-

140 780 236 811 ritate
277 776 394 811 conlisi
428 776 550 820 singuli
587 781 737 810 nostrum
779 776 919 821 singulis
961 776 1188 821 Quadraginta
1229 775 1356 810 dierum
1397 775 1624 820 indulgentias
1667 778 1929 812 misericorditer
1969 781 2001 812 in

140 838 273 872 domino
315 838 520 871 relaxamus.
560 837 745 871 Dummodo
776 837 958 871 Dioeesani
999 837 1152 871 uoluntas
1180 836 1221 870 ad
1249 836 1280 870 id
1310 839 1493 871 accesserit
1521 841 1555 871 et
1582 848 1782 872 consensus.
1840 838 1876 872 In
1906 841 2001 873 cuius

139 901 189 932 rei
217 900 438 933 testimonium
468 902 582 932 nostra
611 898 718 943 sigilla
756 901 911 932 iussimus
946 901 1079 944 apponi.
1135 898 1255 932 Datum
1286 897 1393 931 Rome
1430 898 1532 931 Anno
1562 898 1683 932 domini
1718 899 1895 934 Millesimo
1931 899 2003 933 00⁰

138 958 367 1004 Nonagesimo
397 958 494 1004 (sic),
524 957 643 992 Mense
673 959 797 1004 Aprilis
829 959 1042 992 Pontilieatus
1073 959 1194 993 domini
1223 958 1386 992 Bonisaeii
1415 970 1501 1005 pape
1530 958 1608 993 VIII
1637 959 1738 993 Anno
1768 963 1892 1006 quinto.

450 1038 518 1070 (Das
542 1039 615 1071 (Ji-ig.
642 1038 688 1063 aul*
710 1038 879 1071 Pergameni,
904 1038 1001 1064 dessen
1028 1038 1122 1069 Sigille
1146 1037 1294 1064 saimntlicli
1318 1038 1466 1073 tentemini
1491 1039 1608 1064 Ari-iiive
1634 1038 1682 1064 der
1705 1038 1827 1065 Jesuiteu
1854 1048 1883 1065 zu
1910 1040 1999 1065 Brumi

554 1090 598 1116 Nr.
625 1090 664 1115 -10
689 1090 737 1116 litt.
763 1090 793 1116 E.
818 1092 851 1116 im
876 1099 909 1118 m.
935 1094 968 1117 st.
994 1090 1236 1121 Landosarcliive.)

1026 1211 1127 1246 154.

284 1261 425 1326 Konig
456 1280 601 1314 Weuzcl
637 1292 704 1315 von
742 1280 911 1316 Biibmen.
950 1280 1088 1325 Herzog
1124 1292 1190 1315 von
1226 1281 1361 1315 Krakau
1401 1281 1465 1315 und
1496 1281 1694 1323 Sandomir7
1723 1282 1905 1327 Markgral'
1928 1295 1997 1317 von

138 1340 298 1384 Ma'hreu⁷
327 1346 484 1386 gestattet
521 1341 584 1375 den
615 1341 768 1386 Burgern
797 1353 864 1375 von
895 1341 1103 1385 Leitmeritz‚
1134 1341 1210 1376 dass
1239 1345 1288 1376 sie
1315 1354 1378 1376 nur
1415 1354 1482 1376 von
1512 1343 1575 1376 den
1606 1342 1775 1386 macheu,
1806 1343 1858 1377 dic
1887 1347 1936 1377 sie
1965 1347 1997 1378 in

138 1401 198 1435 der
218 1401 314 1436 Stadt
342 1402 505 1445 besitzem
537 1402 601 1436 und
631 1402 720 1436 nicht
749 1414 816 1436 von
845 1403 911 1436 den·
937 1402 1059 1436 darauf
1083 1402 1242 1436 erbauten
1268 1403 1350 1436 oder
1378 1415 1418 1437 zu
1448 1403 1664 1437 erbauendeu
1695 1403 1849 1438 Iliiusern
1871 1404 1994 1438 Steuer

138 1474 177 1496 zu
207 1462 325 1496 zalilen
355 1462 473 1497 haben.
531 1463 585 1497 Dt.
617 1463 750 1497 Brunae
779 1474 838 1509 per
866 1474 984 1497 manus
1014 1463 1114 1506 Petri7
1144 1463 1341 1498 Basiliensis
1371 1467 1534 1511 episcopi,
1564 1464 1855 1511 Wysebradensis
1885 1477 1992 1511 prae—

136 1527 245 1569 positi,
274 1526 437 1570 regnique
466 1523 648 1574 Boliemiae
677 1524 880 1567 cancellarii„
910 1523 1000 1557 VIII.
1032 1523 1109 1558 Idus
1138 1523 1247 1558 Martii
1277 1524 1330 1570 (8.
1359 1524 1470 1571 Miirz)
1502 1525 1613 1560 1300.

446 1603 514 1635 (Das
548 1603 622 1637 Orig.
664 1605 696 1629 im
733 1603 851 1629 Archive
883 1603 931 1628 der
960 1603 1037 1629 Sladt
1067 1603 1228 1630 Leitmeritz.
1275 1603 1341 1630 Eine
1371 1604 1510 1630 Abscliril't
1534 1605 1567 1631 im
1605 1605 1630 1631 k.
1669 1606 1845 1631 bobmisclien
1877 1606 1997 1632 Museum

550 1664 581 1681 zu
606 1656 699 1688 Prag.)

1022 1768 1123 1803 155.

279 1817 367 1872 Die
402 1840 435 1872 in
468 1837 542 1872 dem
581 1837 623 1872 V.
654 1837 770 1871 Bande
810 1837 869 1872 des
908 1837 988 1871 Cod.
1028 1837 1161 1883 diplom.
1200 1849 1232 1883 p.
1273 1837 1343 1873 171
1389 1850 1422 1874 11.
1458 1838 1605 1874 CLXIV.
1637 1851 1715 1875 vom
1745 1839 1848 1874 Jabre
1881 1839 1994 1883 1304,

135 1898 169 1931 5.
198 1897 306 1944 April,
335 1897 563 1944 abgedruckte
585 1898 743 1933 Urkunde
772 1902 813 1933 ist
841 1898 1001 1943 richtiger
1030 1901 1061 1932 in
1091 1898 1150 1933 das
1169 1897 1252 1932 Jahr
1281 1898 1381 1933 1300
1409 1912 1450 1935 zu
1479 1906 1617 1944 setzen3
1647 1901 1732 1934 demi
1763 1901 1822 1934 das
1851 1901 1994 1946 riclitige

136 1958 255 1993 Datum
293 1959 471 1995 derselben
508 1960 611 1994 lautet
638 1959 724 1994 nach
754 1960 828 1994 dem
858 1959 952 2004 Orig.
992 1962 1033 1992 im
1062 1959 1214 1993 Areliive
1253 1959 1313 1993 der
1347 1960 1718 1996 Benedictiner-Abtei
1755 1973 1794 1995 zu
1824 1962 1992 2006 Raigern:

134 2019 256 2053 Actum
293 2025 327 2054 et
364 2020 475 2055 datum
516 2032 604 2055 aimo
644 2020 768 2055 domini
803 2019 980 2055 Millesimo
1016 2019 1108 2054 CCC.
1145 2019 1208 2054 IIII
1246 2032 1351 2055 nonas
1387 2022 1513 2068 Aprilis
1558 2026 1589 2057 in
1626 2022 1816 2057 Brunncnsi
1853 2022 1995 2056 Ciuitate

135 2079 311 2115 antedicta.

1018 2211 1120 2246 156.

131 2287 251 2321 Bruno
279 2298 344 2321 con
364 2287 786 2333 Dra2020i0(D1-eswiiz‚)
817 2289 992 2324 eermacltl
1020 2291 1137 2323 semen
1166 2290 1244 2333 Hos
1258 2289 1485 2336 „Schonlcost‘
1514 2293 1587 2326 dem
1617 2292 1760 2326 li'loseer
1790 2291 1991 2327 Weleluad,

448 2348 507 2383 Dt.
536 2352 570 2384 in
604 2351 802 2394 Welelerad,
833 2353 866 2384 ίιι
895 2351 949 2384 ilie
979 2350 1017 2384 S.
1049 2351 1233 2384 Francis-ea·
1262 2351 1317 2392 (sl.
1351 2352 1521 2396 october)
1556 2352 1666 2386 1300.

287 2407 382 2471 ligo
416 2426 529 2461 Bruno
568 2428 674 2464 dictus
709 2429 751 2463 de
780 2429 951 2463 Dreswitz
989 2440 1052 2463 una
1091 2441 1165 2464 cum
1195 2429 1379 2464 conthorali
1413 2442 1487 2465 mea
1518 2430 1708 2477 Voyslaba⁷
1739 2434 1802 2465 mei
1827 2433 1929 2476 juris,
1959 2437 1992 2465 et

129 2498 240 2522 rerum
270 2499 418 2522 mearum
457 2487 595 2522 liberam
631 2489 759 2525 hahens
788 2490 1126 2533 administrationem,
1159 2490 1397 2534 considerans,
1427 2491 1513 2538 quod
1538 2493 1637 2536 juxta
1667 2502 1786 2526 vocem
1816 2495 1991 2538 sapientis,

127 2547 291 2582 bonorum
321 2560 459 2594 operum
488 2549 655 2593 gloriosus
692 2554 733 2585 sit
761 2551 905 2593 fructus,
943 2550 1181 2585 accedentibus
1211 2554 1316 2593 votis,
1351 2556 1383 2585 et
1411 2564 1554 2586 assensu
1584 2555 1752 2595 omnium,
1788 2564 1926 2599 quorum
1957 2555 1989 2586 in

126 2609 282 2653 legitimis
311 2609 548 2644 donationibus
583 2614 706 2657 requiri
742 2612 841 2646 debet
870 2622 1077 2655 consensus,
1112 2615 1165 2658 pia
1194 2612 1376 2647 devotione
1405 2613 1542 2656 ductus⁷
1571 2615 1696 2647 curiam
1726 2625 1833 2647 meam
1863 2613 1987 2647 dictam

1779 2675 1818 2700 oo
