2184 2828
1003 110 1076 145 499

120 233 234 265 sticam
276 228 498 276 appellatione
538 230 719 274 postposita
759 231 927 273 cogeretis
962 230 1093 262 veritati
1130 230 1354 261 testimonium
1389 227 1578 273 perbibere.
1635 226 1709 261 Non
1745 227 1898 262 obstante
1935 231 1962 263 si

121 290 283 336 aliquibus
318 291 536 323 communiter
571 289 625 323 vel
661 289 790 322 divisim
826 299 844 322 a
880 288 961 322 sede
995 288 1143 335 predicta
1178 292 1269 322 esset
1297 287 1473 329 indultum,
1510 287 1596 334 quod
1625 288 1775 322 interdici
1804 289 1961 335 suspendi

121 351 176 385 vel
204 351 487 384 excommunicari
515 360 581 383 non
610 354 748 394 possent
775 360 834 395 per
861 350 988 383 litteras
1023 349 1224 395 apostolicas
1253 359 1319 382 non
1353 347 1515 383 facientes
1545 349 1675 394 plenam
1704 353 1737 382 et
1765 359 1961 394 expressam

121 422 161 445 ac
190 410 231 444 de
259 409 365 444 verbo
395 410 434 443 ad
463 409 603 444 verbum
633 409 673 443 de
702 410 825 443 indulto
854 409 1042 444 huiusmodi
1071 411 1292 451 mentionem„
1322 413 1421 454 prout
1448 411 1480 442 in
1509 410 1665 454 predictis
1694 412 1818 443 nostris
1848 410 1963 443 litteris

120 472 246 517 plenius
274 474 473 505 continetur.
504 470 627 504 Verum
658 473 733 515 quia
762 473 847 504 sicut
867 481 973 516 nuper
993 471 1205 516 displicenter
1224 472 1427 515 accepimus,
1457 469 1574 514 prefati
1596 469 1711 504 Abbas
1740 470 1817 504 dicti
1838 469 1962 503 Mona-

119 533 211 566 sterii
239 533 270 565 in
290 530 357 564 Zar
382 535 414 564 et
434 531 590 565 Decanus
619 531 702 564 adeo
731 535 870 564 extunc
891 542 934 564 ex
954 534 1055 565 certis
1083 534 1193 564 causis
1222 534 1254 563 et
1282 530 1527 575 impedimentis
1557 531 1719 576 prepediti
1748 534 1781 564 et
1809 534 1963 576 occupati

117 590 249 625 fuerunt
278 595 309 624 et
328 590 435 625 adhuc
455 594 615 631 existunt„
646 591 731 635 quod
752 591 972 637 predictorum
993 593 1183 625 executioni
1205 601 1270 624 non
1291 595 1467 636 potuerunt
1487 591 1660 624 intendere
1681 601 1789 637 neque
1809 595 1961 636 possunt.

118 650 189 686 Nos
218 651 480 686 desiderabiliter
517 652 713 685 affectantes
750 656 781 685 ut
811 663 874 697 que
903 663 961 698 per
990 663 1050 685 nos
1080 651 1120 685 ad
1149 651 1251 685 divini
1287 653 1429 684 nominis
1457 651 1586 684 laudem
1615 656 1647 684 et
1674 652 1832 695 gloriam,
1863 651 1963 685 exal-

116 715 273 746 tationem
301 712 389 755 fidei,
420 712 521 746 divini
552 713 659 746 cultus
688 717 901 757 augmentum
928 717 960 746 et
980 715 1162 746 animarum
1182 711 1367 758 profectum
1388 710 1565 745 salubriter
1594 716 1670 745 sunt
1690 715 1819 758 incepta
1842 711 1962 746 effectu

117 772 241 807 salubri
271 777 303 806 et
330 774 431 806 celeri
460 773 700 818 compleantur,
730 778 761 806 et
790 777 962 818 sperantes
991 772 1125 807 indubie
1145 772 1231 818 quod
1260 772 1312 806 illa
1333 783 1397 818 que
1418 772 1514 806 vobis
1535 775 1769 806 committimus
1790 771 1964 806 studebitis

116 833 234 868 effectu
271 833 402 868 solicite
435 834 700 879 promptitudinis
734 838 767 867 et
801 833 987 867 devotionis
1024 836 1146 878 exequi
1184 833 1325 867 fideliter
1358 837 1392 866 ut
1420 832 1601 878 prudenter
1629 832 1821 866 discretioni
1849 837 1964 867 vestre

116 906 176 940 per
209 894 391 941 apostolica
427 897 548 940 scripta
586 897 817 928 committimus
854 899 887 927 et
924 894 1116 928 mandamus
1150 893 1247 928 vobis
1283 893 1516 927 nichilominus
1553 896 1583 927 in
1622 896 1745 927 virtute
1773 892 1964 927 obedientie

117 955 295 989 districtius
316 957 526 999 iniungentes
547 958 702 1001 quatinus
722 966 785 988 vos
806 955 858 989 vel
888 954 951 988 duo
972 960 1118 989 vestrum
1140 954 1179 988 ad
1200 958 1311 1000 partes
1340 955 1412 988 illas
1441 954 1568 988 sublato
1598 954 1763 988 dilationis
1793 953 1964 987 obstaculo

116 1017 336 1062 personaliter
372 1015 573 1050 accedentes
610 1018 804 1049 auctoritate
842 1020 953 1049 nostra
990 1018 1118 1049 vocatis
1152 1015 1418 1061 Arcbiepiscopo
1458 1019 1489 1048 et
1524 1014 1700 1060 Episcopis
1739 1026 1778 1048 ac
1814 1013 1964 1060 Capitulo

118 1076 317 1122 supradictis
352 1081 385 1110 et
419 1076 491 1110 aliis
526 1078 579 1122 qui
614 1076 736 1110 fuerint
770 1076 933 1110 evocandi
970 1087 1071 1122 super
1105 1079 1305 1109 executione
1334 1079 1563 1109 contentorum
1601 1078 1632 1109 in
1662 1075 1820 1121 predictis
1849 1076 1965 1109 litteris

117 1136 174 1170 tibi
202 1136 332 1183 prefate
360 1137 476 1171 Abbas
506 1137 582 1170 dicti
611 1136 808 1171 Monasterii
838 1137 1063 1171 Breunovien.
1094 1141 1125 1170 et
1144 1135 1265 1171 Abbati
1295 1136 1371 1170 dicti
1392 1135 1586 1170 Monasterii
1616 1139 1647 1169 in
1673 1135 1740 1169 Zar
1768 1147 1806 1170 ac
1826 1135 1965 1170 Decano

117 1197 256 1243 prefatis
292 1202 325 1232 ut
358 1197 524 1244 prefertur
557 1197 691 1231 directis
732 1197 964 1231 nichilominus
1006 1200 1140 1231 omnino
1169 1197 1209 1231 de
1251 1196 1527 1241 contingentibus
1558 1199 1779 1242 pretermisso
1809 1196 1966 1230 celeriter

116 1257 255 1292 fideliter
282 1262 314 1292 et
342 1258 470 1292 solicite
490 1257 679 1304 procedatis
707 1261 796 1292 iuxta
819 1259 997 1291 litterarum
1019 1258 1156 1292 formam
1184 1262 1216 1291 et
1235 1261 1473 1292 continentiam
1495 1257 1697 1291 earumdem.
1728 1257 1842 1291 Talem
1864 1268 1964 1302 super

116 1321 289 1364 premissis
324 1318 565 1353 solicitudinem
601 1321 782 1364 impensuri
818 1319 903 1363 quod
940 1318 1024 1352 infra
1061 1321 1246 1364 proximum
1284 1321 1414 1352 instans
1449 1317 1569 1351 festum
1614 1320 1796 1351 nativitatis
1832 1317 1963 1351 Domini

115 1383 225 1413 omnia
254 1383 287 1414 et
314 1380 457 1424 singula,
486 1390 551 1424 que
579 1390 680 1425 super
709 1382 878 1425 premissis
908 1383 1020 1413 vestre
1049 1382 1229 1413 ministerio
1258 1379 1431 1425 pervigilis
1469 1378 1690 1413 solicitudinis
1727 1382 1805 1413 sunt
1833 1378 1963 1422 agenda

115 1440 234 1474 ell'ectu
262 1440 360 1486 pleno
388 1444 421 1474 et
439 1439 593 1474 laudabili
615 1443 680 1474 sint
699 1440 874 1486 completa.
904 1439 1024 1473 Datum
1046 1439 1216 1474 Avinione
1235 1439 1264 1474 11
1284 1439 1452 1474 Kalendas
1473 1439 1681 1485 Septembris
1708 1440 1808 1473 Anno
1830 1439 1961 1480 Quinto.

423 1519 509 1551 (Narli
534 1519 592 1544 (lem
619 1518 693 1552 orig.
720 1519 835 1549 Regesie
861 1518 963 1544 Pabst's
995 1518 1119 1544 Clemens
1144 1518 1188 1544 Vl.
1221 1518 1245 1544 J.
1270 1519 1303 1544 V.
1329 1518 1356 1544 Β.
1384 1519 1414 1544 ll.
1446 1519 1492 1545 Tli.
1518 1518 1549 1545 11,
1576 1518 1617 1544 nr.
1644 1518 1682 1543 99
1709 1519 1735 1544 S.
1762 1517 1800 1544 82
1825 1519 1858 1543 im
1883 1517 1963 1543 Vati-

526 1571 669 1596 canisclien
696 1571 811 1596 Ari-inve
836 1579 865 1596 zu
891 1570 966 1596 110111.
992 1571 1087 1596 Vidini.
1115 1570 1252 1597 Abschril't
1275 1571 1308 1596 im
1333 1571 1415 1597 ni'alir.
1441 1571 1529 1597 stand.
1555 1570 1780 1597 Laiidcsarcliive.
1808 1570 1852 1596 Bet
1872 1570 1962 1596 Balbin

527 1623 671 1649 t'elilerliast
695 1623 886 1657 abgedruvtu.)

984 1751 1092 1787 675.

115 1828 223 1864 Pabst
260 1829 415 1864 Clemens
449 1829 503 1865 VI.
540 1829 738 1874 beauftraqt
766 1830 828 1863 dete
858 1829 1006 1873 Be'sclcof
1026 1840 1091 1862 von
1122 1829 1258 1872 Camiri,
1294 1830 1357 1863 den
1386 1828 1511 1863 Probst
1547 1840 1608 1863 ron
1641 1828 1772 1862 Olmlitz
1801 1828 1867 1860 mad
1893 1828 1958 1860 deu

117 1889 274 1924 Deckant
301 1891 363 1925 der
389 1890 421 1924 Ιι.
452 1891 687 1925 Ι(1·ειι;Ιι·ἱ1ὀΙιε
715 1893 747 1924 iu
778 1890 937 1929 Breslsm,
967 1890 1030 1923 (len
1058 1890 1209 1934 Bisaltas
1228 1902 1293 1924 von
1322 1889 1436 1923 Leibelc
1463 1901 1525 1924 1⁴01·
1553 1891 1614 1923 (len
1638 1890 1816 1933 Alufflvsl'en
1846 1890 1962 1921 seium·

217 1951 345 1985 Fez’nde
372 1963 415 1985 za
442 1951 615 1985 sclce'ltzen.
654 1951 712 1985 Dt.
744 1951 911 1984 Ace'm'one
949 1950 1022 1985 Vll.
1051 1950 1131 1984 Idus
1159 1950 1370 1995 Septembris
1402 1950 1458 1993 (7.
1489 1950 1713 1995 September)
1747 1949 1857 1982 1346.

271 2026 447 2081 Clemens
477 2046 663 2093 Episcopus
693 2046 823 2080 Servus
852 2046 1034 2079 Servorum
1065 2045 1126 2078 Dei
1155 2044 1348 2079 Venerabili
1378 2046 1486 2079 fratri.
1508 2045 1694 2091 ,Episcopo
1716 2044 1899 2079 Caminen..
1929 2048 1962 2077 et

119 2104 257 2139 Dilectis
291 2106 381 2141 siliis.
399 2135 406 2140 .
425 2107 598 2153 Proposito
635 2108 850 2141 (llomueen..
887 2118 943 2140 ac.
963 2134 969 2140 .
988 2106 1125 2139 Decano
1160 2111 1277 2140 sancte
1306 2106 1422 2141 Crucis
1451 2106 1707 2140 WVratislavien.
1739 2104 1960 2137 ecclesiarum

120 2165 266 2199 Salutem
293 2170 326 2200 et
352 2167 579 2213 Apostolicam
610 2168 893 2202 Benedictionem.

273 2225 327 2259 Ad
356 2226 418 2261 hoc
445 2239 506 2262 nos
535 2228 627 2262 Deus
657 2229 788 2275 pretulit
816 2231 847 2262 in
877 2227 1029 2261 familiam
1060 2226 1176 2260 domus
1205 2237 1284 2269 sue,
1313 2231 1346 2260 ut
1373 2232 1558 2273 opportuna
1589 2225 1728 2270 singulis
1756 2227 1959 2270 provisionis

121 2286 242 2319 auxilia
272 2285 376 2320 fidelis
404 2291 571 2323 servitutis
599 2292 744 2323 iniuncte
774 2289 946 2335 prudentia
975 2298 1034 2333 pro
1064 2292 1213 2332 tempore
1234 2287 1475 2332 dispensantes,
1505 2298 1619 2321 eorum
1641 2288 1813 2331 presertim
1834 2296 1961 2319 ncces—

120 2346 270 2381 sitatibus
299 2347 505 2383 intendamus
533 2354 566 2383 et
599 2361 815 2383 occurramus
850 2348 1051 2394 dispendiis,
1087 2350 1242 2393 ipsosque
1277 2347 1318 2380 ab
1353 2347 1627 2393 oppressionibus
1662 2346 1871 2387 relevemus„
1907 2349 1959 2390 qui

119 2409 277 2453 assumpti
307 2409 337 2440 111
368 2412 490 2452 partem
519 2410 736 2444 solicitudinis
757 2413 894 2456 potioris
924 2413 999 2443 sunt
1018 2408 1189 2451 dignitatis
1219 2408 1299 2441 tituli
1321 2411 1480 2453 insigniti.
1512 2408 1602 2441 Sane
1624 2406 1831 2441 venerabilis
1852 2406 1961 2440 fratris

119 2470 239 2501 nostri.
258 2467 432 2513 ,Episcopi
462 2467 628 2504 Lubucen.
658 2474 901 2516 conquestione
930 2472 1158 2515 percepimus,
1194 2468 1279 2513 qnod
1310 2470 1456 2503 nonnulli
1493 2467 1767 2513 Arcliicpiscopiq
1804 2467 1959 2513 Episcopi

120 2529 239 2572 aliique
277 2528 494 2561 ecclesiarum
529 2530 642 2574 prelati
679 2536 711 2564 et
739 2531 868 2573 clerici,
909 2541 947 2563 ac
983 2530 1214 2563 ecclesiastice
1254 2540 1396 2574 persone
1433 2534 1495 2563 tani
1537 2528 1695 2573 religiose
1730 2539 1826 2573 quam
1863 2530 1959 2561 ctiam

120 2588 300 2622 seculares.
332 2599 479 2622 necnon
500 2588 622 2632 Duces,
643 2590 866 2634 Mai-clitones,
889 2592 1048 2630 Comites,
1080 2590 1242 2631 Barones7
1274 2589 1413 2632 nobiles,
1445 2589 1575 2631 milites,
1606 2593 1638 2623 et
1658 2589 1742 2629 111101ἢ
1773 2591 1959 2621 communia

1758 2648 1815 2677 ‹5:3ss
