2184 2828
1005 105 1078 141 935

113 228 201 261 dicto
229 225 284 260 Fr.
315 236 376 271 per
403 228 533 270 tempus
562 223 690 270 prefate
718 223 884 258 discordie
913 223 1116 258 adheserunt
1145 223 1386 258 animadvertat
1415 229 1447 259 et
1475 224 1662 269 castigandi
1688 235 1748 260 eos
1775 229 1886 271 utpote
1907 223 1969 259 sibi

116 287 266 323 subditos
293 285 415 320 habeat
443 284 579 319 liberam
610 284 800 320 facultatem
829 289 860 319 et
890 288 917 319 si
946 285 1056 331 aliqua
1084 284 1170 319 infra
1198 289 1328 331 tempus
1356 288 1450 331 pacis
1479 290 1513 320 et
1541 285 1722 320 concordie
1743 289 1821 320 inite
1839 289 1872 320 in
1891 285 1972 320 Μο-

115 353 207 384 ravia
236 350 322 382 inter
348 350 455 393 ipsum
483 352 515 381 et
543 347 710 381 dominum
741 346 932 381 fridericum
962 351 995 380 et
1029 351 1158 393 tempus
1190 347 1473 393 promulgacionis
1503 349 1672 393 presentis
1702 346 1826 381 arbitrii
1855 358 1972 381 emer-

113 413 229 452 serint,
268 420 332 456 que
367 408 540 443 decisione
576 420 636 443 seu
672 408 938 454 conplanacione
976 407 1153 442 videantur
1193 418 1296 452 egere
1335 411 1407 453 ipsa
1440 419 1502 453 per
1535 407 1734 452 Gregorium
1771 407 1970 443 Camensem

112 471 360 506 Moraviensem
389 474 420 503 et
454 469 494 504 H.
525 469 751 504 Camerarium
780 469 947 504 dominum
982 469 1109 504 iudices
1144 472 1176 503 in
1213 472 1354 502 tractatu
1387 468 1517 514 prefate
1553 469 1734 503 concordie
1769 474 1900 504 notatos
1937 476 1969 505 et

113 535 302 567 nominatos
330 530 533 577 complanari
563 530 706 565 debeant
734 535 765 565 et
795 530 915 573 decidi,
944 530 1017 564 Hec
1051 533 1154 576 igitur
1185 532 1295 564 omnia
1325 540 1385 563 nos
1415 541 1458 564 ex
1488 532 1606 575 vigore
1635 529 1710 563 dicti
1739 535 1971 576 compromissi

112 599 144 629 in
174 604 235 628 nos
264 593 339 627 facti
368 593 612 627 sentenciando
647 598 680 627 et
718 592 908 627 arbitrando
942 592 1003 627 sub
1036 603 1123 639 pena
1158 594 1191 625 in
1226 594 1300 638 ipso
1334 594 1576 637 compromisso
1612 595 1755 625 centena
1795 593 1886 635 (sic)
1928 592 1969 627 ab

114 659 254 701 utraque
281 658 375 700 parte
403 653 578 688 observari
609 656 808 699 precipimus
837 658 870 688 et
900 652 1136 688 inviolabiliter
1164 652 1352 699 adimpleri,
1381 651 1581 685 Reservatis
1608 656 1839 686 verumtamen
1874 653 1971 688 nobis

112 720 184 750 iure
213 715 346 750 arbitrio
375 718 408 748 et
437 718 598 760 potestate
628 714 818 749 declarandi
848 719 879 748 et
908 713 1147 760 interpretandi
1175 724 1276 759 super
1304 715 1476 759 premissis
1505 718 1535 747 et
1565 713 1713 759 quolibet
1731 716 1968 759 premissorum

113 777 310 823 ubicumque
351 780 384 810 et
420 775 695 822 quandocumque
729 776 827 810 fuerit
863 779 1059 822 oportunum
1095 779 1128 807 et
1166 778 1306 808 tractatu
1343 773 1474 820 prefate
1515 775 1696 809 concordie
1732 778 1819 809 inter
1847 786 1906 810 eos
1935 778 1969 810 in

113 837 264 872 Mor-avia
293 839 383 883 prius
411 836 522 871 habito
551 848 648 882 quem
678 836 785 872 stabili
822 837 976 871 firmitate
1008 839 1127 881 vigere
1154 835 1309 870 volumus
1338 838 1370 869 in
1399 846 1459 870 suo
1488 846 1622 881 semper
1649 835 1771 870 robore
1799 835 1971 881 duraturo,

115 899 153 932 ad
184 898 245 932 bec
273 900 521 932 sentenciainus
552 902 583 931 et
613 897 809 932 arbitramur
837 898 924 943 quod
959 898 1037 932 dicti
1065 897 1255 943 Episcopus
1285 901 1317 931 et
1345 895 1538 930 Fridericus
1567 896 1727 943 deinceps
1757 897 1972 932 amicabiliter

113 963 229 993 vivant
257 963 288 992 et
318 961 404 993 inter
438 970 497 992 eos
526 959 720 993 dileccionis
755 964 785 993 et
818 961 934 1004 gracie
970 962 1069 1003 vigor
1103 962 1301 1004 permaneat
1334 958 1488 1001 relative,
1524 962 1557 991 ut
1592 957 1645 992 hic
1674 963 1812 1004 paterne
1841 958 1972 993 ferveat

112 1020 305 1054 dileccionis
334 1020 486 1054 affectum
516 1020 570 1054 ille
599 1020 795 1054 devocionis
825 1024 934 1054 estuet
962 1019 1079 1061 filialis,
1110 1018 1147 1052 In
1177 1029 1315 1064 quorum
1346 1021 1568 1052 testimonium
1598 1023 1660 1052 etc.

989 1132 1095 1167 395.

114 1193 186 1227 Der
214 1193 328 1238 Kom'q
350 1220 357 1226 .
376 1220 383 1226 .
402 1220 409 1227 .
431 1197 599 1237 qeslallel
628 1194 700 1226 dem
729 1193 900 1237 illa-(sister
929 1193 991 1227 H..
1010 1220 1017 1226 .
1036 1219 1063 1235 q
1093 1192 1218 1237 ltoniyl.
1251 1193 1417 1237 Capellam
1447 1194 1512 1227 itud
1541 1193 1640 1235 Arse⁷
1670 1194 1732 1227 den
1762 1193 1881 1228 Bes-ils
1907 1195 1968 1228 der

113 1256 144 1287 iu
174 1254 247 1287 dem
276 1253 386 1298 Dorse
409 1281 415 1287 .
436 1281 468 1288 ..
505 1253 560 1287 bei
591 1254 721 1287 Olmit'lz-
751 1254 976 1298 helindlieleen
1008 1254 1116 1287 Gater
1149 1255 1207 1287 mit
1236 1254 1297 1287 der
1332 1253 1535 1287 Vollmuelet.
1565 1254 1736 1288 dieselbeu
1764 1256 1971 1299 ceipfi'lnden

529 1315 611 1348 oder
642 1315 872 1348 rei-selteulfen
902 1327 943 1348 zu
973 1316 1105 1358 tleirl'en.
1138 1315 1176 1348 0.
1206 1314 1251 1348 D.
1285 1316 1325 1348 0.
1356 1314 1423 1348 und
1449 1314 1551 1348 Jaler.

256 1364 450 1418 Medicine
479 1387 627 1418 sciencia
656 1395 716 1430 pro
746 1385 932 1419 mortalium
961 1384 1136 1418 commodo
1165 1384 1321 1418 divinitus
1348 1384 1515 1419 destinata
1538 1384 1743 1431 principibus
1770 1396 1847 1420 esse
1875 1385 1973 1421 debet

111 1449 199 1479 tanto
228 1448 417 1492 accepcior,
447 1449 569 1491 quanto
599 1445 738 1480 dextera
769 1449 870 1492 ipsius
903 1448 1086 1491 percipitur
1115 1448 1146 1480 in
1176 1446 1305 1480 donatis
1334 1446 1517 1490 largicione
1546 1446 1724 1491 benignior
1752 1451 1783 1480 et
1810 1458 1870 1493 per
1899 1459 1973 1482 eam

109 1509 268 1553 sospit05‚
300 1517 363 1552 qua
393 1516 448 1541 res
477 1506 565 1540 nulla
600 1509 735 1551 gracior
770 1511 877 1552 potest
907 1508 1039 1540 cercius
1075 1511 1107 1540 et
1136 1506 1262 1541 diucius
1298 1509 1502 1553 preservari,
1532 1507 1628 1541 huius
1665 1512 1772 1541 autem
1808 1511 1969 1554 pruritum

110 1569 259 1606 sciencie
296 1566 397 1601 velud
434 1568 668 1602 incolumitatis
706 1572 737 1601 et
779 1568 888 1601 leticie
929 1571 1138 1601 servatorem
1176 1570 1326 1614 primitus
1365 1570 1540 1613 acquirere
1578 1571 1775 1614 acquisitum
1814 1569 1970 1614 diligere⁷

109 1628 263 1661 dilectum
293 1627 419 1662 donare
447 1627 640 1662 muneribus
670 1632 701 1662 et
730 1628 911 1662 bonoribus
941 1627 1040 1662 debet
1068 1628 1143 1662 Rex
1174 1627 1307 1673 quilibet
1336 1627 1501 1662 decorari.
1532 1627 1595 1662 hac
1616 1631 1752 1662 racione
1776 1632 1970 1664 commoniti

108 1687 293 1722 honorabili
320 1691 394 1723 viro
422 1688 582 1733 Magistro
620 1688 658 1722 lt.
690 1688 870 1735 Capellano
909 1693 941 1723 et
969 1688 1102 1723 Medico
1136 1688 1366 1723 nostr0.b0na
1402 1692 1510 1723 omnia
1547 1692 1597 1723 in.
1617 1689 1711 1723 .villa
1747 1693 1837 1724 iuxta
1868 1690 1968 1726 Civi-

108 1753 208 1783 tatem
243 1753 392 1784 nostram
427 1750 683 1784 Olomucensem
722 1761 795 1784 cum
838 1752 927 1793 agris
964 1750 1060 1791 cultis
1101 1754 1133 1783 et
1170 1749 1311 1792 incultis‚
1349 1753 1463 1795 pratis,
1505 1753 1650 1796 pascuis‚
1687 1749 1823 1785 rubetis.
1862 1754 1970 1797 aquis⁷

107 1820 267 1855 aquarum
296 1809 503 1853 decursibus,
532 1809 737 1853 Molendino.
767 1810 907 1846 edificiis
938 1815 969 1844 et
1000 1809 1152 1844 omnibus
1182 1814 1213 1843 et
1241 1810 1378 1855 singulis
1408 1813 1594 1845 attinenciis
1624 1815 1655 1844 et
1682 1811 1809 1846 iuribus
1830 1823 1970 1847 eorum-

107 1869 180 1904 dem
209 1873 440 1905 concessimus
468 1875 630 1917 perpetuo
659 1870 762 1905 lihere
791 1871 1041 1917 possidendum„
1072 1870 1199 1904 Dantes
1228 1869 1335 1904 eidem
1364 1874 1524 1916 magistro
1548 1870 1588 1905 H.
1614 1871 1747 1918 plenam
1772 1877 1803 1906 et
1827 1872 1966 1907 liberam

108 1929 298 1966 facultatem
326 1931 458 1966 locandi
488 1936 520 1965 et
545 1931 769 1965 committendi
799 1942 838 1966 ea
868 1934 1065 1977 cuicumque
1096 1930 1157 1965 sibi
1187 1932 1361 1977 placuerit7
1390 1931 1589 1966 obieccione
1614 1933 1669 1966 vel
1695 1933 1969 1968 contradiccione

108 1990 251 2036 qualibet
288 2003 354 2027 non
392 1992 565 2027 obstante.
604 1992 690 2034 Quin
725 2004 837 2039 ymmo
872 1995 1069 2038 cuicumque
1105 1992 1192 2026 dicta
1231 1991 1316 2025 bona
1351 1995 1553 2026 commiserit
1594 2004 1652 2027 seu
1689 1993 1852 2027 locaverit
1889 2005 1970 2029 esse

107 2051 260 2086 volumus
288 2058 321 2088 et
350 2058 465 2088 tenere
494 2053 554 2087 sub
584 2052 783 2087 defensione
812 2057 916 2087 nostri
946 2054 1097 2087 culminis
1127 2053 1275 2099 speciali„
1306 2053 1490 2088 Eximimus
1517 2064 1648 2099 quoque
1673 2054 1760 2087 dicta
1786 2053 1871 2088 bona
1892 2066 1967 2089 cum

107 2111 259 2146 omnibus
287 2117 472 2149 attinenciis
502 2119 533 2148 et
562 2114 687 2148 iuribus
725 2125 825 2160 supra
865 2117 997 2160 scriptis
1034 2125 1051 2147 a
1080 2119 1247 2160 potestate
1277 2125 1336 2148 seu
1365 2126 1382 2149 a
1412 2114 1646 2149 iurisdiccione
1675 2114 1793 2149 iudicis
1821 2119 1967 2161 provin-

107 2173 201 2206 cialis
238 2173 424 2210 villici..et
458 2176 593 2209 alterius
628 2174 780 2209 officialis
820 2179 885 2208 tam
920 2178 1132 2221 presencium
1175 2186 1270 2221 quam
1304 2175 1498 2210 futurorum.
1532 2174 1729 2209 Mandantes
1763 2178 1811 2210 eis
1849 2180 1968 2211 tenore

106 2236 319 2279 presencium
346 2234 480 2270 firmiter
508 2240 539 2270 et
569 2239 711 2282 precise,
742 2240 904 2281 quatenus
940 2246 1013 2270 cum
1051 2236 1145 2269 dictis
1182 2235 1278 2270 bonis
1313 2236 1367 2269 vel
1402 2247 1476 2269 cum
1511 2235 1599 2270 dicto
1633 2235 1798 2281 Magistro
1832 2236 1873 2271 H.
1910 2237 1966 2271 vel

106 2305 180 2328 cum
211 2293 264 2328 illo
293 2297 488 2342 cuicumque
528 2299 730 2331 commiserit
766 2307 825 2330 seu
863 2297 1035 2331 locaverit.
1075 2300 1147 2343 ipsa
1185 2296 1286 2330 nichil
1321 2296 1498 2343 disponere
1535 2295 1679 2330 habeant
1712 2296 1772 2331 sed
1807 2308 1846 2331 ea
1882 2309 1966 2344 per-

106 2358 236 2388 mittant
265 2358 297 2388 et
326 2366 386 2390 eos
415 2356 454 2391 ab
483 2361 571 2392 omni
601 2357 838 2392 iurisdiccione
867 2362 898 2391 et
928 2360 1091 2391 servitute
1121 2360 1310 2391 vexacione
1338 2357 1481 2404 qualibet
1510 2357 1614 2391 libere
1643 2368 1682 2391 ac
1710 2358 1849 2404 pacifice
1878 2370 1966 2404 per-

106 2425 260 2457 manere,
298 2415 405 2449 nullus
441 2428 523 2462 ergo
561 2418 765 2453 subditorum
803 2422 995 2451 nostrorum
1039 2421 1277 2464 cuiuscumque
1315 2419 1521 2453 condicionis
1557 2421 1738 2463 exstiterit,
1776 2423 1965 2465 presentem

106 2479 254 2509 nostram
288 2479 542 2512 concessionem
581 2482 612 2513 in
651 2480 760 2524 aliquo
794 2478 961 2512 violenter
994 2483 1163 2524 presumat
1199 2478 1394 2523 molestare,
1431 2478 1466 2512 Si
1504 2481 1578 2525 quis
1615 2483 1725 2513 autem
1763 2481 1965 2513 contrarium

105 2535 223 2570 fecerit
252 2540 362 2582 preter
390 2536 659 2581 indignacionem
688 2543 849 2583 nostram,
879 2549 977 2583 quam
1007 2542 1080 2585 ipso
1109 2539 1198 2573 sacto
1227 2542 1408 2575 incurrisse
1442 2550 1478 2573 se
1507 2542 1640 2574 noverit
1668 2551 1767 2587 pene,
1797 2550 1892 2585 quam
1922 2539 1967 2573 de

106 2600 180 2642 ipso
209 2596 374 2631 mediante
405 2600 544 2642 iusticia‚
575 2599 759 2634 subiacebit
789 2604 854 2634 etc.
884 2599 1007 2634 Datum
1038 2604 1069 2634 et
1098 2605 1204 2634 actum
1235 2604 1298 2634 etc.

1781 2658 1859 2688 Mb*
