2184 2828
1018 89 1091 126 8'57

1008 261 1115 296 264.

277 322 417 386 Κόως
444 341 577 375 Johann
607 352 672 375 von
703 340 850 375 Bohmen
881 339 1079 374 einverleibt
1107 339 1166 373 das
1196 337 1314 372 Gebiet
1351 337 1414 371 und
1445 338 1497 371 die
1527 336 1621 371 Stadt
1652 336 1776 370 Gorlitz
1806 336 1865 370 der
1892 336 1984 370 boli-

128 402 279 437 mischen
299 402 426 443 Krone,
454 401 519 435 und
550 402 707 447 bestatigt
736 401 831 436 dabei
861 401 914 434 die
944 399 1272 447 hauptsa'chlichsten
1302 398 1504 439 privilegien
1535 397 1722 432 derselben.
1762 397 1813 431 Dt.
1847 397 1983 438 Gortitz,

130 463 205 498 XV.
235 463 375 497 Kalend.
405 462 506 507 Junij.
538 462 617 506 (19.
649 462 733 507 Mai]
763 462 874 497 1329.

438 542 557 570 (tiuhi-er
581 542 647 567 (md.
674 543 783 576 diplom.
808 541 896 568 Lusat.
928 549 1018 574 super.
1051 549 1076 575 p.
1109 539 1179 570 210.
1211 548 1235 565 n.
1269 538 1405 564 cxm'llt.
1439 547 1490 564 von
1524 540 1599 564 einer
1624 538 1761 564 Absrlirist
1787 538 1834 563 des
1861 536 1984 562 Bis-chors

544 594 665 628 Rudolph
690 594 752 620 ddo.
780 594 877 619 Godau
907 593 956 618 25.
982 593 1048 619 Nov.
1077 592 1157 618 1424
1183 593 1215 617 im
1241 591 1434 617 Ratbsarcbive
1459 599 1488 615 zu
1517 591 1641 621 (ior-litz.)

1011 731 1116 766 265.

279 791 420 855 Konig
452 809 586 843 Johann
623 820 690 843 von
728 809 875 843 Bohnien
913 812 1076 843 verweist
1116 810 1167 843 die
1203 807 1418 842 Mannschaft
1455 808 1514 842 des
1549 807 1680 841 Laudes
1718 807 1843 841 Gorlitz
1881 809 1987 840 sowie

131 872 237 907 deren
265 871 488 906 Lehensleute
518 872 583 905 und
614 872 665 905 die
697 871 827 916 Burger
856 871 915 905 der
944 871 1037 905 Stadt
1067 881 1129 903 vor
1156 870 1221 903 den
1250 868 1341 914 Vogt
1371 880 1411 902 zu
1441 868 1561 907 Recht,
1592 868 1645 901 die
1675 868 1806 901 Bauorn
1835 878 1899 901 vor
1924 867 1987 900 den

132 932 329 968 Erbrichter
356 932 423 966 und
451 932 503 966 die
535 936 606 966 vier
636 932 762 969 Btinke,
801 932 865 966 und
894 931 1035 966 verleiht
1069 931 1127 965 das
1163 930 1270 964 Recht
1306 930 1365 963 der
1396 929 1602 962 Bannmeile.
1634 928 1708 962 Dto.
1741 940 1779 962 ze
1809 927 1987 973 Budyssin.

131 1005 175 1028 an
203 994 277 1028 dem
304 992 464 1038 Montage
492 993 576 1027 uach
607 993 680 1027 dem
712 993 865 1038 Sunetag
895 997 1028 1027 cantate
1058 992 1190 1026 domiuo
1221 991 1298 1036 (22.
1330 990 1415 1033 Mai)
1451 990 1557 1024 1329.

450 1072 558 1098 'Kohler
583 1072 648 1097 [od.
676 1073 784 1106 diplom.
811 1072 897 1098 Lusat.
925 1080 1016 1106 super.
1049 1080 1073 1105 Ι)Δ
1108 1070 1178 1097 213.
1212 1079 1236 1096 n.
1263 1070 1371 1096 CXLIX.
1406 1070 1472 1095 nach
1498 1070 1557 1096 dem
1584 1069 1658 1101 orig.
1685 1071 1718 1094 im
1743 1069 1933 1094 Baths-arciuu-
1959 1077 1988 1094 zu

548 1124 677 1153 Gorlitz.)

1013 1209 1119 1245 266.

134 1288 247 1333 Kom'g]
275 1288 411 1322 Jolmnu
449 1299 512 1321 ron>
542 1287 693 1321 Bolemen
729 1288 920 1322 versichert
954 1288 1017 1321 [len
1046 1288 1216 1322 Rae'mund
1251 1299 1313 1321 rou
1350 1287 1589 1331 Lielltenlmry.
1620 1288 1700 1320 dass
1730 1287 1793 1320 ilem
1823 1287 1878 1319 die
1907 1285 1990 1319 Ab-

134 1352 272 1393 tretmey
299 1349 357 1383 des
386 1349 715 1383 Patrouatsrechtes
745 1351 776 1382 in
802 1349 990 1382 Jarmeritz-
1017 1360 1059 1381 (m
1087 1349 1148 1382 das
1177 1349 1360 1383 Sedletz-er
1386 1349 1530 1382 Kloster
1559 1360 1599 1382 ευ
1627 1348 1756 1381 heinem
1783 1346 1991 1380 §hontheim

134 1409 191 1443 bez·
217 1410 278 1443 den
308 1409 456 1443 anderen
488 1409 638 1443 lse'rclaeen
672 1409 856 1453 {Jeree'cleen
892 1410 1013 1443 werde.
1058 1409 1140 1443 Dto.
1177 1409 1305 1454 Praqe,
1336 1410 1505 1443 Kalendis
1533 1409 1631 1442 Jum'e'
1659 1408 1715 1451 (1.
1745 1408 1846 1451 Jum')
1882 1407 1990 1441 1329.

295 1484 490 1539 «lohannes
520 1506 572 1538 dei
601 1508 716 1549 gracia
746 1505 883 1539 Boemie
912 1510 943 1539 et
970 1505 1107 1539 Polonie
1131 1516 1193 1539 rex
1217 1517 1256 1539 ac
1282 1504 1589 1550 Lucemburgensis
1611 1504 1881 1539 Comes.dilecto
1906 1504 1991 1538 fideli

134 1576 196 1599 suo
227 1565 401 1600 Remundo
435 1565 476 1600 de
511 1565 766 1599 Licbtemburch
801 1569 949 1611 graciam
985 1577 1078 1599 suam
1112 1570 1143 1599 et
1178 1576 1276 1599 omne
1313 1566 1446 1600 bouum.
1488 1566 1569 1600 Cum
1604 1568 1691 1600 inter
1721 1566 1882 1600 ecclesias
1911 1576 1993 1610 quas

134 1626 264 1660 ditectis
293 1625 408 1660 nobis.
427 1626 555 1660 ,abbati
584 1631 615 1660 et
644 1629 824 1661 conuentui
858 1629 1050 1661 monasterii
1079 1629 1109 1659 iu
1140 1625 1294 1659 Czedlicz
1323 1629 1375 1672 pia
1398 1626 1587 1661 deuocione
1616 1627 1828 1660 contulimus.
1859 1637 1924 1660 vna
1954 1629 1994 1659 sit

134 1689 167 1721 in
195 1686 384 1733 Jermiricz7
413 1689 508 1720 cuius
537 1691 568 1721 et
598 1688 735 1721 aliarum
765 1691 796 1721 in
827 1687 922 1721 bonis
952 1698 1011 1733 per
1039 1697 1100 1721 nos
1128 1686 1184 1720 tibi
1214 1686 1370 1731 obligatis
1399 1690 1657 1722 consistencium
1682 1692 1714 1721 tu
1740 1687 1879 1721 durante
1905 1685 1995 1719 obli-

133 1750 286 1793 gacionis
315 1750 457 1782 termino
485 1759 529 1781 ex
558 1751 784 1782 concessione
812 1753 927 1783 nostra
953 1750 1009 1792 jus
1038 1747 1168 1781 obtines
1207 1752 1413 1793 patronatus7
1448 1753 1543 1794 prout
1576 1748 1640 1782 hoc
1674 1751 1705 1782 iu
1735 1748 1838 1781 literis
1867 1749 1992 1781 nostris

134 1808 217 1842 datis
245 1807 301 1842 tibi
330 1819 431 1854 super
458 1808 522 1842 hoe
552 1809 681 1855 plenius
710 1812 898 1843 continetur
927 1809 1077 1854 predicto
1113 1808 1232 1842 abbate
1268 1809 1438 1843 referente
1473 1810 1659 1851 didicimus,
1697 1809 1783 1854 quod
1812 1813 1844 1842 tu
1874 1811 1992 1844 eciam.

135 1867 248 1902 diuine
276 1872 562 1903 remuneracionis
593 1872 718 1911 intuitin
751 1871 818 1913 juri
854 1869 908 1903 tibi
946 1873 977 1903 in
1014 1869 1130 1903 eadem
1166 1870 1309 1904 ecclesia
1344 1875 1545 1917 competenti
1574 1871 1680 1905 velles
1709 1870 1832 1904 cedere
1861 1869 1900 1903 ad
1931 1869 1994 1903 hoc

136 1933 170 1962 ut
197 1928 299 1964 abbas
327 1934 362 1964 et
389 1935 578 1964 conuentus
613 1930 750 1976 predicti
786 1930 871 1964 idem
908 1933 939 1963 in
973 1933 1044 1976 ipsa
1074 1930 1218 1965 ecclesia
1251 1933 1306 1975 jus
1342 1931 1496 1973 babeante
1533 1932 1619 1977 quod
1656 1931 1777 1966 habeut
1812 1933 1845 1965 iu
1874 1930 1946 1964 aliis
1976 1941 1993 1963 a

136 1993 250 2024 nostra
288 1989 350 2024 sibi
391 1994 564 2025 maiestate
607 1991 757 2029 collatis,
799 1991 975 2024 dummodo
1014 2002 1073 2036 per
1110 1992 1172 2025 hoc
1214 1992 1336 2026 nullum
1375 1993 1430 2027 tibi
1471 1998 1503 2027 et
1542 1992 1718 2027 heredibus
1754 1995 1816 2026 tuis
1851 1995 1883 2026 in
1918 1993 1994 2036 jure

137 2053 328 2096 patronatus
361 2049 498 2086 aliarum
531 2052 752 2086 ecclesiarum
792 2054 823 2085 in
863 2051 958 2085 bonis
995 2052 1152 2097 predictis
1189 2064 1249 2098 per
1285 2064 1345 2087 nos
1381 2053 1437 2088 tibi
1476 2054 1631 2100 obligatis
1667 2056 1926 2088 consistencium
1962 2058 1996 2088 et

137 2110 210 2144 aliis
238 2111 390 2146 omnibus
418 2123 482 2158 que
507 2114 562 2157 jus
591 2117 680 2146 tuum
709 2115 742 2146 iu
771 2111 866 2146 bonis
896 2115 976 2158 ipsis
1006 2123 1051 2146 ex
1079 2113 1228 2159 predicte
1257 2113 1478 2159 obligacionis
1512 2118 1632 2152 vigore
1660 2117 1853 2160 respiciunt,
1883 2119 1995 2148 nostre

136 2173 418 2216 interpretationis
454 2173 576 2207 iudicio
611 2173 828 2219 preiudicium
866 2176 1018 2207 oriretur.
1067 2173 1283 2221 Quapropter
1307 2186 1362 2209 <ne
1399 2180 1529 2221 gratum
1569 2181 1623 2210 tue
1662 2175 1759 2210 nobis
1798 2175 1994 2210 deuocionis

136 2233 341 2277 propositum
369 2243 476 2268 vanus
505 2234 691 2268 huiusmodi
721 2237 963 2280 suspicacionis
999 2237 1096 2268 timor
1132 2234 1323 2271 absorbeat.
1362 2240 1580 2283 promittimus
1616 2236 1701 2270 bona
1735 2236 1811 2279 fide,
1845 2236 1932 2282 quod
1968 2240 1997 2270 si

138 2291 202 2326 boc
230 2291 365 2330 feceris,
394 2303 460 2328 non
489 2299 613 2330 tantum
638 2297 694 2339 jus
723 2299 918 2341 patronatus
953 2297 984 2329 in
1020 2295 1091 2329 aliis
1125 2296 1280 2330 ecclesiis
1318 2301 1349 2331 et
1384 2301 1493 2332 omnia
1531 2299 1593 2331 alia
1631 2302 1663 2331 et
1692 2297 1821 2342 singula
1850 2299 1882 2331 in
1913 2308 1995 2343 pre-

138 2352 235 2386 dictis
265 2352 367 2386 literis
396 2357 516 2389 nostris
544 2360 699 2390 contenta
729 2355 785 2389 tibi
821 2360 853 2389 et
890 2354 1068 2390 heredibus
1105 2360 1168 2391 tuis
1205 2357 1327 2392 illibata
1363 2359 1582 2401 seruafflmua
1623 2369 1737 2392 verum
1767 2361 1873 2392 eciam
1902 2362 1933 2392 iu
1963 2363 1995 2392 te

139 2415 264 2459 pariter
292 2418 323 2447 et
353 2417 384 2447 in
413 2418 476 2448 tuis
503 2415 629 2450 fauoris
658 2419 740 2460 regii
775 2419 995 2462 consequeris
1029 2422 1254 2462 augmentum.
1298 2418 1334 2452 In
1363 2423 1456 2453 cuius
1493 2423 1539 2452 rei
1570 2421 1792 2453 testimonium
1822 2423 1994 2466 presentes

139 2473 251 2507 literas
286 2473 339 2508 tibi
378 2474 493 2509 damus
530 2477 639 2522 sigillo
677 2482 793 2512 nostro
827 2480 1057 2512 communitas.
1098 2477 1216 2513 Datum
1255 2478 1373 2525 Frage,
1412 2479 1569 2513 Kalendis
1607 2478 1707 2522 Juiiii,
1747 2491 1835 2514 anno
1873 2479 1994 2513 domini

139 2534 312 2569 millesimo
342 2540 579 2570 trecentesimo
608 2541 769 2572 vicesimo
798 2549 896 2572 nono.

448 2596 537 2625 (Nach
561 2600 635 2625 einer
658 2600 795 2626 Absclirift
819 2602 851 2626 im
876 2600 900 2626 k.
927 2600 1017 2626 butun.
1043 2600 1160 2626 >luseum
1185 2609 1214 2626 zu
1240 2601 1307 2635 l'rag
1329 2610 1389 2627 vom
1414 2604 1488 2631 tiriff.
1516 2603 1564 2627 «ies
1588 2601 1727 2627 sedtetzer
1752 2602 1905 2634 Arctus-es.)
