2184 2828
983 108 1050 143 961

105 234 136 262 et
179 231 250 262 sine
295 228 370 261 dolo
405 228 530 261 eisdem
569 232 680 261 astare
722 231 837 261 contra
873 238 1003 260 omnem
1040 237 1098 260 eos
1138 224 1303 259 uolentem
1341 226 1519 271 quemlibet
1556 237 1756 270 aggrauare.
1792 229 1943 272 exceptis

101 293 112 334 (
218 288 251 333 ).
272 315 277 321 .
315 293 363 321 et.
385 291 455 333 .qui
485 292 509 321 si
540 300 612 321 cum
643 288 799 334 predictis
820 288 974 321 (tenaculis
994 289 1121 321 nostris
1141 286 1380 320 discordauerit
1407 290 1657 333 interponemus
1678 293 1790 333 partes
1811 292 1945 321 nostras

99 354 183 384 inter
210 360 269 383 eos
299 349 338 382 ad
367 349 547 382 concordie
576 354 719 382 mentem
749 349 946 382 inducentes
976 353 1009 382 et.
1036 358 1265 394 quaecumque
1295 351 1441 393 parcium
1471 348 1735 381 discordanciuin
1764 348 1803 381 ad
1824 347 1944 381 bonum

100 413 189 456 pacis
218 410 331 444 forsan
362 413 453 443 iuxto
482 415 595 443 nostre
624 410 847 443 ordinacionis
881 410 1019 443 sormam
1050 410 1198 442 renuerit
1226 409 1399 441 intendere
1428 409 1564 442 aiteram
1594 408 1778 442 fouebimus
1808 420 1946 442 eorum-

100 472 173 505 dem
203 471 341 504 consilio
371 475 465 515 atque
496 482 608 517 posse.

763 583 1025 627 Compronn'ssio
1060 584 1091 615 iu
1130 582 1292 616 arbitros.

256 653 298 688 A.
328 652 380 685 dei
409 656 520 696 gracia
551 664 616 685 rea:
645 652 809 685 Boliemie
840 655 1005 685 vniuersis
1033 655 1199 698 presentis
1228 656 1339 698 scripti
1370 656 1500 698 copiam
1531 653 1687 687 habituris
1709 655 1862 686 noticiam
1887 651 1946 686 sub

104 717 302 760 scriptorum
332 717 458 746 amator
486 716 576 758 pacis
606 723 668 746 rex
698 712 856 758 pacificus
886 717 917 746 et
946 717 1080 746 eternus
1109 713 1193 747 lilios
1222 724 1283 747 sue
1312 716 1426 747 mati-is
1456 714 1618 747 ecclessie
1647 725 1729 759 quos
1759 713 1949 759 redemptos

105 777 265 819 sanquine
295 776 446 819 precioso
476 776 507 806 in
537 776 662 806 vailate
691 773 764 806 lidei
795 773 960 806 liatliolice
989 777 1138 807 connivit
1166 777 1258 810 etin
1288 774 1438 808 karitatis
1463 774 1641 808 dilectione
1662 779 1838 820 mutaeque
1858 776 1950 819 pacis

109 835 354 869 obseruacione
383 834 541 880 disposuit
571 839 668 880 atque
697 834 799 867 noluit
826 845 925 867 unum
955 845 1031 867 esse
1060 838 1092 867 ut
1120 835 1367 880 ydemptitatem
1406 835 1604 881 ydemptitas
1643 839 1713 868 siue
1748 838 1826 869 vnio
1864 846 1951 868 con-

103 896 217 930 cordie
246 899 440 940 sequeretur
469 900 497 928 et
529 906 588 929 eos
618 906 700 940 quos
728 906 794 928 vna
824 898 995 928 coniunxit
1024 894 1105 928 tides
1126 898 1289 929 mencium
1311 895 1486 929 dissensus
1501 907 1566 929 non
1588 896 1751 929 diuideret
1772 899 1951 929 actionum.

107 961 138 990 et
184 962 274 990 certe
312 956 441 1001 quidem
480 955 554 989 lieet
597 955 635 989 ad
672 958 750 988 tanti
791 955 1000 1001 dispositoris
1038 956 1210 1001 exemplar
1245 959 1338 1002 pacis
1375 956 1514 1000 diligere
1550 961 1582 990 et
1610 968 1748 990 seruare
1779 960 1954 990 teneantur

105 1018 226 1061 singuli
255 1017 423 1050 christiani
453 1019 594 1049 nominis
624 1016 836 1061 professores
865 1021 973 1050 tamen
1003 1016 1063 1049 hos
1094 1028 1176 1062 quos
1207 1017 1316 1050 diuina
1346 1016 1560 1062 prouidencia
1591 1020 1622 1051 in
1652 1018 1844 1062 dignitatum
1876 1029 1952 1050 arce

109 1079 227 1111 locauit
261 1077 365 1122 regali
408 1077 605 1122 dyademate
644 1079 817 1121 insignitos
852 1077 948 1110 decet
981 1081 1068 1110 tanto
1108 1078 1245 1122 amplius
1280 1077 1353 1111 sore
1382 1080 1472 1122 pacis
1504 1082 1535 1110 et
1569 1078 1752 1111 concordie
1787 1079 1952 1111 zelatores

109 1144 231 1184 quanto
261 1149 297 1172 se
326 1142 533 1182 cognoscunt
564 1137 698 1171 lionoris
727 1142 759 1171 et
787 1137 991 1171 sublimitatis
1020 1141 1147 1183 apicem
1178 1137 1316 1183 amplius
1345 1138 1447 1171 alcius
1477 1138 1727 1175 conscendisseq
1757 1143 1791 1171 ut
1811 1137 1851 1171 ab
1872 1141 1952 1184 ipsis

106 1203 259 1244 tanquam
288 1210 306 1232 a
335 1201 471 1232 internis
501 1200 719 1244 suprapositis
748 1201 842 1244 pacis
872 1203 904 1231 et
932 1201 1062 1231 iusticie
1091 1199 1200 1232 lumen
1238 1198 1427 1243 refulgeant
1456 1203 1486 1232 et
1514 1210 1631 1233 eorum
1660 1199 1841 1232 concordia
1871 1210 1954 1244 per-

109 1263 202 1293 sonis
233 1259 441 1293 inferioribus
473 1264 618 1293 transeat
656 1261 687 1292 in
722 1259 920 1304 exemplum.
958 1258 1004 1292 Ea
1035 1263 1171 1305 propter
1199 1264 1320 1293 attenta
1350 1259 1625 1293 consideracione
1654 1264 1836 1305 pensantes
1865 1264 1896 1292 et
1924 1262 1954 1292 in

110 1323 255 1366 pectoris
283 1323 384 1354 nostri
415 1320 515 1353 archa
545 1320 742 1363 diligencius
772 1320 985 1353 reuoluenles
1020 1320 1105 1364 quod
1149 1331 1191 1353 ex
1228 1320 1338 1354 diuina
1373 1321 1557 1354 clemencia
1595 1323 1689 1365 regni
1725 1325 1756 1353 et
1790 1325 1953 1354 terrarum

107 1381 333 1426 gubernacula
364 1386 534 1414 teneamus
565 1383 594 1414 in
625 1385 718 1414 trono
747 1383 841 1425 regio
870 1381 1022 1414 collocati
1052 1392 1093 1414 ne
1124 1381 1231 1414 lumen
1262 1383 1355 1426 pacis
1385 1392 1448 1427 quo
1478 1381 1591 1414 lucere
1620 1380 1779 1414 debemus
1809 1381 1880 1415 aliis
1901 1386 1955 1414 te-

108 1441 210 1475 nebre
239 1445 280 1475 sit
306 1453 380 1475 cum
410 1442 540 1474 domino
571 1441 749 1485 Stephano
778 1443 993 1475 serenissimo
1028 1453 1108 1485 regye
1151 1444 1290 1484 ruffio-ie
1328 1445 1380 1475 cui
1416 1447 1480 1475 tam
1517 1445 1818 1485 consanguinitatis
1858 1453 1954 1487 quam

107 1502 273 1536 all'initatis
302 1502 397 1536 fibula
433 1505 463 1535 in
502 1505 650 1535 amicicia
681 1513 741 1535 nos
774 1504 953 1535 connectiti
992 1506 1024 1535 et
1059 1502 1251 1535 alterutrum
1287 1514 1348 1536 nos
1382 1505 1486 1536 unitat
1519 1502 1558 1536 ad
1589 1502 1767 1536 concordie
1797 1505 1953 1536 vnionem

109 1574 224 1608 pacem
255 1564 383 1609 plenam
413 1567 445 1596 ct
474 1567 664 1608 perpetuam
695 1565 910 1608 promittimus
939 1562 1122 1596 obseruare
1151 1573 1247 1607 quam
1277 1562 1292 1607 (
1398 1563 1412 1608 ]
1442 1574 1501 1609 pro
1530 1574 1592 1597 nos
1622 1564 1675 1597 uel
1704 1568 1836 1597 nostros
1866 1564 1957 1597 null—

109 1634 251 1668 vnquam
281 1628 429 1670 tempore
458 1624 563 1668 aliqua
594 1623 812 1657 dissencionis
847 1624 1033 1668 corruptela
1069 1623 1196 1656 discidii
1233 1626 1360 1657 zizania
1400 1624 1527 1657 uiolare
1560 1624 1711 1657 uolumus
1746 1624 1955 1669 aliquatenus

109 1685 160 1718 uel
191 1688 366 1731 corrumpi.
398 1684 437 1718 Et
468 1689 501 1717 ut
529 1684 657 1729 quidem
689 1687 779 1730 pacis
807 1684 921 1717 federa
951 1689 1087 1729 possent
1109 1687 1262 1729 personis
1288 1684 1494 1718 intermediis
1523 1684 1647 1717 sorcius
1675 1687 1848 1717 conueniri
1878 1695 1958 1717 ecce

114 1745 210 1779 nobis
244 1750 277 1779 et
312 1746 460 1792 predicto
495 1757 576 1789 rege
613 1744 783 1790 Stephano
827 1748 857 1778 in
894 1745 999 1778 insula
1039 1747 1162 1789 pariter
1195 1747 1380 1778 constitutis
1425 1747 1456 1778 in
1500 1744 1595 1778 Vllt⁰
1635 1756 1799 1789 personas
1841 1745 1958 1790 quibus

112 1806 292 1839 arbitrandi
323 1806 503 1851 plenariam
534 1806 683 1838 dedimus
714 1805 900 1839 facultatem
933 1816 990 1851 per
1019 1816 1080 1838 nos
1111 1805 1186 1837 liinc
1216 1810 1249 1838 et
1278 1806 1353 1838 inde
1383 1809 1493 1839 extitit
1525 1809 1801 1851 compromissum
1839 1805 1958 1838 talibus

112 1871 219 1900 autem
248 1866 498 1900 condicionibus
530 1869 710 1899 interiectis
740 1865 824 1911 quod
855 1870 918 1898 ctc.

778 1978 974 2021 Saulem-ia
1012 1979 1086 2010 siue
1126 1978 1298 2012 Arhia-ia.

264 2047 349 2082 Nos.
387 2053 436 2082 et.
456 2048 583 2081 arbitri
614 2048 837 2081 dominorum.
858 2052 922 2080 .(·l.
945 2059 1061 2093 ..super
1089 2048 1318 2091 questionibus
1347 2059 1433 2094 quae
1463 2052 1548 2081 inter
1577 2050 1669 2093 ipsos
1706 2058 1808 2093 super
1836 2047 1953 2081 ‹liner—

112 2110 157 2140 sis
187 2111 281 2141 terris
313 2114 345 2142 et
373 2109 610 2156 principatibus
641 2108 855 2142 uertebantui·
883 2108 1072 2142 arbitrando
1102 2112 1360 2153 pronunciaunis
1390 2109 1475 2155 quod
1507 2113 1709 2142 reuocentur
1737 2113 1770 2142 et
1790 2113 1958 2142 retracta—

117 2167 236 2200 buntur
271 2171 366 2203 immo
402 2170 592 2203 reuocande
628 2172 691 2202 sint
732 2180 848 2202 omnes
882 2180 1008 2202 summe
1043 2172 1318 2214 proscripcionis.
1364 2172 1745 2211 excommunicacionis‚
1783 2169 1959 2213 interdicti.

114 2231 316 2273 prinacionis
344 2235 376 2263 ct
403 2241 609 2276 quecumque
638 2230 701 2262 alie
731 2229 937 2275 promulgate
966 2234 1080 2263 contra
1110 2230 1275 2263 dominum
1308 2230 1344 2263 0.
1376 2241 1490 2275 regem
1522 2229 1686 2262 Boleemie
1711 2234 1744 2263 et
1763 2229 1961 2263 adherentes

111 2288 171 2322 sibi
202 2299 408 2333 quocumque
438 2294 570 2324 nomine
599 2294 811 2323 censeantur.

264 2347 353 2382 Item.
376 2349 628 2384 Pronunciando
649 2350 846 2383 arbitramur
864 2350 949 2394 quod
971 2352 1056 2383 inter
1076 2353 1183 2395 ipsos.
1204 2355 1269 2383 .ct.
1290 2362 1387 2395 ¹regie
1409 2351 1503 2396 plena
1526 2354 1565 2383 sit
1585 2350 1763 2383 concordia
1785 2361 1850 2396 pax
1872 2351 1961 2383 lii-ma

113 2413 144 2442 et
180 2420 325 2454 syncera
358 2412 592 2445 reconciliacio
629 2414 703 2444 sine
741 2413 904 2456 capcione
947 2410 1091 2455 qualibet
1125 2415 1157 2443 et
1195 2414 1375 2445 serffltores
1411 2414 1581 2455 utriusque
1610 2421 1725 2454 regum
1755 2421 1962 2456 quocumque

111 2473 246 2502 nomine
275 2474 487 2503 censeantur.
518 2471 614 2505 buius
644 2474 734 2517 pacis
764 2470 945 2503 concordie
973 2482 1011 2503 ac
1042 2471 1332 2505 reconciliacionis
1367 2482 1441 2505 cum
1472 2474 1663 2505 sinceritate
1691 2470 1876 2504 firmissima
1905 2473 1960 2504 in-

114 2529 289 2563 cludantur
326 2533 445 2563 castris
480 2542 618 2565 eorum.
646 2537 720 2565 .et.
771 2531 811 2564 ab
847 2531 1004 2564 alterutro
1034 2543 1148 2576 regum
1183 2534 1264 2577 ipsis
1293 2532 1411 2566 ablatis
1441 2531 1492 2565 uel
1522 2543 1539 2565 a
1568 2534 1635 2565 suis
1668 2542 1741 2565 cum
1772 2533 1963 2575 integritate

108 2589 215 2623 debita
254 2593 426 2623 restitutis.
485 2591 695 2626 Arbitramur
723 2595 827 2625 eciam
861 2592 945 2637 quod
976 2592 1084 2625 dictus
1116 2593 1153 2624 0.
1181 2603 1249 2626 rea·
1279 2593 1441 2626 Boloemie
1469 2591 1567 2625 cedat
1596 2603 1730 2638 sempor
1764 2597 1798 2625 et
1832 2594 1962 2637 precise
