2184 2828
1007 93 1079 128 905

117 223 157 246 ao
185 210 371 253 decentem,
401 220 460 255 pro
489 221 552 255 qno
584 214 726 256 ipsorum
757 221 795 243 ac
825 210 976 244 Civitatis
1004 215 1035 244 et
1065 211 1137 255 ejus
1164 211 1435 256 promocionibus
1462 214 1494 244 in
1519 211 1659 256 agendis
1682 211 1825 245 diversis
1850 211 1971 258 dispo-

118 275 224 306 nimus
261 269 418 303 incedere
455 281 633 314 generose.
678 270 957 304 Connncndantes
999 275 1031 304 te
1068 281 1111 304 ex
1153 281 1211 314 eo,
1251 270 1338 317 quod
1376 271 1531 306 devotum
1570 270 1784 318 Capellanum
1820 277 1969 306 nostrum

118 329 388 376 Mich(ae)l(em]
422 330 650 365 Exhibitorem
686 334 898 377 presencium
934 334 967 365 in
1004 334 1129 366 nostris
1163 334 1315 376 negociis
1344 332 1582 378 procedentem
1612 337 1797 379 pertractas
1826 337 1858 367 et
1886 344 1973 380 pro-

118 394 270 437 sequeris
300 390 529 425 favorabiliter
558 397 587 425 et
617 391 774 436 henigne.
804 392 935 426 Datum.

429 470 539 499 ..tat-obi
564 471 624 497 md.
651 471 758 505 epistol.
783 471 916 497 Joliaunis
941 479 998 505 reg.
1025 471 1177 498 Bohemiae.
1202 472 1228 497 S.
1257 470 1304 499 19.
1331 479 1356 498 n.
1382 472 1448 503 43.)

120 712 309 756 Marqusif
336 711 427 745 Kar]
460 711 622 745 (th'ti'rl'rel.
659 713 739 745 dass
773 714 844 745 sein
890 713 1003 755 litter.
1042 713 1155 757 Ii'o‘ne's]
1191 712 1326 746 Joleann
1365 724 1429 746 ron
1467 713 1628 756 Basanon,
1669 713 1752 748 iiber
1787 714 1976 747 Ausus-hen

120 775 234 806 see'ner
264 772 416 805 (iemalin
446 772 582 805 Blaalm
611 773 673 805 [Ias
702 774 734 805 in
763 773 823 806 der
852 773 955 807 Stailt
986 773 1079 817 Pras]
1105 773 1271 818 yeleqene
1300 774 1363 807 (ide
1392 774 1458 807 wid
1485 774 1619 807 elwdem
1650 775 1710 808 der
1737 775 1838 808 Jadz'n
1868 774 1977 808 Millsa

121 833 286 878 gelmi-iae
310 833 408 866 Hans
436 834 506 866 dem
532 833 804 867 itlnmlseleeuloen
826 834 1002 867 Heinrich.
1028 836 1135 868 ciuem
1159 834 1276 868 Soleae
1304 834 1363 868 des
1390 834 1558 868 Bertlmld
1583 847 1643 868 sim
1671 834 1769 880 Lapa.
1790 835 1977 880 (sescleenlst

716 894 814 928 lmbe.
846 907 876 927 o.
908 894 951 928 D.
982 907 1012 927 u.
1046 895 1084 928 0.
1116 894 1382 929 1334—1346.

280 951 368 1006 Nos
396 971 550 1015 Karalus.
582 972 703 1005 domini
733 972 837 1017 Regis
867 973 1003 1006 Boemie
1033 972 1288 1017 Primogenitus‚
1324 973 1472 1007 Marchio
1503 973 1665 1017 bloi-avio.
1702 978 1791 1009 scire
1824 975 1978 1009 volumus

124 1036 314 1075 universos.
345 1033 429 1078 quod
461 1036 544 1066 sicut
575 1033 819 1067 Serenissimus
849 1033 1021 1079 Princeps.
1051 1033 1127 1067 Rex
1156 1034 1304 1068 Boemie.
1332 1034 1484 1068 dominus
1511 1040 1542 1069 et
1564 1035 1703 1069 Genitor
1728 1040 1842 1070 noster
1861 1036 1978 1070 karis—

126 1096 241 1136 simus.
263 1093 301 1127 ad
323 1096 486 1127 intancias
507 1105 640 1139 precum
670 1093 810 1127 Illustris
840 1094 983 1137 domine.
1005 1094 1128 1128 Blance
1157 1093 1366 1129 Conthoralis
1396 1100 1509 1129 nostre
1539 1096 1732 1141 predilecte,
1763 1108 1888 1139 aream7
1919 1108 1977 1130 sen

127 1154 256 1188 domum
286 1154 464 1197 desertam,
495 1157 525 1188 in
556 1154 697 1188 Civitate
728 1155 902 1199 l‘ragensi.
939 1166 1003 1201 que
1032 1155 1195 1201 qnondam
1225 1155 1336 1190 divitis
1364 1155 1475 1199 itlitce,
1510 1156 1617 1190 ,ludee
1646 1157 1686 1191 de
1715 1157 1892 1191 Czazlavia
1923 1158 1981 1190 l'nit

127 1219 158 1248 et
187 1214 226 1248 ad
255 1217 362 1261 ipsum
392 1225 436 1248 ex
465 1226 516 1251 eo.
548 1215 633 1260 quod
663 1218 694 1249 in
725 1226 763 1249 ea
795 1217 875 1249 alias
905 1218 1005 1261 ignis.
1034 1219 1087 1261 qni
1117 1221 1265 1251 nostram
1295 1216 1470 1251 Civitatem
1503 1217 1706 1261 Pragensem
1733 1221 1763 1251 in
1791 1223 1884 1264 parte
1914 1218 1978 1251 de-

127 1278 284 1318 vastavit.
321 1280 459 1309 exortus
495 1276 564 1319 fuit,
607 1276 849 1310 rationabiliter
884 1277 1050 1320 devoluta,
1087 1276 1216 1311 Dilecto
1255 1276 1350 1312 nohis
1386 1277 1544 1321 Hem-ico.
1582 1279 1745 1312 l'incerne
1779 1278 1982 1312 venerabilis

127 1336 271 1370 Bertoldi
302 1336 342 1370 de
369 1335 462 1383 Lipa.
492 1336 816 1382 Wyssert'adensis)
841 1341 1010 1383 prepositi.
1039 1349 1077 1371 ac
1103 1340 1206 1383 ipsius
1230 1337 1366 1372 Henrici
1387 1338 1588 1373 Conthorali.
1610 1339 1792 1373 Kalliarine
1817 1344 1982 1373 eteorum

129 1396 306 1431 heredibus
335 1408 374 1431 ac
403 1397 670 1440 successoribus,
701 1397 921 1432 mediantibus
959 1401 1027 1432 suis
1057 1398 1245 1444 patentibus
1274 1399 1403 1432 fitteris.
1434 1399 1522 1433 dedit
1551 1399 1751 1434 hereditarie
1781 1411 1818 1433 ac
1848 1400 1986 1433 donavit

130 1457 305 1491 tenendam
335 1457 520 1492 habendam
552 1463 583 1491 et
611 1458 846 1504 possidendam
877 1458 1075 1492 hereditarie
1103 1462 1273 1504 perpetuis
1303 1459 1507 1505 temporibus
1537 1463 1609 1494 sine
1639 1460 1871 1506 impedimento
1896 1472 1985 1506 quo-

110 1517 207 1552 'libet
237 1517 373 1564 pacifice
402 1523 434 1552 et
462 1522 584 1564 quiete.
615 1530 681 1552 non
711 1518 919 1552 obstantibus
949 1519 1199 1565 quibuscunque
1236 1520 1309 1554 aliis
1338 1520 1456 1554 litteris
1485 1524 1553 1555 suis
1583 1521 1677 1555 datis.
1707 1525 1866 1567 pretactis
1895 1533 1984 1555 con-

129 1581 252 1621 trariis,
289 1581 362 1612 sive
397 1578 526 1617 dandis,
564 1590 646 1624 quas
680 1583 818 1613 revocat
853 1583 884 1612 in
921 1582 1045 1613 irritum
1086 1585 1119 1614 et
1154 1580 1275 1615 nullius
1312 1581 1383 1615 vult
1421 1581 1545 1615 habere
1586 1582 1639 1615 vel
1676 1581 1826 1616 obtinere
1856 1582 1986 1616 roboris

130 1640 333 1681 tirmitatem3
361 1639 408 1674 Ita
437 1650 509 1675 nOS.
540 1639 759 1673 donacionem
789 1640 928 1674 eandem
959 1640 1184 1686 approbantes
1213 1646 1245 1675 et
1273 1641 1429 1676 benivole
1458 1642 1667 1676 admittentes
1691 1647 1723 1676 et
1747 1643 1986 1679 concedentes.

129 1700 283 1734 volumus
311 1702 343 1734 in
370 1700 470 1747 pleno
500 1711 560 1735 suo
590 1700 711 1734 robore
740 1705 903 1747 perpetuo
933 1704 1116 1746 persistere
1146 1714 1186 1736 ao
1214 1702 1347 1745 durare„
1378 1703 1496 1737 dantes
1526 1703 1565 1738 ad
1591 1705 1726 1748 majoris
1751 1703 1880 1738 roboris
1906 1716 1988 1737 cer-

124 1760 295 1795 titudinem
323 1763 356 1795 in
385 1761 447 1795 hac
475 1766 570 1807 parte
599 1761 758 1805 lIenrico,
788 1761 982 1805 Kalliarine‚
1013 1773 1196 1808 eorumque
1226 1762 1406 1797 heredibus
1437 1769 1469 1798 et
1499 1764 1758 1799 successoribus
1783 1765 1983 1810 quibuslibet

124 1820 184 1855 has
212 1821 340 1856 litteras
368 1825 400 1856 in
430 1822 638 1856 evidenciam
668 1825 920 1868 premissorum.
951 1822 987 1856 In
1018 1834 1155 1869 quorum
1185 1826 1330 1857 omnium
1360 1823 1462 1858 robur
1495 1830 1527 1859 et
1557 1827 1778 1859 testimonium
1808 1830 1986 1872 presentes

123 1880 273 1916 dedimus
301 1884 407 1917 nostri
435 1882 532 1928 sigilli
563 1885 743 1916 munimine
773 1882 958 1917 roboratas.
992 1883 1115 1917 Datum
1145 1888 1177 1918 et
1204 1888 1285 1919 cetr.

434 1961 546 1995 (Jacobi
570 1961 631 1988 cod.
658 1961 768 1996 epistol.
794 1960 927 1988 Johannis
953 1970 1013 1996 reg.
1038 1962 1147 1989 Bohem.
1174 1963 1204 1991 S.
1230 1963 1278 1989 30.
1304 1972 1329 1990 n.
1356 1964 1418 1998 69.)

1010 2117 1118 2152 347.

128 2192 242 2237 Kaniq
269 2192 406 2228 doliana
442 2206 506 2243 von
535 2195 688 2229 Belemen
724 2194 887 2229 seltenlwt
923 2195 994 2228 dem
1030 2195 1165 2240 Praqer
1198 2195 1418 2241 Buryyrafen
1454 2196 1620 2230 lleiurich
1656 2197 1775 2231 Berka
1808 2198 1871 2232 [Ias
1898 2198 1999 2243 Dorl'

130 2252 320 2296 Holiczow‚
351 2255 494 2290 welches
522 2267 561 2290 er
588 2268 653 2289 von
681 2256 752 2289 dem
785 2255 957 2289 Olmiilser
985 2255 1149 2299 Bisclcose
1176 2256 1344 2291 Heinrich
1370 2268 1435 2291 'con
1460 2257 1562 2291 Dalm
1590 2257 1728 2302 erkauft
1753 2258 1861 2293 hatte.
1888 2271 1919 2294 0.
1944 2259 1989 2294 D.

863 2329 894 2351 u.
928 2316 966 2350 Ο.
998 2316 1096 2350 1334
1112 2316 1265 2350 -1346,

289 2371 379 2426 Nos
413 2392 601 2439 Johannes‚
639 2395 691 2429 dei
725 2397 834 2439 gratia
870 2399 902 2428 et
937 2399 1033 2438 cetr.7
1070 2399 1182 2428 notum
1212 2400 1245 2429 et
1273 2400 1334 2431 ctr.
1374 2396 1468 2438 Quod
1499 2397 1652 2431 dilectum
1681 2397 1811 2433 fidelem
1840 2403 1989 2433 nostrum

134 2450 319 2485 Hinconem
349 2451 501 2497 Bercam,
531 2455 772 2490 Burehravium
803 2455 1019 2500 Pragenseim
1056 2455 1096 2489 de
1125 2456 1234 2490 multis
1267 2459 1336 2491 suis
1365 2461 1530 2501 serviciis.
1560 2470 1623 2504 que
1652 2469 1727 2493 cum
1755 2459 1864 2494 debita
1894 2463 1991 2505 puri-

135 2515 202 2545 tate
231 2516 264 2546 et
291 2516 477 2547 constantia
510 2514 598 2559 fidei,
635 2527 697 2550 nec
733 2527 798 2549 non
832 2519 925 2560 grata
962 2516 1229 2562 promptitudine,
1260 2522 1375 2553 nostre
1404 2518 1598 2553 Celsitudini
1628 2522 1659 2553 in
1689 2521 1991 2566 opportunitatibus

135 2572 364 2619 complacendi
393 2584 459 2608 non
488 2575 602 2619 semel,
632 2577 690 2611 sed
719 2576 854 2623 pluries,
886 2575 980 2610 nobis
1009 2575 1157 2611 exhibuit
1182 2578 1280 2621 juxta
1310 2581 1400 2613 vires
1428 2584 1461 2613 et
1489 2590 1603 2625 posse,
1630 2579 1810 2626 Cupientes
1835 2591 1852 2614 a
1873 2586 1989 2615 nostra
