2184 2828
1050 92 1124 125 797

160 220 297 254 quarum
327 212 468 253 quatuor
497 211 527 241 in
557 207 641 241 festo
670 208 755 242 beati
787 208 949 255 Georgyi.
981 214 1011 242 et
1040 213 1180 254 quatuor
1207 211 1239 242 in
1269 207 1354 242 festo
1385 209 1469 243 beati
1498 209 1694 245 Micliabelis
1723 216 1873 257 sequenti
1909 212 2015 247 Nobis

161 272 256 304 annis
285 269 425 313 singulis
450 269 694 314 persoluentur.
720 281 780 315 pro
807 268 919 303 Marca
945 269 1090 314 qualibet
1113 268 1247 303 LXIIII.
1274 280 1414 313 grossos
1440 271 1594 305 denarios
1615 273 1849 317 computando,
1875 285 2013 319 quorum

160 334 265 364 eciam
288 328 414 363 XVIII.
437 340 597 363 annorum
627 330 734 363 eidem
762 329 912 376 Nycolao
942 335 973 364 et
1002 333 1072 364 suis
1101 341 1161 376 per
1189 341 1295 363 annos
1324 334 1463 375 quatuor
1488 331 1687 366 Libertatem
1712 333 1893 378 plenariam
1918 335 2014 368 elar-

159 394 280 436 gimur,
308 389 383 424 Non
412 389 566 424 obstante
596 395 703 424 tamen
734 402 895 424 minorum
925 391 1054 425 Talium
1083 402 1144 437 per
1177 401 1239 424 nos
1268 391 1386 424 tradita
1416 391 1578 435 libertate7
1610 393 1832 438 predictarum
1862 395 2014 429 villarum

158 451 268 485 incole
296 450 417 495 singuli
444 449 540 484 nobis
571 454 602 484 iu
628 451 746 485 debitis
772 451 975 485 decimarum
1006 450 1222 498 prouentibus
1255 451 1343 485 velut
1370 451 1509 486 abbacie
1539 454 1647 487 Ceteri
1677 453 1831 488 subsides
1860 466 2012 502 respon-

159 511 295 555 debunt„
316 511 388 545 Nec
417 511 595 545 obstabunt
624 511 947 546 contradiccionibus
977 512 1074 546 iidem
1103 512 1224 554 incole5
1253 516 1428 558 postquam
1460 524 1561 558 super
1590 514 1774 549 districtum
1805 515 2011 561 sylowensis

158 572 313 606 Ecclesic
341 583 445 619 perne
478 572 533 606 vel
568 577 680 606 stem-e
717 572 899 617 Regalibus
937 573 1054 607 edictis
1087 572 1210 607 fuerint
1241 575 1414 615 innovate,
1451 576 1527 619 quin
1562 574 1748 610 huiusmodi
1778 575 2013 620 Collectarum,

158 632 240 667 Cum
270 634 342 678 alijs
369 636 566 678 grauamina
596 637 782 667 communia
808 633 950 667 subeant
975 633 1136 680 Principis
1163 634 1295 668 culmini
1320 637 1467 680 parituri,
1490 635 1574 675 Quin
1601 639 1711 679 immo,
1738 639 1778 679 si,
1804 637 1889 683 quod
1917 637 2013 681 absit⁷

156 694 309 741 predicte
337 694 416 727 ville
444 705 504 739 per
531 704 651 738 gwere
679 697 851 736 semeiam,
883 706 942 728 seu
967 705 1199 741 quemcunque
1223 694 1354 729 modum
1381 695 1478 729 alium
1505 696 1702 741 depopulate
1726 698 1781 732 vel
1801 698 1886 732 adeo
1906 698 2013 733 deso-

158 756 223 789 late
251 754 384 797 fuerint,
414 754 499 800 quod
529 757 674 800 ipsarum
705 758 777 799 agri
807 755 915 789 debita
950 755 1036 800 Regi
1068 760 1235 802 nequeant
1269 756 1456 799 excultura,
1495 753 1592 791 Tunc
1629 763 1770 803 exparte
1798 761 1903 793 nostri
1930 758 2011 803 hini,

158 821 191 850 et
220 819 363 861 exparte
391 814 534 861 Nycolai
564 816 618 849 vel
648 827 782 849 suorum
813 816 878 850 bini
908 816 1060 862 deputari
1089 816 1209 851 debent
1237 816 1363 858 arbitra
1393 828 1532 862 quorum
1557 818 1763 861 jussionibus
1789 822 1944 865 vtrinque
1972 820 2013 854 de

159 876 269 911 Ceusu
298 876 406 910 dando
435 876 594 911 debemus
624 876 764 910 finaliter
793 880 998 920 consentire,
1033 877 1175 924 Insuper
1208 880 1235 911 si
1264 876 1436 911 Nicolaum
1475 878 1529 911 vel
1559 889 1650 914 suos?
1668 878 1810 914 heredes
1840 883 2012 926 continget

157 943 352 973 construere
386 941 513 972 curiam
550 941 581 972 in
618 938 769 972 villarum
806 939 912 985 aliqua
950 938 1185 985 predictarum,
1222 937 1357 972 Extunc
1391 938 1505 972 XVIII
1543 950 1707 973 annorum
1745 940 1859 986 elapso
1897 944 2012 987 spacio

157 1003 254 1034 annis
291 999 431 1044 singulis
469 1003 630 1045 perpetue
668 999 708 1032 de
741 998 870 1033 duobus
905 998 1025 1033 Laneis
1062 998 1209 1033 Marcam
1248 999 1413 1032 dimidiam
1450 998 1581 1033 Census
1615 1004 1715 1034 annui
1749 1000 1844 1035 nobis
1879 1002 2013 1036 soluere

157 1060 334 1102 tenebitur,
364 1059 540 1104 obligatus,
570 1059 690 1093 Adbuc
720 1059 760 1093 ab
789 1071 876 1093 anuo
910 1062 1022 1106 quinto
1060 1070 1164 1105 usque
1198 1059 1236 1093 ad
1266 1064 1398 1094 sextum
1436 1060 1598 1094 decimum
1629 1062 1804 1105 inclusiue‚
1834 1067 2009 1108 postquam

156 1120 328 1168 Nycolaus
357 1131 432 1154 cum
466 1123 536 1155 suis
576 1119 660 1154 Octo
694 1119 881 1154 Marcarum
920 1131 1055 1154 censum
1093 1120 1226 1154 soluere
1258 1121 1448 1166 neglexerit
1485 1132 1545 1167 per
1572 1121 1754 1168 bymatum,
1785 1125 1894 1156 statim
1924 1135 2011 1157 anno

154 1185 306 1228 sequenti
335 1179 457 1216 Tercio
485 1180 657 1227 Nycolaus
686 1180 782 1214 nobis
811 1181 908 1215 villas
937 1184 1123 1215 nominatas
1156 1180 1320 1215 beneuole
1355 1185 1427 1216 sine
1463 1185 1599 1229 strepitu
1628 1182 1837 1227 Resignabit,
1866 1183 1909 1218 Et
1937 1184 2012 1218 talis

154 1245 356 1277 manumissa
385 1244 572 1288 proprietas
601 1242 641 1275 ad
670 1243 848 1276 claustrum
878 1242 981 1276 libere
1010 1242 1222 1285 Reuertatur‚
1252 1245 1303 1276 sin
1333 1247 1442 1276 autem
1472 1246 1567 1277 annis
1595 1244 1667 1277 aliis
1687 1243 1818 1278 Census
1838 1244 2008 1290 predictus

149 1306 247 1349 juxta
276 1303 398 1350 Rytum
429 1303 556 1337 solutus
586 1302 683 1337 fuerit
712 1303 892 1349 expedite(
912 1303 1039 1337 duobus
1068 1303 1190 1337 ultimis
1219 1303 1391 1337 dumtaxat
1419 1304 1595 1348 neglectis,
1626 1316 1670 1338 ex
1699 1307 1834 1339 instanti
1863 1310 1940 1339 tunc
1969 1305 2010 1339 de

154 1364 252 1399 Curia
280 1363 423 1410 Nycolai
450 1365 505 1398 vel
534 1375 668 1398 suorum
698 1363 856 1397 heredum
893 1376 931 1398 ac
970 1364 1011 1398 de
1046 1363 1198 1397 omnibus
1232 1367 1264 1397 in
1301 1367 1372 1410 ipsa
1403 1364 1576 1398 Contentis
1611 1364 1769 1399 debemus
1803 1377 1865 1399 nos
1898 1369 2011 1400 intro-

153 1429 295 1467 mutere,
324 1425 466 1459 fructum
495 1425 686 1459 eorumdem
718 1428 842 1459 nostris
873 1425 987 1459 usibus
1017 1424 1247 1471 mancipando,
1278 1424 1386 1459 donec
1415 1429 1487 1460 siue
1516 1426 1741 1460 diminucione
1765 1431 1880 1460 nostra
1909 1426 2006 1461 nobis

153 1486 324 1520 censualia
352 1485 459 1520 debita
489 1486 731 1532 persoluantur.
762 1486 879 1531 quibus
909 1486 1037 1527 solutis,
1067 1485 1184 1520 educta
1206 1488 1298 1532 prius
1323 1497 1485 1532 expensa,
1509 1489 1537 1521 si
1559 1498 1657 1532 quam
1679 1486 1831 1523 fecimus.
1855 1487 2009 1533 Nycolao

152 1550 224 1582 siue
253 1550 321 1581 suis
349 1546 541 1581 Reddemus
564 1549 670 1593 ipsam
697 1546 827 1580 Curiam
855 1558 928 1580 cum
950 1546 1129 1593 pecoribus
1151 1552 1249 1592 atque
1271 1550 1438 1594 susceptis
1462 1547 1646 1594 pecudibus
1671 1551 1703 1582 in
1724 1548 1853 1591 eadem,
1874 1548 2007 1583 lllorum

150 1611 213 1642 nisi
241 1618 400 1642 numerus
428 1619 489 1654 per
516 1612 654 1641 mortem
685 1612 739 1641 aut
769 1608 829 1641 alia
860 1610 900 1641 sit
930 1608 1076 1653 pericula
1106 1607 1296 1652 diminutus,
1327 1619 1391 1653 que
1420 1607 1562 1654 Nycolai
1592 1609 1755 1655 damme
1784 1620 1851 1643 non
1880 1612 2007 1644 nostris

149 1668 340 1703 Infertuniis
368 1673 443 1702 sunt
472 1671 649 1714 asscripta7
679 1668 845 1702 Ceterum.
883 1671 909 1702 si
945 1678 1077 1702 annona
1114 1671 1144 1702 in
1176 1668 1286 1711 Curia,
1323 1669 1454 1715 quando
1492 1669 1533 1703 de
1562 1672 1632 1715 ipsa
1662 1672 1907 1704 intromittimus
1936 1669 2006 1704 Nos

149 1732 312 1774 contingit
339 1729 480 1774 aliquam
510 1732 672 1771 inuenire,
711 1729 750 1763 de
787 1729 841 1763 tali
878 1729 1117 1775 disponendum
1154 1729 1350 1764 arbitrorum
1386 1730 1564 1776 vtrobique
1595 1730 1721 1776 judicio
1749 1733 2005 1774 committemus,

148 1795 246 1836 prout
273 1793 306 1824 in
335 1790 398 1824 alio
427 1790 563 1823 articulo
593 1792 745 1835 superius
775 1794 826 1823 est
854 1801 1068 1835 expressunn
1099 1789 1139 1824 Et
1169 1801 1234 1835 ego
1263 1791 1412 1825 nicolaus
1440 1802 1507 1825 vna
1536 1803 1610 1825 cum
1645 1794 1727 1825 meis
1758 1790 1936 1825 heredibus
1966 1791 2005 1825 ad

149 1854 257 1884 omnia
287 1862 339 1884 me
367 1850 519 1895 obligans
549 1854 762 1896 antescripta.
793 1854 945 1896 promitto
975 1851 1106 1884 domino
1142 1862 1216 1884 meo
1245 1850 1366 1885 Abbati
1402 1856 1435 1886 et
1464 1851 1651 1886 Conuentui
1681 1857 1890 1886 contractum
1918 1851 2006 1886 hunc

149 1914 234 1945 inter
262 1913 366 1957 ipsum
396 1916 429 1945 et
457 1922 509 1945 me
538 1915 663 1957 Ynitum
693 1916 725 1944 et
754 1916 983 1945 consumatum
1020 1911 1139 1945 Ratun]
1176 1912 1303 1945 lirinum
1339 1924 1378 1946 ac
1413 1913 1638 1947 inviolabilem
1673 1924 1888 1955 conseruare,
1918 1924 2004 1959 pre-

150 1974 297 2005 sencium
319 1975 508 2006 testimonio
531 1971 727 2015 Literaruni‚
754 1976 785 2005 ut
813 1976 920 2005 autem
947 1972 1009 2005 bec
1029 1975 1119 2005 omni
1140 1971 1274 2006 Robore
1300 1984 1366 2006 non
1393 1978 1531 2008 careant
1552 1975 1725 2016 firmitatis,
1743 1975 1828 2018 jstas
1848 1977 2004 2019 patentes

148 2031 277 2066 Literas
305 2033 488 2077 sigillorum
517 2037 716 2075 nostrorum„
743 2033 849 2078 adque
874 2036 1016 2066 ciuitatis
1042 2033 1252 2079 yglauiensis
1279 2037 1459 2068 munimine
1482 2034 1623 2068 fecimus
1647 2037 1854 2077 communiri,
1880 2034 2003 2068 Testes

148 2092 244 2126 huius
278 2098 365 2136 sunt,
399 2093 587 2128 wilhelmus
622 2094 781 2140 plebanus
820 2097 851 2127 in
888 2095 1033 2139 yfflauia.
1073 2093 1251 2139 Marsylius
1289 2097 1389 2140 prior.
1429 2095 1631 2129 hermannus
1671 2095 1835 2141 subprior.
1873 2095 2002 2141 szmylo

147 2157 335 2199 prepositus
369 2153 521 2189 Ecclesie
554 2156 771 2201 sylowensis7
806 2155 962 2188 henricus
999 2154 1176 2200 Reymari.
1217 2155 1389 2189 conradus
1424 2156 1591 2202 gudoldy.
1627 2155 1785 2189 Lutoldus
1825 2158 2000 2197 turiserus,

147 2213 318 2247 Conradus
356 2214 396 2248 de
431 2215 596 2261 gysvbsss,
631 2216 755 2249 vlricus
795 2226 964 2257 srzcerus,
1002 2214 1175 2249 Conradus
1214 2215 1383 2259 gerhardi}
1413 2216 1512 2251 Ciues
1551 2217 1696 2262 yfflauie.
1737 2221 1768 2249 et
1806 2216 1917 2262 plures
1947 2217 2000 2250 alii

148 2274 317 2319 lidedigui.
352 2274 471 2309 Datum
499 2279 531 2310 in
559 2277 696 2323 yglauia
732 2276 880 2322 predicto
918 2287 1005 2309 anno
1042 2279 1157 2320 gracie
1193 2273 1256 2310 )1“’.
1293 2276 1547 2312 Trecentesimo
1583 2277 1760 2310 vndecimo
1785 2278 1822 2321 Jn
1853 2278 2002 2310 Annun-

147 2338 298 2369 ciacione
329 2335 430 2369 Beate
458 2348 573 2383 marye
602 2340 752 2383 virginis.
790 2358 827 2361 —
862 2338 982 2371 Amen.

457 2433 540 2459 (Navi.
566 2434 624 2460 clem
651 2433 725 2462 Uria,
751 2436 792 2459 aut
819 2434 938 2461 l'rrgzzm.
965 2435 1009 2459 init
1034 2435 1100 2459 zuei
1125 2434 1249 2467 sigittvn.
1276 2442 1372 2459 uovou
1401 2435 1448 2460 «las
1469 2437 1527 2460 vim·
1553 2436 1629 2459 riiwu
1650 2434 1700 2459 ΛΜ
1725 2435 1768 2460 mit
1793 2434 1850 2460 tlt—m
1872 2434 1998 2460 Krumm-

560 2487 617 2511 stab
643 2488 666 2512 ln
692 2488 739 2512 der
765 2487 847 2512 llawl.
874 2492 921 2510 uas
947 2486 1046 2510 anderu·
1073 2487 1149 2511 eiuen
1175 2486 1264 2511 Selulil
1291 2488 1334 2511 mit
1359 2488 1443 2512 einvm
1471 2487 1575 2512 timui-z·
1601 2486 1733 2512 ‹iai-stelll.
1755 2487 1803 2512 «las
1822 2488 1900 2512 ‹ti-1212·
1921 2486 1997 2519 Sient

559 2538 607 2562 der
631 2538 707 2564 Statu
733 2538 804 2566 tgtau
831 2540 863 2563 ist
888 2538 1058 2569 aligerisseu,
1092 2538 1123 2563 im
1154 2538 1267 2563 Setauvr
1293 2538 1480 2564 Aliteiarcbixe
1513 2538 1671 2571 innituetbeilt
1703 2547 1753 2564 ion
1786 2539 1844 2563 (leni
1871 2539 1996 2565 ‹lm-tium·

560 2589 690 2615 Arct12var
713 2590 737 2615 Ρ,
766 2590 796 2615 Υ.
824 2589 969 2621 Bauium.)

1796 2641 1846 2669 101
