2184 2828
950 108 1023 144 699

63 232 249 276 cupientes,
279 231 462 271 statuimus,
492 232 525 262 ut
545 230 695 273 magistri
715 228 882 262 scolarum
901 227 1092 273 disposicio,
1121 224 1260 267 eleccio,
1290 230 1322 259 et
1341 226 1512 261 ordinacio
1541 237 1616 261 cum
1636 226 1734 261 fuerit
1754 227 1911 262 facienda

63 290 104 324 de
137 295 249 325 cetero
284 289 388 323 libere
425 289 466 323 ad
502 289 728 335 parochialem
762 293 929 322 rectorem
965 298 1024 322 seu
1057 288 1129 320 eius
1157 288 1319 320 vicarium
1354 292 1549 334 perpetuum
1577 287 1698 322 debeat
1730 292 1910 335 pertinere,

63 351 146 385 alias
165 350 336 384 ordinacio
356 349 409 383 uel
437 349 563 383 eleccio
584 349 624 383 de
644 352 804 394 magistro
832 348 932 392 facta,
961 350 1025 382 nisi
1044 350 1190 393 ipsorum
1211 357 1397 381 consensus
1425 351 1620 392 accesserit,
1650 351 1691 383 sit
1718 352 1809 383 irrita
1839 353 1910 396 ipso

63 410 161 454 facto,
190 421 253 444 nec
282 413 385 456 ipsum
399 410 428 455 ¹)
456 412 521 444 nisi
550 409 732 455 voluerit2)
760 409 922 456 plebanus
950 419 1009 455 pro
1036 410 1196 452 magistro
1225 407 1394 442 vllomodo
1422 408 1565 443 habebit.

654 514 712 548 De
739 516 876 549 vitrici
912 513 1089 548 ecclesie
1117 511 1316 557 eligendo.

216 592 397 627 Statuimus
431 595 555 635 eciam,
590 604 687 638 quum
718 592 911 639 plerumque
945 594 1023 638 ipsis
1050 589 1238 624 rectoribus
1271 590 1492 624 ecclesiarum
1522 602 1653 626 suarum
1683 592 1723 627 ad
1752 593 1850 639 plena
1879 597 1911 627 et

60 653 101 688 ad
130 655 260 699 singula
289 653 519 687 incumbencia
549 664 652 687 onera
682 652 907 700 supportanda
936 664 1002 687 non
1030 650 1197 686 sufficiunt
1225 650 1420 693 facultates,
1454 655 1489 685 ut
1524 653 1631 687 nullus
1667 653 1707 687 de
1736 658 1849 688 cetero
1878 656 1910 688 in

61 715 169 760 aliqua
200 714 344 748 ecclesia
374 714 574 760 parrochiali
603 718 715 747 nostre
745 714 889 748 diocesis
916 716 1074 758 magister
1093 711 1210 755 ceche,
1240 714 1293 757 qui
1323 712 1405 746 alias
1425 714 1562 747 vitricus
1587 719 1726 748 vocatur
1753 714 1909 757 ecclesie,

60 775 205 820 eligatur
233 778 305 809 sine
335 777 420 809 scitu
448 774 580 820 plebani
610 775 672 808 loci
701 786 759 809 seu
790 777 1003 808 conuentoris
1033 776 1115 817 eius,
1145 775 1199 819 qui
1228 775 1333 806 eciam
1360 772 1458 807 debet
1486 784 1562 807 esse
1592 774 1696 808 tidelis
1724 779 1756 809 et
1784 778 1910 809 iuratus

59 836 224 879 ecclesie,
261 847 356 870 suum
391 835 538 869 officium
567 835 708 869 fideliter
736 846 902 868 exercere
930 835 1097 877 volentes,
1128 838 1161 868 ut
1189 833 1230 867 de
1259 833 1352 878 alijS,
1389 844 1452 880 que
1481 845 1540 880 per
1569 837 1674 880 ipsum
1703 835 1910 882 questuando

58 907 132 930 cum
161 896 292 930 thabula
320 907 381 943 per
407 896 588 930 ecclesiam
618 907 662 930 ex
690 895 917 930 oblacionibus
946 895 1088 929 fidelium
1116 894 1238 928 fuerint
1266 899 1473 940 comportata
1502 897 1534 928 in
1563 894 1796 931 festiuitatibus
1824 896 1909 931 sub-

57 957 272 1003 sequentibus
291 957 456 1000 videlicet,
486 956 675 991 Natiuitatis
695 956 827 1000 Christi,
857 956 998 999 Pasche,
1029 955 1287 998 Penthecostes,
1318 955 1558 999 Ascensionis,
1587 955 1649 990 IIII
1678 956 1910 991 festiuitatibus

58 1017 156 1052 beate
195 1021 355 1063 virginis,
389 1017 616 1052 dedicacionis
655 1018 798 1051 ecclesie
836 1028 896 1051 seu
933 1019 1077 1063 patroni,
1114 1015 1276 1062 plebanus
1305 1016 1515 1050 medietatem
1545 1017 1754 1062 integraliter
1784 1017 1910 1052 habere

59 1078 175 1122 debet,
211 1081 244 1113 in
278 1079 351 1123 alijS
387 1078 503 1113 diebus
538 1081 649 1113 vitrici
683 1081 731 1112 eis
765 1078 908 1112 tribuant
944 1081 1033 1112 iuxta
1073 1076 1351 1111 consuetudinem
1389 1075 1551 1111 hactenus
1588 1077 1814 1112 obseruatam.
1858 1078 1909 1112 De

57 1139 194 1186 reliquis
230 1150 360 1186 quoque
389 1139 430 1173 de
458 1142 576 1186 pannis
605 1150 665 1186 pro
695 1142 896 1173 ornamentis
918 1138 1082 1181 ecclesie,
1112 1137 1152 1172 de
1180 1148 1259 1172 cera
1289 1148 1349 1184 pro
1377 1137 1593 1172 luminaribus
1615 1138 1845 1184 disponendis,
1875 1143 1907 1172 et

56 1200 212 1246 quidquid
249 1200 288 1234 ad
317 1205 443 1234 certum
471 1211 568 1234 vsum
604 1201 750 1234 ecclesie
779 1200 876 1234 fuerit
905 1199 1112 1245 deputatum,
1146 1201 1255 1233 onmia
1284 1210 1344 1245 pro
1374 1198 1627 1245 disponenciuin
1656 1199 1793 1234 arbitrio
1822 1199 1906 1233 diri-

57 1266 195 1296 mentur.
244 1261 298 1296 De
333 1261 413 1295 aliis
449 1272 531 1295 cero
569 1261 694 1306 legalis
727 1263 799 1295 sice
833 1260 965 1294 relictis
1000 1262 1071 1305 ipse
1099 1264 1215 1294 rector
1242 1260 1458 1294 medietatem
1485 1262 1574 1294 sicut
1603 1261 1643 1294 de
1672 1260 1907 1294 oblacionibus

55 1335 160 1368 supra
182 1323 304 1357 dietum
324 1326 376 1356 est
391 1322 520 1356 debeat
548 1322 688 1356 habere.
718 1321 754 1356 In
775 1324 989 1368 comportatis
1011 1325 1120 1355 autem
1140 1332 1199 1367 per
1219 1323 1309 1367 ipsos
1329 1323 1479 1365 vitricos,
1508 1326 1540 1355 ut
1560 1321 1689 1366 singula
1709 1326 1805 1367 prout
1825 1333 1908 1367 pro-

55 1386 219 1426 uenerint,
248 1383 386 1417 reddant
406 1385 553 1429 ipsorum
575 1385 825 1416 conscienciam
854 1382 1070 1416 onerandum.
1099 1382 1296 1416 Adicientes
1320 1386 1355 1416 vt
1382 1384 1447 1428 ipsi
1475 1385 1584 1417 vitrici
1613 1393 1672 1416 seu
1702 1393 1909 1428 quocumque

55 1444 119 1478 alio
148 1446 281 1478 nomine
310 1448 540 1490 nuncupentur
569 1444 709 1488 singulis
739 1443 801 1477 1111
831 1443 1033 1489 temporibus
1061 1445 1138 1477 anni
1166 1443 1377 1489 presentibus
1406 1442 1508 1477 tribus
1537 1443 1589 1477 uel
1619 1448 1760 1489 quatuor
1787 1444 1907 1477 melio-

54 1503 145 1538 ribus
174 1509 205 1538 et
234 1492 542 1550 antiquioribus-de
570 1503 746 1550 parrochia
776 1508 950 1538 teneantur
983 1504 1114 1550 plenam
1143 1508 1175 1538 et
1208 1507 1370 1549 integram
1406 1504 1447 1537 de
1476 1507 1645 1538 vniuersis
1680 1507 1728 1538 sic
1756 1503 1797 1538 ab
1826 1507 1907 1550 ipsis

56 1568 223 1612 perceptis
253 1570 285 1599 et
313 1568 344 1599 in
374 1565 625 1611 quibuscunque
654 1565 754 1599 rebus
785 1568 961 1607 exsistant,
990 1567 1069 1610 ipsis
1097 1565 1315 1598 ecclesiarum
1345 1565 1529 1599 rectoribus
1557 1565 1698 1598 reddere
1727 1567 1907 1607 racionem,

53 1626 197 1672 alioquin
224 1637 290 1660 non
311 1625 473 1660 facientes
503 1631 535 1660 et
563 1629 718 1661 viuentes
748 1637 765 1659 a
796 1628 1015 1660 sacramentis
1043 1630 1280 1660 remoueantur
1307 1626 1451 1661 ecclesie
1477 1630 1509 1660 et
1529 1628 1709 1660 morientes
1738 1625 1907 1659 ecclesia—

54 1689 138 1721 stica
167 1691 303 1721 careant
332 1687 512 1734 sepultura.

894 1739 934 1766 De
957 1740 1062 1765 Jmleis.

209 1806 290 1842 Cum
335 1819 507 1842 sacrorum
556 1820 719 1843 canonum
766 1811 892 1842 statutis
938 1808 1144 1842 laudabiliter
1190 1811 1357 1854 prouisum
1402 1808 1518 1853 suerit,
1561 1813 1594 1843 ut
1632 1808 1717 1842 iudei
1759 1807 1903 1842 habitum

54 1867 242 1902 distinctum
272 1868 405 1903 deferre
435 1869 593 1912 debeant,
628 1881 688 1916 per
722 1881 817 1915 quem
849 1882 864 1902 a
895 1868 1081 1902 christianis
1111 1869 1252 1903 discerni
1283 1873 1413 1915 possint
1441 1871 1623 1908 euidenter,
1653 1871 1797 1916 alioquin
1826 1872 1905 1915 ipsis

55 1927 308 1963 christianorum
339 1934 526 1964 communio
555 1929 768 1964 subtrahitur.
814 1930 897 1970 Quia
927 1934 1037 1963 tamen
1072 1941 1114 1963 ex
1144 1929 1206 1964 hoe
1235 1931 1343 1964 nullus
1373 1936 1427 1965 aut
1456 1943 1552 1966 rarus
1582 1931 1707 1965 fructus
1737 1932 1902 1977 prouenit,

55 1991 133 2033 quin
155 2000 266 2036 ymmo
287 1993 348 2037 ipsi
368 1991 455 2024 iudei
483 1990 594 2024 habitu
623 1990 876 2024 christianorum
906 1994 1041 2024 vtantur
1069 1990 1269 2033 indistincte,
1300 2003 1342 2025 ex
1363 2003 1427 2037 quo
1448 1992 1603 2026 nonnulla
1625 1993 1903 2025 inconueniencia

54 2048 232 2084 christiane
252 2051 405 2096 religioni
427 2052 642 2085 dinoscuntur
662 2055 850 2098 prouenire.
883 2050 950 2084 Nos
980 2054 1089 2097 itaque
1114 2062 1196 2096 quos
1217 2052 1390 2097 pastoralis
1411 2052 1511 2087 oflicii
1532 2052 1705 2087 solicitudo
1735 2054 1901 2095 astringit,

55 2114 87 2143 ul
116 2112 147 2143 in
177 2110 292 2145 talibus
321 2112 498 2157 prouidere
527 2112 719 2146 debeamus.
751 2116 931 2145 statuimus.
963 2116 995 2145 ut
1025 2112 1125 2145 iudex
1155 2115 1225 2145 siue
1255 2112 1455 2157 aduocatus,
1486 2118 1519 2147 et
1547 2113 1690 2155 scabini,
1720 2124 1778 2146 seu
1807 2115 1902 2146 iurati

56 2171 203 2204 locorum
234 2171 391 2218 deinceps
420 2174 525 2207 iudeis
562 2177 702 2219 capucia
733 2172 958 2206 deterentibus
989 2172 1113 2206 aull'cre
1143 2172 1294 2207 debcant.
1339 2174 1495 2219 Alioquin
1530 2185 1594 2207 non
1626 2173 1839 2219 prohibentes
1868 2176 1902 2207 in

53 2235 119 2265 uita
140 2242 252 2264 eorum
274 2233 512 2268 ecclesiasticis
541 2239 675 2268 careant
706 2237 922 2267 sacramentis
943 2238 975 2267 et
996 2238 1069 2279 post
1100 2238 1235 2266 mortem
1258 2235 1486 2268 ecclesiastica
1516 2238 1653 2267 careant
1682 2232 1899 2279 sepultu1·a.³)

209 2291 298 2325 Sane
332 2294 405 2327 licet
443 2294 633 2328 Bonil'acius
669 2306 754 2341 papa
784 2297 1025 2327 constitucione
1054 2294 1186 2327 duxerit
1216 2295 1443 2332 statuendum,
1479 2300 1513 2328 vt
1542 2295 1627 2328 nulla
1657 2294 1900 2328 consuetudine

52 2352 224 2386 indroduci
254 2363 354 2397 posse
383 2355 522 2398 aliquem
552 2360 663 2401 preter
691 2359 740 2389 sui
771 2357 951 2400 superioris
972 2355 1144 2388 licenciam
1167 2354 1398 2389 confessorem
1428 2356 1565 2399 eligere,
1595 2357 1649 2400 qui
1669 2365 1742 2388 eum
1765 2355 1898 2389 soluere

108 2455 130 2489 ¹)
155 2465 202 2482 nei:
229 2465 276 2490 ipsi
303 2465 350 2491 pro
377 2463 502 2490 magistro
528 2462 575 2486 nisi
601 2464 650 2486 etc.
677 2458 702 2490 2’)
727 2462 856 2486 volun—rint
876 2459 972 2484 babere
990 2462 1138 2484 teneantur.
1166 2456 1190 2489 ἦ)
1208 2460 1245 2485 Sit
1263 2460 1319 2485 laus
1336 2460 1401 2485 Jesu
1420 2461 1524 2485 (bristo
1548 2460 1640 2484 Amen.
1667 2459 1813 2493 Expliciiint
1834 2461 1897 2485 Sta-

155 2512 208 2534 tuta
234 2509 331 2534 «lumini
357 2509 485 2535 lobannis
507 2510 630 2546 Epist-opi
653 2513 840 2538 tlloniurciisis
866 2512 948 2536 leliris
974 2512 1109 2537 memorie.
1135 2511 1197 2537 llis-r
1221 2512 1301 2537 rudet
1320 2512 1361 2537 (lie
1380 2512 1559 2541 l’ressbui'gei·
1578 2511 1755 2537 llanilscliril‘l.
1783 2512 1896 2537 Fasseau

155 2561 205 2585 und
232 2569 272 2585 ιιιι-
297 2562 430 2586 tiliiiiitzm'
455 2562 622 2589 llauilsvliiil‘t
653 2566 764 2594 tii-ingen
797 2564 862 2589 aiirli
888 2564 934 2588 (las
960 2563 1185 2597 svlilusscupitel,
1217 2564 1258 2589 hei
1290 2564 1316 2589 F.
1350 2567 1393 2589 mit
1418 2564 1464 2589 dei*
1490 2563 1648 2589 Aul'srhril't:
1679 2563 1755 2595 Quod
1785 2563 1897 2597 simplex

155 2614 289 2637 sinin-ulos
315 2614 391 2638 solxit
418 2615 583 2640 cumton-iu
609 2617 656 2642 sed
681 2626 732 2642 nou
759 2626 781 2642 ιιι
807 2617 912 2641 vasibus·
937 2615 1149 2649 EpiscopalibuS.

1691 2665 1750 2695 ssss
