2184 2828
986 122 1059 157 317
1154 176 1170 177 ἶ

101 243 308 276 medietatem
338 241 496 275 dictorum
526 240 690 274 fructuum
719 241 902 274 reddituum
932 245 963 274 et
992 243 1212 287 proventuum
1242 238 1439 273 confirmare
1469 239 1509 272 de
1528 238 1732 283 benignitate
1761 240 1945 284 apostolica

100 315 144 337 ex
172 307 262 336 certa
290 304 426 336 scientia
450 301 641 345 dignaretur
660 301 745 335 idem
767 301 987 347 predecessor
1006 299 1190 334 huiusmodi
1212 299 1471 344 supplicationes
1498 304 1529 333 et
1548 300 1673 333 litteras
1703 310 1762 344 per
1791 300 1946 333 dilectum

101 363 199 398 filium
228 366 373 396 nostruin
396 361 603 395 Guillelmum
632 362 713 395 tituli
743 365 848 395 sancti
879 360 1036 406 Stephani
1064 363 1097 394 in
1125 359 1209 393 celio
1238 364 1348 393 monte
1377 360 1595 405 presbiterum
1626 359 1827 393 cardinalem
1857 372 1947 393 exa-

98 426 214 457 minari
242 421 321 456 fecit
350 427 380 455 et
408 425 525 468 inspici
556 421 740 463 diligenter.
799 421 837 455 Et
867 421 994 455 denium
1025 421 1109 454 sacta
1139 420 1228 453 dicto
1257 419 1488 466 predecessori
1526 431 1627 466 snper
1655 419 1716 453 hiis
1745 431 1804 465 per
1832 421 1947 453 carili-

97 483 204 516 nalem
239 482 380 516 eundem
416 483 577 516 relatione
613 483 760 527 plenaria
797 482 882 515 idem
918 481 1138 527 predecessor
1165 491 1210 514 ex
1238 491 1278 514 eo
1313 480 1398 525 quod
1429 480 1610 526 Capitulum
1641 480 1832 526 supradicti.
1864 481 1946 526 (sic)

97 543 136 577 de
166 554 303 589 quorum
333 544 470 576 consilio
499 546 530 576 et
559 554 699 576 assensu
730 543 816 576 dicte
846 542 978 576 donatio
1007 546 1039 576 et
1066 543 1244 574 concessio
1272 540 1360 574 facte
1389 545 1499 583 erant,
1531 552 1595 574 non
1627 540 1855 586 supplicabant
1886 552 1944 586 pro

97 606 322 637 concessione
350 604 509 649 predicta.
539 602 821 636 confirmationem
851 602 1034 636 huiusmodi
1063 601 1249 635 concedere
1270 601 1463 645 denegavit.
1495 601 1706 634 Postmodum
1728 606 1836 635 autem
1859 601 1946 634 dicto

98 664 341 709 predecessore
375 663 474 697 rebus
511 663 660 696 humanis
690 668 863 709 exempto.
895 675 933 696 ac
963 665 1131 709 premissis
1161 661 1311 696 omnibus
1340 661 1435 695 nobis
1465 661 1577 695 divina
1606 661 1742 695 fax-ente
1771 662 1946 695 clementia

96 724 135 758 ad
165 728 292 770 apicem
321 727 437 758 summi
471 724 676 770 apostolatus
712 727 888 769 assumptis
924 727 1083 769 expositis
1112 723 1287 767 diligenter
1321 734 1380 768 pro
1417 727 1510 768 parte
1539 722 1702 755 Joliannis
1730 722 1887 768 Episcopi
1917 728 1949 756 et,

66 803 72 810 x
97 784 235 831 Capituli
255 796 295 818 ac
314 784 419 829 Regis
448 784 670 830 predictorum
701 789 733 817 et
761 789 872 817 vestra
905 785 959 818 l'nit
991 784 1150 817 humiliter
1171 783 1401 829 supplicatum.
1432 787 1465 816 ut
1493 785 1747 816 concessionem
1777 787 1807 816 et
1835 783 1947 817 dona-

96 849 217 879 tionem
255 845 439 879 huiusmodi
470 856 512 878 ex
541 849 630 878 certa
661 847 798 878 scientia
828 845 1025 878 conlirinare
1054 856 1091 878 ae
1120 849 1269 878 tenorem
1299 844 1480 877 litterarum
1516 846 1746 876 concessionis
1777 848 1807 877 et
1838 843 1948 877 dona-

96 909 193 939 tionis
214 906 361 939 eiusdem
383 909 413 939 in
435 906 549 938 litteris
571 910 684 938 nostre
704 906 962 938 confirmationis
984 908 1082 938 inseri
1102 904 1215 938 facere
1237 905 1276 937 de
1298 904 1500 943 boum-nitate
1521 904 1704 949 apostolica
1722 903 1945 947 dignaremur.

96 965 165 1000 Nos
185 970 293 1012 itaque
314 966 498 999 huiusmodi
529 965 823 1011 supplicationiluis
854 967 998 999 inclinati
1019 966 1183 1011 predictas
1205 969 1459 999 concessionem
1481 970 1510 998 et
1533 965 1742 997 donationem
1764 965 1948 997 medietatis

95 1027 254 1060 dictorum
289 1026 469 1068 fructuum„
505 1026 688 1060 reddituum
727 1030 758 1059 et
793 1031 1009 1071 proventuum
1044 1037 1102 1072 per
1135 1025 1256 1059 dictum
1286 1025 1473 1059 Conradum
1503 1024 1704 1070 Episcopum
1735 1024 1775 1058 de
1804 1036 1947 1058 assensu

96 1087 227 1133 capituli
262 1087 484 1133 predictorum
520 1086 726 1120 Monasterio
764 1086 887 1120 Vestro
923 1091 953 1120 ut
989 1087 1165 1132 predicitur
1201 1086 1307 1120 saetas
1346 1090 1435 1119 ratas
1471 1090 1501 1118 et
1536 1090 1651 1129 gratas
1688 1085 1849 1118 babentes
1888 1097 1946 1119 eas

97 1151 290 1182 auctoritate
319 1148 502 1194 apostolica
533 1159 576 1180 ex
606 1152 697 1180 certa
727 1150 865 1180 scientia
895 1148 1145 1181 contii-mainus.
1179 1152 1210 1180 et
1240 1150 1406 1192 presentis
1436 1149 1549 1191 scripti
1578 1149 1763 1191 patrocinio
1793 1157 1948 1179 eominu-

95 1212 212 1242 nimus.
244 1208 410 1242 Teronein
441 1208 597 1241 dictarum
629 1209 808 1241 litterarum
839 1211 1067 1241 concessionis
1088 1212 1118 1241 et
1138 1207 1324 1241 donationis
1346 1206 1503 1252 Episcopi
1533 1211 1563 1240 et
1586 1208 1722 1251 Capituli
1744 1206 1970 1251 prefatorum,

95 1269 305 1315 presentibus
335 1272 434 1302 inseri
464 1268 636 1305 facientes.
667 1272 719 1314 qui
749 1268 822 1301 talis
851 1273 909 1303 esi.
942 1268 1112 1302 conradus
1142 1268 1202 1302 Dei
1230 1271 1338 1312 gratia
1358 1267 1545 1313 Episcopus
1570 1267 1804 1300 Olomucensis
1836 1267 1948 1300 liono-

96 1329 253 1363 rabilibns
282 1334 313 1363 et
342 1330 506 1373 religiosis
535 1332 614 1362 viris
644 1329 766 1363 Abbati
796 1334 827 1362 et
863 1330 1046 1362 Conventni
1076 1329 1270 1362 Monasterii
1306 1328 1510 1361 Sedlieensis
1548 1328 1672 1361 ordinis
1716 1328 1947 1361 Cisterciensis

97 1390 277 1434 Pragensis
306 1390 450 1423 diocesis
478 1390 614 1423 salutem
645 1393 678 1423 in
707 1389 848 1423 Domino
878 1393 1124 1434 sempiternam.
1180 1389 1340 1434 Exposcit
1376 1392 1459 1421 inter
1494 1390 1556 1421 alia
1585 1393 1648 1421 etc.
1679 1399 1795 1433 usque.
1827 1388 1947 1421 Datum

96 1454 127 1484 in
158 1450 294 1484 Olmucz
323 1462 410 1484 anno
442 1450 571 1484 Domini
601 1451 772 1484 millesimo
802 1451 900 1483 CC&
930 1450 1069 1483 Xxwff.
1101 1449 1142 1483 lll
1172 1449 1257 1483 Non.
1287 1449 1408 1483 Martii.
1445 1450 1498 1491 (S.
1537 1448 1566 1482 d.
1592 1448 1629 1482 T.
1653 1453 1748 1481 unler
1769 1449 1831 1481 den
1854 1449 1948 1493 Sup-

97 1512 314 1556 pleinenten.)
358 1511 442 1544 Nulli
478 1522 560 1556 ergo
596 1516 656 1544 etc.
696 1515 809 1544 nostre
839 1511 1096 1544 confirmationis
1125 1510 1306 1555 infringere
1335 1514 1397 1543 etc.
1437 1510 1555 1542 Datum
1585 1509 1669 1555 apud
1699 1508 1945 1542 Yinaninownn

97 1573 342 1605 Avinionensis
375 1571 529 1605 Diocesis
558 1571 637 1605 Ylll
666 1571 835 1605 Kalendas
866 1570 1072 1616 Septembris
1098 1560 1189 1604 ‘anno
1218 1574 1333 1617 primo.

404 1651 489 1682 (Nacti
514 1650 572 1676 dem
598 1651 672 1684 (ΜΞ.
704 1650 820 1684 ltegeste
846 1650 945 1675 l'abst's
971 1649 1093 1674 (ln-mens
1117 1649 1162 1674 Vl.
1193 1649 1217 1674 J.
1243 1649 1262 1675 l.
1288 1649 1315 1675 B.
1341 1649 1383 1675 lx.
1411 1649 1451 1676 ΒΓ.
1479 1650 1516 1674 511
1543 1650 1569 1675 δ’.
1600 1648 1656 1674 17&
1682 1650 1713 1674 1111
1739 1648 1946 1674 Yaticanischen

510 1703 624 1728 Ari-inve
649 1711 679 1728 zn
705 1702 778 1729 Rom.
806 1702 899 1727 N'nlnn.
928 1702 1062 1727 Abs-vnvm
1087 1702 1119 1726 ini
1144 1701 1226 1726 mulir.
1251 1701 1337 1727 stand.
1363 1701 1603 1731 Lainlesarelnxe.)

969 1821 1072 1855 437.

97 1901 285 1945 Marquaf
307 1901 395 1935 [ἴαν-Ι
423 1913 483 1934 rou
506 1901 648 1934 Malo-eu
679 1900 841 1943 bes-trilsth
870 1900 929 1933 der
959 1899 1080 1932 l'ersla
1111 1910 1171 1931 1·οη
1193 1899 1309 1932 Βνῖίηη
1339 1900 1393 1933 (lie
1416 1899 1643 1942 Besilzunfswt
1674 1900 1705 1931 in
1728 1897 1945 1931 Srlmlseleftz-

175 1963 241 1995 um!
270 1954 457 1995 Cernen-ie.
505 1962 564 1995 I)l.
597 1962 730 2005 ἣτ’-[μυ.
761 1963 814 1994 ilie
844 1960 1081 1993 trans-latiam&
1110 1959 1148 1993 S.
1179 1959 1352 1993 Lmlmt'llse
1383 1960 1464 2001 (lo'.
1496 1959 1718 2004 iS'eplwnlwr)
1753 1958 1863 1991 1312.

246 2038 335 2091 λος
372 2058 509 2091 Carolus
545 2057 666 2090 domini
695 2060 786 2100 regis
822 2055 987 2089 llolieinia·
1021 2057 1258 2100 primogenitus
1293 2054 1443 2088 Marc-bio
1482 2054 1641 2088 Mor-avia*
1679 2059 1742 2087 etc.
1774 2063 1947 2096 recogno-

98 2119 219 2150 scimus
248 2117 288 2151 ad
316 2121 566 2157 universorum.
597 2129 734 2162 quorum
765 2121 917 2157 interest.
948 2120 1000 2149 ant
1031 2118 1194 2148 interesse
1223 2118 1357 2160 poterit.
1389 2116 1541 2149 volumus
1570 2118 1713 2148 notitiam
1753 2115 1943 2158 pervenire.

97 2187 171 2210 cum
202 2179 277 2222 quia
311 2178 432 2211 devota
467 2183 578 2212 nostra
615 2178 726 2212 Persla
756 2178 796 2211 de
825 2177 931 2210 Bruna
964 2178 1197 2220 possessiones
1228 2186 1304 2209 suas
1333 2180 1364 2209 et
1400 2176 1483 2209 bona
1515 2179 1544 2209 in
1576 2176 1659 2208 villis
1682 2173 1884 2206 Scliellscbiz
1913 2177 1945 2206 et

99 2238 273 2271 Czinowiz
302 2248 360 2282 per
388 2238 493 2272 felicis
523 2242 689 2272 memorize
719 2238 881 2284 quondam
917 2239 1164 2269 serenissimam
1195 2235 1359 2269 dominam
1388 2236 1570 2281 Etysatwili
1600 2238 1747 2275 reginam
1779 2233 1944 2267 Boin-inia-

97 2301 293 2343 genitricem
322 2303 468 2332 nostram
498 2303 722 2335 carissimam.
754 2298 950 2332 hereditario
975 2298 1051 2339 jure
1081 2296 1218 2328 collatas
1240 2300 1271 2328 et
1291 2297 1429 2329 donatas
1458 2297 1564 2329 eidi-ni
1596 2298 1694 2327 tenuit
1720 2296 1811 2337 justo
1841 2294 1942 2329 titulo.

97 2362 170 2392 sinc
199 2358 432 2403 impedimento
462 2360 605 2404 quolibet
634 2364 666 2393 ct
693 2359 842 2405 possedit
871 2358 1051 2400 lineasque.
1107 2355 1177 2389 Nos
1207 2360 1458 2401 possessionem
1496 2354 1678 2399 linjnsniodi
1708 2354 1940 2399 approbamus.

97 2418 297 2453 ratificamus
332 2423 364 2451 et
393 2418 432 2451 de
461 2424 551 2452 certa
581 2423 720 2453 scientia
751 2419 984 2453 contii-mannis
1013 2417 1162 2461 plenam,
1193 2427 1316 2449 meram
1346 2416 1500 2450 liberam.
1531 2428 1568 2448 ac
1598 2414 1817 2448 onmimodain
1848 2415 1941 2447 dit-la·

97 2479 218 2513 Perslae
246 2478 471 2512 concedentes
501 2484 531 2512 et
560 2480 675 2514 dantes
704 2480 913 2514 nibilominus
935 2481 1143 2523 potestatem.
1175 2477 1291 2509 eadem
1312 2476 1398 2510 bona
1427 2480 1458 2510 in
1489 2481 1566 2517 toto.
1597 2476 1650 2509 vel
1680 2478 1711 2508 in
1740 2481 1845 2521 parte.
1877 2479 1940 2507 tam

96 2542 128 2573 in
157 2543 225 2573 vita
255 2550 350 2585 qnam
381 2542 410 2572 in
441 2544 544 2572 morte
573 2540 824 2586 quibuscunque
853 2541 1016 2584 personis.
1047 2537 1285 2570 ecclesiasticis
1312 2538 1365 2570 vel
1387 2536 1613 2570 sa=cularibus.
1644 2535 1752 2574 dandi„
1783 2536 1938 2569 donandi.

97 2599 250 2644 legandi‚
287 2599 469 2633 vendendi.
507 2601 743 2643 commutandi,
781 2601 834 2634 vel
870 2599 950 2633 alias
980 2598 1020 2631 dc
1049 2597 1195 2633 eisdem.
1231 2602 1326 2643 prout
1354 2597 1415 2631 sibi
1443 2597 1603 2642 placuerit
1631 2596 1844 2642 disponendi,
1875 2607 1941 2628 non
