2184 2828
1056 131 1130 166 236

173 256 321 299 cupimus
348 254 536 298 peruenire.
567 249 665 292 Quod
693 252 768 296 quia
796 250 1098 284 excellentissimus
1123 251 1296 295 princeps,
1326 247 1476 283 dominus
1495 253 1627 292 noster,
1657 248 1808 282 dominus
1828 246 2013 290 Johannes,

172 314 306 348 Inclitus
334 324 396 347 rex
425 312 560 346 Boemie
588 322 628 345 ac
655 310 958 355 Lucemburgensis
987 320 1100 344 comes
1127 312 1161 343 in
1188 320 1275 343 anno
1303 308 1425 343 domini
1451 309 1626 343 Millesimo
1646 309 1897 342 Trecentesimo
1917 306 2015 348 Qua-

173 374 487 419 dragesimoprimo.
517 371 600 406 feria
629 371 775 405 secunda
803 370 887 404 infra
916 374 1052 404 octauas
1088 372 1239 415 corporis
1268 369 1409 413 Christi,
1443 372 1636 403 conuocatis
1664 368 1819 402 PrelatiS.
1838 394 1846 402 .
1880 367 2015 401 Princi-

172 435 287 481 pibus,
305 461 312 468 .
337 432 539 467 Baronibus.
557 458 565 466 .
588 431 760 466 Nobilibus
777 459 784 465 .
801 458 808 465 .
827 430 1024 465 Consulibus
1040 441 1117 465 seu.
1135 456 1142 463 .
1165 429 1285 464 Iuratis
1305 429 1452 476 predicte
1471 433 1613 464 ciuitatis
1629 429 1808 473 Pragensis
1827 432 1860 462 et
1878 427 2016 462 aliarum

174 498 340 529 ciuitatum
369 496 465 539 regni
492 493 630 527 Boemie
658 492 784 526 ciuibus
812 502 961 526 necnon.
980 518 987 525 .
1024 490 1227 524 Consiliariis
1255 501 1316 525 seu
1344 489 1635 525 Ambassatoribus
1664 491 1804 523 ciuitatis
1828 487 2016 522 VVratizla-

174 558 297 589 niensis
316 554 435 588 ibidem
463 554 715 599 presencialiter
742 551 925 586 astantibus
954 552 1053 586 talem
1073 561 1185 585 eoram
1213 553 1261 584 eis
1289 549 1528 585 ordinationem
1549 550 1642 584 duxit
1660 549 1789 595 publice
1817 547 2016 591 faciendam,

175 617 291 650 volens
319 626 392 649 eam
420 614 544 648 habere
572 613 673 648 robur
700 617 860 659 perpetue
888 612 1059 646 firmitatis.
1108 611 1198 645 Sane
1231 610 1405 654 videlicet‚
1433 610 1696 656 quandocunque
1724 620 1768 643 ex
1794 610 2017 655 permissione

175 677 284 711 diuina
319 679 425 721 ipsum
461 675 626 709 dominum
665 674 792 718 Regem
827 672 866 707 ab
901 672 962 706 hac
995 675 1083 715 vita‚
1118 671 1204 716 quod
1237 671 1343 714 absit,
1379 674 1522 716 migrare
1557 673 1783 715 contingeret,
1822 668 1908 714 quod
1941 672 2018 703 tunc

175 741 280 771 statim
309 748 370 770 nos
399 740 432 770 et
458 735 605 781 predicta
626 737 741 768 ciuitas
761 733 940 778 Pragensis
960 733 1001 767 ad
1027 733 1184 766 illustrem
1204 734 1385 778 principem
1413 732 1576 766 dominum
1596 730 1772 772 Karolvm‚
1801 729 1877 763 dicti
1896 728 2017 763 domini

175 800 279 831 nostri
307 799 398 842 regis
424 824 431 830 .
463 824 470 830 .
495 795 631 829 Boemie
665 797 940 840 primogenitum,
975 793 1200 827 marchionem
1227 792 1377 826 Morauie
1411 803 1554 837 suosque
1571 819 1578 826 .
1597 819 1604 826 .
1632 790 1772 825 heredes
1800 790 1961 824 duntaxat
1987 793 2020 823 et

176 859 214 891 ad
236 858 358 892 nullum
379 857 476 891 alium
496 860 586 890 iuxta
607 854 855 889 ordinacionem
874 854 1011 900 predicti
1032 853 1153 888 domini
1173 855 1293 887 nostri.
1312 880 1319 887 .
1347 855 1436 898 regis
1464 857 1651 899 respectum
1679 850 1868 885 omnimode
1896 849 2019 884 habere

176 919 368 953 debeamus.
397 917 467 952 Nos
496 920 605 962 itaque
633 918 735 961 ipsius
763 915 885 949 domini
914 917 1034 948 nostri.
1053 941 1060 948 .
1087 916 1178 959 regis
1200 913 1359 947 mandatis
1387 924 1426 947 ea
1454 925 1516 959 qua
1545 913 1640 946 decet
1659 913 1855 946 reuerencia
1882 909 2020 945 obedire

177 980 340 1013 humiliter
371 981 542 1024 cupientes
578 988 637 1022 pro
672 976 791 1010 nobis.
823 1002 830 1009 .
866 975 1053 1009 Heredibus
1082 979 1114 1008 et
1143 1001 1150 1008 .
1182 1001 1189 1008 .
1226 973 1486 1008 Successoribus
1522 976 1647 1007 nostris
1680 974 1898 1018 promittimus
1932 970 2019 1005 bona

177 1045 207 1074 et
233 1043 365 1074 sincera
387 1039 448 1073 lide
476 1038 612 1072 firmiter
639 1041 671 1071 et
696 1036 915 1082 spondemus,
944 1035 1031 1082 quod
1052 1035 1316 1081 quandocunque
1335 1034 1535 1080 sepedictum
1555 1033 1720 1067 dominum
1739 1036 1886 1067 nostrum
1905 1041 2020 1076 regem

178 1101 313 1134 Boemie
347 1099 512 1134 decedere
547 1100 723 1143 contigerit
757 1096 797 1131 ab
826 1096 888 1130 hac
915 1100 999 1140 vita,
1028 1096 1082 1130 Ex
1110 1100 1187 1130 tunc
1216 1095 1255 1129 ad
1284 1098 1391 1142 ipsum
1419 1122 1426 1129 .
1457 1122 1464 1129 .
1495 1094 1661 1128 dommum
1689 1093 1914 1127 marchionem
1942 1090 2020 1126 Mo-

177 1164 267 1195 rauie
297 1188 303 1194 .
335 1189 342 1195 .
380 1160 588 1205 heredesque
621 1170 699 1193 suos
738 1163 769 1192 et
797 1157 838 1191 ad
865 1158 987 1191 nullum
1017 1157 1113 1191 alium
1141 1157 1295 1191 volumus
1329 1155 1451 1189 habere
1487 1159 1678 1201 respectum
1708 1153 1835 1199 sibique
1867 1157 2019 1198 tanquam

177 1233 259 1256 vero
287 1226 319 1255 et
345 1221 491 1266 legitimo
520 1219 650 1254 domino
678 1223 790 1253 nostro
819 1221 851 1252 in
880 1217 1031 1252 omnibus
1061 1221 1093 1251 et
1118 1228 1178 1263 per
1196 1219 1305 1251 omnia
1333 1215 1503 1250 intendere
1531 1226 1651 1261 parere
1670 1218 1703 1248 et
1721 1213 1857 1248 obedire
1883 1206 2029 1248 fideliter

177 1294 250 1316 cum
279 1282 406 1316 effectu.
462 1280 586 1315 Harum
615 1284 802 1314 nostrarum
830 1282 1017 1313 testimonio
1045 1279 1223 1312 literarum.
1280 1277 1398 1311 Datum
1426 1287 1512 1310 anno
1542 1280 1573 1310 cl
1602 1276 1654 1309 die
1682 1279 1715 1309 ut
1742 1285 1853 1321 supra.

485 1359 570 1392 (Nacli
599 1360 672 1385 einer
703 1358 839 1384 Aust-lirin
869 1359 902 1384 im
932 1358 957 1383 k.
984 1358 1073 1383 liohm.
1098 1358 1215 1383 Museuin
1240 1365 1287 1382 aus
1317 1356 1375 1382 dem
1400 1355 1473 1389 Orig.
1499 1355 1546 1381 des
1572 1355 1596 1380 k.
1622 1354 1647 1380 k.
1674 1354 1852 1380 Hosarcliives
1875 1361 1906 1380 zu
1930 1352 2019 1378 Wien.

590 1411 767 1445 Abgedruckt
792 1411 833 1436 bei
857 1410 942 1436 Pelzel
967 1410 996 1436 K.
1023 1409 1083 1435 Karl
1108 1409 1165 1441 lV.⁷
1190 1409 1217 1435 T.
1243 1409 1261 1434 l.
1288 1407 1457 1434 Urkundenb.
1484 1408 1510 1432 S.
1539 1405 1586 1434 25.
1613 1415 1636 1432 n⁴
1662 1406 1758 1438 XXV.)

1051 1529 1159 1565 328.

325 1592 464 1656 Konig
499 1610 631 1644 Johann
672 1608 804 1644 belielilt
840 1608 899 1643 der
932 1608 1028 1642 Stadt
1062 1607 1221 1651 Bresqu,
1258 1609 1383 1641 seinem
1420 1604 1534 1640 Soline
1568 1604 1646 1639 Karl
1675 1616 1715 1639 zu
1743 1603 1912 1649 liuldigen.
1966 1601 2022 1637 Dt.

182 1674 343 1718 Dienstag
371 1676 403 1706 in
431 1672 490 1705 der
518 1669 938 1705 Frolinleiclinamswoche
966 1668 1044 1715 (12.
1073 1668 1168 1715 Juni]
1198 1667 1307 1702 1341.

489 1750 585 1782 (Klose
611 1750 676 1775 ulier
702 1749 809 1775 Breslau
835 1748 953 1781 Exti-act,
978 1749 1138 1783 mitgetheilt
1160 1755 1221 1774 vom
1245 1747 1307 1773 llrn.
1335 1745 1464 1772 Archivar
1487 1744 1531 1770 Dr.
1547 1744 1591 1769 W.
1617 1744 1820 1776 wattenbach.)

1054 1868 1162 1904 329.

335 1931 536 1995 Markgras
560 1949 638 1984 Karl
668 1960 733 1983 von
762 1947 899 1982 llliiliren
929 1947 1069 1981 befreiet
1096 1949 1152 1980 mit
1179 1948 1305 1980 seinem
1332 1944 1435 1978 vater
1456 1943 1563 1983 Koma
1582 1943 1712 1977 Jolinnn
1742 1943 1795 1978 die
1815 1942 1944 1988 Biirger
1965 1942 2024 1976 der

184 2012 329 2046 Altstadt
349 2011 436 2056 Prag
458 2010 515 2045 uus
533 2010 646 2045 siebeu
666 2009 768 2043 Jahre
792 2020 858 2043 von
884 2009 968 2043 allen
995 2008 1172 2053 Abgulien.
1202 2007 1255 2040 Dt.
1274 2005 1399 2049 Pragae.
1427 2007 1457 2037 iu
1484 2004 1536 2037 (lic
1564 2004 1594 2038 l).
1617 2004 1683 2038 Viti
1704 2003 1781 2049 (15.
1798 2003 1893 2049 Juni)
1912 2002 2021 2037 1341.

491 2089 682 2124 (Abgeclruclxt
706 2089 747 2114 liri
772 2088 855 2114 Pelzcl
880 2088 989 2114 K.1(ar1
1014 2087 1058 2113 lV.
1084 2087 1103 2113 l.
1129 2087 1174 2113 Tli.
1193 2085 1362 2113 Urknndenb.
1388 2084 1414 2109 S.
1441 2083 1478 2109 :32
1506 2093 1529 2109 n.
1549 2084 1638 2110 xxxi.
1665 2085 1689 2110 iu
1715 2085 1789 2110 einer
1811 2083 1900 2110 bolim.
1919 2082 2023 2109 Ueber-

595 2145 707 2174 sowing
731 2149 777 2166 aus
805 2140 864 2166 dem
889 2140 1077 2175 Kopiarbudie
1102 2140 1134 2165 im
1159 2139 1274 2165 Archive
1299 2137 1346 2163 der
1371 2136 1485 2162 :kltstudt
1511 2136 1600 2169 Prug.)

1053 2259 1160 2295 330.

188 2342 299 2385 Κοινὴ]
327 2342 462 2375 ‚lahama
500 2352 561 2375 ron
598 2340 749 2373 Balanea
778 2340 843 2373 und
875 2339 994 2372 dessen
1023 2338 1117 2372 Solen
1153 2336 1339 2380 illarltqras
1360 2334 1450 2367 lsai-I
1476 2334 1626 2378 best-esen
1655 2335 1717 2369 das
1746 2334 1888 2368 Kloster
1916 2331 2023 2366 Ossek

239 2404 304 2445 auf
324 2402 439 2435 sichen
467 2402 576 2435 ,ΙιιΙινιτ
604 2412 666 2434 του
697 2401 787 2433 allen
817 2399 993 2444 Abyabeu.
1049 2399 1109 2433 DI.
1144 2398 1273 2442 Pru-qe,
1308 2397 1340 2428 7¹11
1374 2396 1428 2428 dic
1456 2394 1486 2428 l».
1525 2395 1591 2429 l'ili
1619 2395 1699 2438 (15.
1728 2395 1829 2437 Jmn')
1862 2392 1970 2428 132'11.

346 2478 432 2530 lxos
468 2496 639 2530 Jolianncs
675 2495 725 2529 dci
764 2498 877 2537 gracia
907 2494 1042 2528 Bocmie
1072 2493 1146 2527 Rex
1176 2503 1215 2527 nc
1242 2489 1540 2531 Lucomlmrg-onsis
1569 2491 1707 2530 Comes,
1736 2489 1856 2524 Notum
1884 2487 2023 2522 facimus

189 2562 303 2590 tenore
333 2560 540 2601 presencium
570 2559 746 2590 vniucrsis.
803 2555 896 2596 Quod
925 2557 999 2600 quia
1035 2554 1142 2587 deuoti
1179 2555 1277 2587 nostri
1306 2551 1424 2585 dilecti.
1451 2578 1457 2584 .
1482 2550 1596 2585 Abbas
1624 2555 1656 2584 ot
1684 2550 1873 2584 conuentus
1902 2547 2024 2581 Mona-

189 2620 278 2651 stvrii
316 2618 516 2651 Osse-censis
552 2629 609 2662 pro
643 2622 754 2651 nostru
791 2615 927 2662 speciali
962 2617 1163 2649 necessitate
1197 2623 1313 2647 omncs
1347 2611 1508 2645 collectas
1543 2616 1575 2645 ct
1609 2613 1839 2656 imposiciones
1875 2619 1956 2654 quus
1985 2608 2024 2642 ab
