2184 2828
1037 110 1082 144 59

136 229 288 263 (luximus
323 227 364 261 de
399 227 552 261 mandato
587 227 707 261 domini
744 227 910 261 Genitoris
943 231 1046 261 nostri
1081 232 1113 260 et
1148 227 1188 260 (le
1223 232 1334 261 nostra
1370 232 1483 272 gracia
1520 230 1656 275 speciali
1691 229 1922 265 Decernentes
1951 236 1981 265 et

135 293 328 329 statuentes,
358 293 394 322 vt
423 299 484 321 vos
512 291 619 333 ipsum
647 292 796 321 vestrum
823 287 1072 329 Monasterium‚
1106 286 1203 323 bona.
1238 299 1296 322 sen
1333 288 1481 323 homines
1511 293 1612 336 ipsius
1641 290 1681 324 ad
1711 291 1835 336 aliquas
1865 291 1982 338 hospi-

137 349 289 391 talitates,
324 351 596 394 procuraciones,
631 348 682 382 uel
718 360 887 394 expensas
921 348 1091 382 faciendas
1132 348 1292 394 aliquibus
1334 348 1498 383 nobilibus
1541 350 1738 387 Barouihus.
1778 363 1837 385 sen
1874 356 1979 386 eciam

135 408 350 443 venatoribus
378 413 537 454 perpetuo
566 420 633 442 non
668 412 847 442 teneamini
890 409 1037 453 obligati.
1092 408 1340 454 Hospitalitates
1369 414 1476 443 tamen
1507 414 1578 456 pias
1607 411 1810 456 Peregrinis.
1840 412 1978 456 Egenis.

133 469 281 512 infirmis,
311 480 350 503 ac
379 469 451 513 alijS
479 472 633 515 personis
661 469 903 505 ,miserabilibus
932 469 1102 503 faciendas
1130 469 1227 503 vobis
1256 473 1388 503 minime
1417 470 1638 516 prohibenms.
1669 472 1847 506 Statnimns
1876 476 1979 507 eciam

133 534 166 564 et
193 530 347 565 volumus
375 534 411 563 vt
430 530 561 575 opidani
587 532 690 563 vestri
711 532 742 562 in
773 529 928 575 Scliaycz
948 535 979 564 et
1000 530 1109 563 Incole
1129 530 1279 564 villarum
1300 535 1486 565 vestrarum
1506 531 1701 566 Wemislicz
1722 538 1753 566 et
1774 533 1980 579 Gnelienycz

133 590 276 624 braxare
305 595 338 624 et
365 590 514 624 vendere
543 593 627 624 intra
657 601 735 624 suos
772 590 890 623 limites
926 593 1051 637 possint
1085 589 1307 624 Cerenissiam
1351 591 1453 625 libere
1488 597 1519 625 et
1548 595 1681 638 inpune.
1712 593 1819 639 Ipsum
1850 606 1980 640 quoqne

132 650 272 697 Opidum
292 650 448 697 Scllaycz
468 650 575 684 forum
597 661 703 686 sunm.
725 654 907 684 conswetis
929 651 1042 685 (liebus
1063 651 1326 697 Septimanarnm
1348 655 1422 685 anni
1444 652 1548 686 libere
1570 653 1763 688 celebrabit.
1784 654 1981 688 Mandantes

134 713 299 745 vniuersis
328 716 359 745 et
387 712 525 755 singulis
554 710 760 745 Oflicialibus
790 711 974 746 Bai-onibus
1001 711 1259 758 prouincialibus
1289 717 1320 746 et
1341 714 1539 746 (jamenu-ns
1569 717 1689 747 nostris
1719 726 1778 760 per
1796 715 1979 749 Morauiam

133 772 343 818 presentibus
372 777 403 806 et
430 772 558 815 futuris⁷
594 771 766 813 Quatenus
795 783 869 811 vos,
907 778 1053 806 restrum
1087 772 1336 806 Monasterimn.
1376 773 1526 807 homines
1562 779 1593 808 et
1629 774 1713 808 hona
1748 780 1777 808 et
1808 779 1978 821 presertim

134 831 274 878 Opidum
303 837 335 867 et
362 833 458 866 villas
488 832 653 878 predictas
682 835 714 866 ill
742 832 876 866 Jurihus
905 839 959 867 aut
986 835 1107 878 gracijs
1136 837 1279 879 ipsorum
1310 839 1425 868 contra
1454 834 1614 868 huismodi
1645 840 1755 869 nostre
1776 836 1980 870 Inmunitatis

131 895 280 937 graciam
308 904 374 927 non
409 893 597 936 molestent,
634 895 817 939 inquietent
851 894 904 927 vel
941 893 1143 940 perturbent,
1177 905 1241 928 nec
1276 895 1444 929 molestari
1479 898 1651 941 inquietari
1686 896 1740 930 nel
1781 896 1903 930 turbari
1940 897 1980 930 al)

133 954 206 998 alijs
234 956 421 1000 permittant
449 953 724 998 Inilignacionem
753 958 901 988 nostram
935 958 1178 999 grauissimam,
1216 958 1242 989 si
1273 966 1372 989 secus
1401 956 1542 990 fecerint
1570 959 1744 990 incursuri.
1776 957 1810 990 ln
1842 968 1978 1003 quornm

133 1016 278 1048 omnium
306 1017 526 1048 testimonium
546 1014 697 1058 Sigillum
726 1019 873 1048 nostrum
902 1015 1108 1061 presentibus
1136 1020 1187 1050 est
1215 1027 1408 1061 appensum.
1440 1016 1558 1050 Datum
1581 1017 1714 1051 Brunne
1742 1018 1844 1051 indie
1865 1018 1978 1052 Sancti

133 1074 221 1108 Ruffi
248 1085 336 1109 anno
365 1075 487 1109 domini
514 1075 690 1109 Millesimo
720 1075 972 1109 Trecentesimo
1002 1076 1184 1110 Tricesimo
1212 1080 1335 1122 quinto.

440 1154 506 1183 (Das
537 1154 611 1188 Orig.
644 1154 691 1180 anf
717 1154 885 1184 Pergament.
915 1155 1011 1181 ‹lessen
1044 1155 1117 1189 Sigill
1148 1156 1306 1190 aliger-issen
1337 1157 1379 1182 ist.
1408 1158 1440 1182 im
1474 1157 1590 1183 Areliire
1620 1157 1762 1183 desselben
1788 1157 1918 1183 Kios-icis.
1946 1159 1977 1183 im

542 1215 574 1232 m.
600 1210 633 1233 st.
658 1207 869 1233 Landesarcliive
893 1207 938 1233 Lit.
964 1207 992 1233 Y.
1019 1207 1050 1233 11.
1076 1216 1100 1233 n.
1128 1206 1189 1240 19.)

1019 1328 1090 1363 79.

132 1404 319 1450 Marhqraf
351 1405 443 1439 Kar!
481 1406 624 1439 rerleilel
664 1406 725 1439 der
766 1405 869 1439 Stmll
916 1405 1093 1440 Treln'tsele
1134 1407 1322 1452 dfejem'yen
1367 1408 1515 1450 Redde„
1559 1410 1616 1441 mil
1659 1408 1805 1441 areli-laen
1850 1408 1976 1452 Zuaysm

133 1465 305 1500 bewidmet
333 1468 387 1500 ist.
418 1466 477 1500 Dt.
500 1469 531 1500 e'n
553 1467 670 1500 Brodti
696 1467 911 1500 Teutomwli
937 1468 989 1500 dfe
1017 1467 1176 1501 decollat.
1199 1467 1228 1501 b.
1249 1468 1418 1501 ‚Iohannis
1437 1468 1541 1513 Bapt.
1566 1468 1647 1511 (Εἴ).
1670 1469 1840 1513 Anausis)
1865 1469 1974 1502 1335.

287 1542 446 1596 Carolus
486 1562 620 1596 Domini
656 1562 760 1607 Regis
798 1562 933 1596 Boemie
974 1562 1227 1607 PrimogenituS.
1269 1563 1419 1597 lllarcliio
1460 1563 1621 1599 Moraiiie.
1665 1563 1814 1598 fidelihus
1855 1568 1978 1598 nostris

131 1622 271 1665 dilectis,
299 1622 418 1666 Jndici‚
448 1622 594 1657 Consilio
623 1627 654 1656 et
683 1624 911 1657 Communitati
941 1623 1106 1656 hominum
1134 1626 1165 1657 in
1196 1623 1349 1666 Trebicz,
1379 1625 1517 1658 salntem
1547 1629 1578 1658 et
1613 1624 1732 1658 honam
1761 1617 1976 1659 voluntatem.

132 1682 210 1717 Heri
239 1683 314 1716 dum
343 1683 427 1729 apud
448 1683 517 1717 Nos
536 1683 698 1717 Dominus
718 1683 840 1718 Noster
860 1684 996 1717 Genitor
1025 1683 1213 1729 hospitaret„
1243 1685 1386 1730 providit
1413 1685 1582 1719 salutifere
1610 1696 1683 1719 cum
1714 1685 1833 1719 denoto
1862 1691 1976 1719 nostro

130 1732 263 1778 Abbate
292 1743 506 1778 Trebicensis
535 1744 727 1788 Monastcrij
759 1747 922 1778 ciuitatem
952 1749 1098 1777 vestram
1126 1744 1209 1778 infra
1239 1748 1413 1779 triennium
1442 1749 1542 1780 muris
1570 1750 1601 1780 et
1627 1746 1761 1780 fossatis
1781 1745 1977 1779 fortitudinis

131 1807 232 1849 cingi7
261 1808 294 1838 et
321 1807 419 1838 etiam
447 1805 653 1850 recompleri.
685 1810 718 1838 ut
745 1808 842 1839 cincti
872 1808 984 1839 muris.
1014 1809 1046 1838 et
1073 1804 1206 1840 fossatis
1236 1806 1276 1840 de
1302 1807 1521 1840 munificentia
1544 1806 1652 1851 Regia
1673 1807 1773 1851 (ligne
1793 1810 1974 1852 nuncupari

130 1867 262 1910 possitis
305 1864 427 1899 Verum
470 1868 544 1911 qnia
581 1868 732 1899 ciuitates
768 1869 840 1900 sine
877 1865 1005 1910 legibus
1040 1870 1073 1899 ct
1101 1869 1241 1912 statutis7
1276 1867 1525 1913 municipalibus
1559 1879 1632 1901 cum
1671 1868 1775 1901 salute
1810 1872 1977 1912 nequeunt

129 1925 302 1959 commode
331 1925 512 1960 subsistere
541 1927 704 1969 volumus,
735 1929 906 1960 statuimus
934 1930 967 1960 et
994 1926 1214 1969 decernimus,
1244 1931 1439 1962 auctoritate
1460 1933 1596 1974 paterna
1617 1932 1649 1962 et
1668 1932 1791 1961 nostra.
1814 1932 1974 1973 quatenns

130 1996 202 2029 vos,
232 1990 264 2020 et
291 1989 408 2020 ciuitas
438 1991 561 2029 vestra.
592 1998 632 2021 ac
661 1990 763 2021 vestri
793 1998 1008 2021 successores
1036 1987 1188 2021 omnibus
1208 1993 1239 2022 et
1258 1989 1396 2033 singulis
1417 1989 1562 2027 juribus„
1584 1988 1778 2033 connnodis,
1803 1988 1975 2031 bonelli-ijs

130 2050 162 2080 et
188 2050 316 2081 statutis
344 2052 504 2093 perpetuo
533 2047 681 2092 gaudere
710 2052 741 2082 et
770 2051 813 2081 uti
843 2047 1002 2088 debeatis7
1039 2047 1157 2092 quibus
1193 2051 1310 2083 civitas
1344 2054 1457 2083 nostra
1486 2049 1708 2095 Znoymensis
1736 2048 1859 2086 gaudet
1887 2059 1975 2094 qno-

130 2106 308 2141 modolibet
334 2112 367 2141 et
394 2111 524 2153 potitur.
554 2108 749 2142 Mandamus
785 2111 950 2142 vniuersis
986 2112 1017 2141 et
1058 2108 1196 2151 singulis
1231 2108 1436 2144 Oflicialibus
1469 2115 1502 2144 et
1534 2109 1716 2143 Nobilibus.
1747 2120 1786 2142 ac
1823 2108 1973 2142 fidelibus

129 2171 251 2202 nostris
291 2168 418 2203 dilectis
459 2169 710 2216 quibuscunque
749 2170 955 2216 presentibus
994 2174 1025 2203 et
1066 2169 1195 2211 suturis.
1236 2174 1398 2215 quatenus
1439 2182 1500 2204 vos
1542 2175 1574 2204 et
1620 2174 1767 2203 vestram
1809 2172 1973 2203 ciuitatem

129 2228 367 2263 Trehicensem
395 2235 510 2264 contra
539 2230 723 2264 huiusmodi
752 2230 874 2265 Nostre
902 2233 1131 2264 concessionis
1159 2232 1307 2274 graciam
1335 2242 1402 2265 non
1430 2231 1616 2267 nwlesieni,
1638 2233 1818 2275 inquietent
1839 2235 1871 2264 et
1888 2241 1974 2276 per—

130 2289 259 2324 turbent
287 2289 552 2334 indignacionem
590 2296 761 2337 paternam
804 2296 835 2325 ct
877 2296 1035 2327 nostram,
1079 2293 1104 2324 si
1139 2302 1237 2324 secus
1272 2290 1423 2333 fecerint,
1459 2303 1496 2326 se
1524 2294 1675 2325 nonerint
1705 2293 1906 2324 incursuros.
1939 2291 1973 2324 ln

130 2361 266 2396 quorum
295 2353 439 2384 omnium
469 2355 690 2386 testimonium
720 2356 817 2398 atque
846 2352 944 2386 robur
972 2356 1146 2396 presentes
1175 2351 1341 2385 conscribi
1375 2357 1407 2386 et
1434 2354 1561 2398 paterni
1592 2355 1623 2384 et
1651 2354 1752 2385 nostri
1782 2351 1971 2395 Sigillorum

130 2413 313 2456 patrocinio
347 2411 547 2456 prouidimns
588 2415 793 2448 communiri.
848 2413 966 2446 Datum
1009 2415 1039 2445 in
1083 2411 1188 2446 Broda
1231 2411 1439 2446 'l'eutonicali
1481 2413 1581 2445 Anno
1623 2411 1753 2445 Domini
1796 2410 1971 2446 Millesimo

130 2471 381 2505 Trecentesimo
410 2471 594 2506 Tricesimo
623 2476 735 2517 qninto
764 2475 795 2507 in
825 2473 877 2506 ‹lie
906 2472 1140 2506 (lecollacionis
1168 2472 1253 2506 beati
1282 2472 1420 2506 Joannis
1449 2472 1606 2517 llaptiste.

282 2530 352 2566 Nos
395 2536 503 2565 autem
541 2532 712 2567 Joliannes
747 2533 809 2567 Dei
844 2535 959 2578 gracia
995 2532 1130 2567 Boemie
1165 2533 1240 2567 Rex
1280 2533 1486 2578 supradictus
1521 2544 1618 2578 supra
1660 2533 1742 2567 dieta
1782 2536 1891 2566 omnia
1937 2537 1972 2566 et

130 2592 257 2636 singula
308 2591 393 2626 facta
432 2604 490 2638 per
525 2603 623 2638 supra
660 2593 780 2627 dictum
819 2594 1074 2637 Primogenitum
1116 2598 1262 2627 nostrum
1298 2593 1514 2627 Karissimum
1555 2593 1782 2627 lllarcliionem
1821 2593 1971 2626 Moravie

1831 2658 1868 2677 54η-
