2184 2828
1008 93 1077 127 119

128 212 315 245 voluntatis.
347 215 376 243 ut
406 220 480 243 cum
509 212 588 255 ipsis
617 210 756 244 dominis
785 210 934 245 Alberto.
965 215 995 244 et
1023 210 1154 244 Othone
1182 212 1331 244 Austrie.
1361 215 1390 243 et
1421 211 1531 256 Styrie
1561 216 1591 245 et
1617 211 1787 246 Karinthie
1815 211 1962 246 Ducibus

128 272 284 318 predictis
313 270 465 304 fratribus
495 274 526 303 et
554 274 814 314 consanguineis
842 275 962 305 nostris
992 271 1195 313 Karissimis,
1225 282 1264 304 ac
1293 270 1444 305 dominiis
1465 275 1532 306 suis
1552 271 1795 318 perhempniter
1814 276 1845 306 in
1865 273 1961 318 plena

127 333 229 366 firma.
259 335 291 365 et
319 335 475 376 perpetua
505 333 595 376 pacis
625 334 758 365 unione.
788 336 963 377 mutaeque
991 331 1182 366 dileccionis
1211 335 1370 376 perpetuo
1398 331 1629 375 stabilimento,
1664 337 1758 378 prout
1786 335 1889 366 eciam
1919 344 1962 367 ex

127 392 271 434 vinculo,
301 396 332 424 et
361 394 481 425 unione
510 395 817 435 consanguinitatis,
847 392 979 426 favente
1008 392 1138 425 domino
1167 403 1240 425 011111
1270 391 1393 425 eisdem
1423 403 1534 425 sumus
1554 396 1688 428 annexi.
1715 392 1784 426 Nos
1805 398 1835 426 et
1857 396 1961 427 nostri

126 452 278 494 heredes,
307 463 346 485 ac
375 462 603 494 successores,
628 453 722 495 juxta
752 455 993 486 continenciam
1021 457 1204 486 nostrarum
1227 452 1408 485 litterarum
1430 456 1613 498 patencium
1635 454 1961 499 composicionalium

125 512 185 547 sub
214 515 418 558 appensione
446 514 560 554 nostri,
591 516 623 545 et
651 512 863 556 quorumdam
893 513 1101 558 prelatorum,
1131 512 1297 546 Baronum
1326 517 1356 545 et
1385 513 1576 557 Magnatum
1605 518 1789 548 nostrorum
1819 513 1961 547 fidelium

126 573 305 618 sigillorum
335 584 435 618 super
462 575 531 618 ipsa
568 572 644 617 liga,
682 576 713 606 et
747 577 903 618 perpetua
939 575 1186 619 composicione
1223 572 1449 607 confectarum
1485 585 1502 607 a
1538 574 1634 607 modo
1669 573 1842 608 salubriori
1877 574 1963 608 ducti

125 634 264 667 consilio
292 632 575 677 irrefragabiliter,
604 637 636 666 et
669 633 901 667 inviolabiliter
935 639 1023 667 stare
1058 638 1228 679 perpetuo.
1265 638 1295 667 et
1325 636 1504 679 persistere
1532 645 1678 679 prorsus,
1708 639 1740 668 et
1767 646 1826 680 per
1854 638 1961 668 onmia

124 693 343 735 intendamus,
385 698 419 727 et
459 694 598 727 velimus
637 696 726 739 ipsas
760 694 883 727 litteras
919 699 1067 740 patentes
1104 694 1402 740 composicionales
1437 694 1511 727 olim
1545 697 1630 728 inter
1664 706 1725 728 nos
1765 700 1962 741 nostrosque

125 754 276 788 heredes.
307 765 345 787 ac
373 764 601 799 successores,
630 758 661 787 et
689 764 792 797 regna
822 759 932 788 nostra
960 754 1000 788 ab
1020 766 1095 797 una,
1116 758 1191 789 item
1212 754 1374 800 quondam
1396 754 1574 788 Excelsum
1594 758 1775 801 principem
1796 756 1960 789 dominum

124 814 327 848 Fridericum
357 814 580 848 Romanorum
609 814 736 858 Regem
767 825 898 860 semper
927 816 1110 860 Augustum
1131 815 1207 849 dive
1227 815 1474 849 recordacionis
1494 815 1641 849 similiter
1660 815 1793 849 fratrem
1815 821 1961 850 nostrum

125 875 340 910 Karissiniuiu
369 874 553 918 Albertum,
584 879 615 908 et
644 874 806 908 Othonem
836 875 948 910 Duces
978 876 1153 921 predictos,
1183 887 1362 921 eorumque
1392 875 1544 918 heredes,
1573 887 1612 909 ac
1642 876 1797 910 heredum
1827 888 1961 911 suorum

125 946 353 977 successores,
383 935 543 969 Ducatus.
573 935 728 969 dominia.
759 940 789 969 et
819 941 922 969 terras
943 948 1020 970 suas
1040 941 1130 982 parte
1151 936 1190 970 ab
1211 936 1312 970 altera
1334 936 1487 970 videlicet
1507 947 1593 970 anno
1613 936 1744 970 Domini
1764 936 1961 971 MCCCXX.

124 1001 244 1030 octavo
272 996 446 1030 undecimo
474 996 641 1030 Kalendas
673 996 835 1038 Octobris,
866 1000 960 1041 regui
987 1002 1094 1031 autem
1114 997 1251 1043 predicti
1272 997 1391 1030 domiui
1413 997 1572 1030 Friderici
1592 997 1695 1042 Regis
1716 1009 1801 1031 1111110
1823 1002 1963 1043 quarto-

124 1056 252 1091 decimo
281 1060 312 1090 in
342 1056 473 1090 Bruklia
503 1060 591 1090 circa
626 1056 760 1090 fluvium
798 1057 883 1090 Saar
916 1057 1095 1100 consectas,
1131 1062 1161 1091 01
1195 1062 1380 1091 emanatas.
1416 1069 1531 1091 onmes
1567 1063 1597 1091 et
1635 1058 1783 1103 singulas
1819 1070 1962 1104 compo-

123 1120 279 1152 siciones.
323 1117 561 1161 obligaciones.
604 1122 636 1151 et
677 1117 920 1161 ordinaciones,
963 1121 1251 1160 renunciaciones,
1295 1122 1326 1152 et
1361 1121 1546 1161 cessiones,
1583 1129 1621 1151 ac
1655 1118 1805 1163 generali
1842 1130 1962 1152 vocum

123 1178 326 1224 111-0111010110,
356 1177 499 1223 quelibet
527 1178 639 1211 federa
669 1178 946 1224 condicionesque
976 1190 1087 1212 earum
1116 1190 1172 1213 seu
1203 1190 1315 1212 eorum
1346 1181 1521 1212 universas
1551 1181 1582 1212 111
1611 1179 1736 1212 eisdem
1765 1180 1959 1212 articulatim

121 1241 263 1273 insertas
292 1238 388 1284 plene
415 1242 621 1272 continentes
650 1242 771 1272 nostris
800 1239 998 1284 prelatorum
1027 1240 1240 1285 quorundam.
1269 1244 1300 1273 et
1319 1239 1512 1284 Magnatum
1534 1243 1628 1284 regni
1648 1242 1762 1281 nostri,
1784 1239 1961 1285 dequibus

118 1301 187 1344 jam
216 1310 301 1333 nunc
330 1299 427 1345 aliqui
457 1299 619 1342 obierunt,
641 1304 673 1332 01
692 1299 816 1333 obiisse
836 1300 1051 1333 dinoscuntur
1074 1301 1190 1345 sigillis
1212 1304 1370 1344 signatas.
1392 1305 1423 1334 et
1443 1300 1629 1335 roboratas.
1651 1300 1768 1346 quibus
1788 1303 1960 1346 premissa,

123 1364 154 1394 et
181 1361 310 1404 singula
339 1363 574 1406 premissorum
610 1363 747 1405 prestito
782 1361 943 1405 corporali
976 1362 1175 1404 juramento.
1211 1361 1251 1394 ad
1286 1361 1409 1394 Sancta
1445 1361 1507 1394 Dei
1536 1361 1736 1405 ewangelia,
1767 1365 1798 1394 et
1826 1361 1961 1394 viviliee

123 1420 237 1454 Crucis
265 1420 388 1465 lignum
416 1420 659 1456 inviolabiliter.
690 1426 720 1454 et
750 1421 1022 1465 irrefragabiliter
1050 1432 1109 1466 per
1136 1432 1196 1455 nos
1225 1426 1422 1467 nostrosque
1451 1421 1591 1455 heredes
1618 1421 1828 1455 observanda
1849 1424 1960 1455 001111-

123 1481 284 1515 nebantur
317 1486 350 1515 et
383 1485 603 1523 continentur,
644 1492 717 1515 cum
754 1481 1034 1527 consequentibus
1076 1485 1197 1516 nostris
1239 1482 1340 1516 literis
1382 1482 1634 1516 confirmatoriis
1676 1482 1830 1516 videlicet
1872 1493 1959 1516 anno

123 1541 243 1575 domini
271 1540 515 1576 MCCCXXXI.
546 1545 576 1575 in
607 1541 747 1576 Posonio
777 1546 891 1586 quarto
920 1553 1023 1575 nonas
1059 1542 1262 1588 Septembris
1299 1548 1375 1576 tunc
1411 1555 1428 1577 a
1462 1542 1557 1576 nobis
1597 1546 1768 1585 emanatis,
1805 1547 1960 1588 utrasque

121 1602 248 1636 scilicet
275 1602 380 1648 quoad
407 1613 522 1636 omnes
543 1602 719 1639 clausulas,
747 1602 969 1636 condiciones.
991 1603 1156 1646 articulos,
1177 1607 1307 1649 puncta,
1328 1614 1445 1649 penas,
1466 1606 1754 1646 renunciaciones,
1776 1606 1958 1644 cessiones,

121 1667 152 1696 et
171 1662 398 1707 obligaciones
419 1674 631 1709 quascunque
651 1666 682 1697 in
700 1663 823 1697 eisdem
841 1663 939 1696 1110115
956 1663 1288 1708 cmnposicionalibus
1304 1663 1519 1709 originalibus
1536 1667 1711 1707 contentis,
1729 1668 1760 1697 et
1776 1667 1957 1710 expressis.

120 1727 329 1769 preterquam
371 1723 411 1757 de
453 1724 635 1768 magnificis
670 1723 870 1770 principibus
908 1724 1055 1757 Dominis
1089 1723 1240 1758 Johanne
1278 1724 1373 1769 Rege
1408 1724 1598 1767 lVohemie,
1634 1729 1666 1758 et
1699 1724 1828 1758 Othone
1865 1724 1956 1758 Duce

119 1786 268 1827 Austrie,
306 1787 359 1831 qui
392 1784 467 1818 licet
504 1787 534 1818 in
569 1784 723 1830 predictis
759 1785 947 1818 tractatibus
984 1788 1059 1817 111110
1093 1784 1260 1818 Bruklzam
1290 1786 1384 1829 juxta
1421 1784 1554 1819 ssuvium
1585 1785 1669 1819 Saar
1703 1784 1863 1819 consectis
1899 1796 1957 1830 per

120 1855 192 1888 nos,
221 1847 304 1879 sicut
332 1849 430 1891 patet,
460 1848 491 1878 in
521 1845 644 1879 eisdem
671 1845 784 1879 litteris
805 1850 869 1879 tam
890 1844 1115 1889 originalibus,
1137 1856 1232 1891 quam
1253 1845 1529 1891 subsequentibus
1550 1846 1802 1880 confirmatoriis
1823 1845 1957 1879 Posonii

121 1905 220 1939 Anno
257 1910 289 1939 et
325 1909 463 1939 termino
493 1909 682 1952 prescriptis
718 1910 889 1940 emanatis.
930 1909 1062 1951 excepti
1097 1905 1225 1947 suerint,
1262 1906 1387 1940 Tamen
1423 1918 1508 1940 nunc
1547 1918 1586 1940 eo
1623 1906 1708 1952 quod
1746 1906 1842 1939 iidem
1881 1906 1956 1939 Rex

121 1965 290 2000 Bohemie.
320 1970 351 1999 et
380 1965 490 2000 Duces
519 1967 667 2009 Austrie,
705 1978 791 2000 anno
829 1970 978 2012 proxime
1013 1969 1180 2012 preterito,
1217 1966 1369 2001 videlicet
1398 1979 1483 2001 1111110
1520 1967 1648 2001 Domini
1676 1966 1954 2000 MCCCLXXVI.

123 2028 154 2059 in
183 2026 271 2060 Ensa
300 2026 352 2060 die
379 2026 468 2060 beati
496 2026 649 2072 Dyonisii
677 2027 801 2061 litteras
831 2030 960 2061 unionis
990 2030 1146 2072 perpetue
1184 2030 1268 2060 inter
1295 2039 1343 2071 se,
1374 2032 1403 2061 et
1432 2039 1493 2061 nos
1522 2028 1748 2062 confecerunt.
1778 2030 1810 2060 in
1839 2026 1955 2073 quibus

123 2091 155 2119 et
189 2091 333 2120 nostrum
368 2098 489 2121 nomen
522 2093 774 2133 preposuerunt.
811 2099 890 2133 quas
925 2092 957 2121 et
992 2098 1051 2120 uos
1084 2088 1149 2131 jam
1184 2091 1272 2121 ratas
1301 2088 1482 2123 habuimus.
1513 2093 1543 2121 et
1581 2087 1750 2122 habemus.
1787 2087 1955 2133 prebendo

122 2146 228 2180 eidem
257 2149 367 2181 unioni
394 2152 588 2194 perpetuum
617 2160 829 2191 consensum,
859 2153 890 2182 et
925 2159 1097 2181 assensum
1127 2150 1340 2193 apposicioue
1369 2153 1472 2183 nostri
1500 2149 1608 2194 sigilli,
1639 2149 1678 2182 de
1708 2148 1792 2182 dicta
1823 2160 1955 2195 excep-

121 2210 229 2241 cione.
260 2208 385 2241 scilicet
413 2208 517 2253 Regis
553 2208 722 2253 Bohemie,
761 2214 793 2243 01
828 2208 965 2242 Othonis
1003 2207 1103 2241 Ducis
1139 2208 1275 2242 Austrie
1309 2209 1541 2255 predictorum,
1571 2209 1609 2242 ad
1648 2212 1751 2254 ipsam
1779 2220 1838 2254 per
1865 2211 1954 2255 ipsos

121 2267 240 2301 factam
268 2271 419 2301 unionem
446 2268 528 2311 Deo,
550 2274 581 2303 01
600 2269 693 2303 nobis
713 2275 851 2314 gratam.
874 2274 903 2303 et
924 2273 1102 2314 acceptam,
1128 2271 1314 2311 venientes,
1337 2274 1368 2303 et
1387 2269 1596 2303 accedentes.
1619 2269 1735 2302 eadem
1755 2272 1955 2316 exceptione

122 2331 239 2373 vigore
259 2328 344 2361 dicte
364 2339 423 2374 per
442 2332 531 2374 ipsos
551 2330 700 2363 ordinate
721 2342 808 2364 nove
829 2333 957 2363 unionis
978 2334 1007 2362 et
1029 2341 1087 2375 per
1106 2340 1166 2363 uos
1186 2328 1343 2363 1111111011
1369 2331 1517 2364 volumus
1538 2340 1602 2362 non
1624 2330 1748 2363 valere.
1769 2341 1846 2375 ymo
1868 2341 1954 2364 con

122 2389 330 2423 sideracione
351 2388 434 2422 dicte
454 2394 647 2428 communis,
669 2396 700 2424 et
721 2394 808 2436 paris
825 2393 952 2424 unionis
968 2389 1126 2435 deinceps
1142 2392 1232 2423 vires
1248 2392 1375 2435 penitus
1391 2402 1454 2424 non
1472 2389 1606 2432 habere,
1623 2389 1730 2423 denuo
1746 2389 1953 2437 roboramus,

123 2452 318 2484 innovamus
335 2453 365 2483 et
380 2450 610 2485 confirmamus
627 2462 665 2485 ac
681 2451 774 2485 dictis
790 2451 927 2484 dominis
939 2449 1095 2493 Ducibus,
1108 2449 1260 2484 fratribus
1277 2453 1409 2493 nostris,
1426 2450 1509 2485 siliis.
1522 2454 1554 2483 et
1569 2449 1744 2484 heredibus
1760 2451 1952 2494 eorundem,

124 2509 346 2556 heredumque
374 2521 506 2543 suorum
535 2511 798 2553 successoribus,
838 2523 875 2545 ac
904 2509 1085 2553 ducatibus,
1115 2513 1222 2555 terris,
1259 2515 1291 2544 01
1318 2511 1468 2544 dominiis
1496 2513 1563 2544 suis
1591 2511 1630 2544 ad
1661 2516 1818 2557 perpetue
1847 2512 1954 2545 dilec-

123 2573 219 2604 tionis
248 2575 357 2605 mutue
385 2573 539 2604 unionem
569 2582 629 2605 nec
665 2583 728 2606 1100
765 2584 822 2617 pro
857 2571 1049 2614 comodiori,
1079 2575 1110 2605 et
1144 2571 1357 2616 tranquilliori
1391 2575 1475 2604 statu
1504 2582 1694 2616 regnorum,
1723 2572 1952 2615 dominiorum,
