2184 2828
960 101 1052 158 681-

78 223 180 267 iJ'dem
209 221 327 256 Illustri
357 219 517 254 Ottakaro
548 219 667 256 Primo.
697 220 861 266 quondam
890 219 1027 253 Boemie
1053 217 1139 263 Regi
1169 221 1201 251 et
1230 220 1297 251 suis
1326 216 1577 252 successoribus
1598 219 1649 251 ius
1671 221 1701 251 et
1721 221 1918 263 potestatem

76 281 272 318 inuestiendi
300 280 486 327 Episcopos
515 279 625 325 Regni
655 280 791 314 Boemie
819 283 993 326 prenotati,
1021 278 1061 313 Et
1089 277 1299 312 Venerabili.
1316 278 1549 313 .Olomucensi
1577 277 1745 324 Episcopo
1775 281 1828 324 qui
1862 277 1921 311 fuit

75 354 135 390 pro
163 347 312 388 tempore
341 340 507 375 Circulum
537 340 736 387 Wladyslao
771 341 906 375 Boemie
935 341 1026 383 duci,
1055 342 1108 386 qui
1136 339 1257 373 dictum
1283 338 1436 383 Regnum
1458 344 1535 373 ante
1555 341 1806 373 coronationem
1827 349 1919 372 suam

74 402 227 448 regebat,
261 406 295 436 et
327 402 477 436 eiusdem
515 401 703 448 Wladyslai
737 401 915 436 heredibus
952 405 985 436 in
1012 400 1200 435 Natiuitatis
1236 398 1373 442 Christi,
1408 399 1554 443 Pasche,
1592 399 1853 441 Ρο01110005105,
1889 403 1921 432 01

74 463 257 506 beatorum,
286 462 484 496 Wenceslai
513 466 545 495 et
572 461 756 505 Adalherti,
786 467 1001 508 patronorum
1030 461 1166 495 Boemie
1194 459 1441 499 festiuitatibus,
1471 460 1511 494 ad
1540 463 1646 494 instar
1679 459 1918 506 Imperatorum

74 529 107 558 et
134 523 360 558 Romanorum
389 522 577 569 Principum
606 523 809 569 imponendi,
839 527 872 556 ut
900 527 1009 557 tamen
1037 533 1055 556 a
1083 524 1216 556 nemine
1244 525 1456 567 preterquam
1492 533 1509 555 a
1543 521 1707 566 Pragensi
1744 521 1798 554 uel
1835 519 1921 554 Olo-

74 587 223 618 mucensi
251 583 441 630 Episcopis,
471 588 525 617 aut
553 595 666 617 eorum
698 584 813 626 altero,
844 587 897 629 qui
927 583 1002 617 dum
1030 583 1167 617 alterum
1205 581 1329 616 abesse
1367 583 1591 626 contingeret,
1628 585 1720 615 uices
1754 581 1921 627 suppleret

73 644 243 679 amborum
273 647 395 691 imponi
425 643 561 678 deberet
590 644 764 678 licenciam
803 649 834 678 et
868 644 1068 678 falcultatem
1101 645 1289 689 graciosius
1326 646 1520 687 erogarunt.
1561 647 1591 676 et
1630 642 1693 676 hoc
1729 642 1845 676 edictis
1883 653 1921 675 ac

72 705 235 740 mandatis
262 704 491 751 Imperialibus
521 710 551 738 et
581 704 698 749 Regijs
728 710 888 750 perpetuo
917 709 1111 739 statuerunt.
1141 705 1292 738 Alterum
1323 714 1415 745 uero,
1446 702 1611 736 uidelicet.
1642 703 1768 737 Ducem
1791 701 1921 748 Opauie

74 766 215 800 heredes
242 771 276 800 et
304 776 521 799 successores
550 768 653 811 ipsius
682 770 817 811 propter
845 766 1054 800 donationem
1091 765 1179 799 clare
1215 767 1374 798 memorie
1412 763 1549 797 Illustris
1591 762 1740 797 Ottakari
1776 763 1920 798 Secundi

73 827 236 872 quondam
273 825 409 860 Boemie
445 825 551 870 Regis
586 825 703 859 Proaui
741 829 860 868 nostri,
899 837 994 872 quain
1030 829 1111 872 patri
1150 824 1296 859 eiusdem
1327 824 1419 858 ducis
1448 823 1572 857 fecisse
1609 823 1809 865 dinoscitur,
1846 825 1920 858 1111111

73 887 212 922 Terram
247 885 400 920 Morauie
435 886 601 929 diuidens,
641 886 803 920 Ducatuin
840 891 870 920 ct
905 890 1121 933 principatum
1151 885 1376 932 Opauiensem
1407 887 1532 918 creauit
1563 895 1715 918 exnouo.
1751 888 1921 931 ipsumque

72 949 202 992 ducem,
231 959 328 994 quem
357 948 399 982 de
428 959 517 982 mera
547 960 606 982 sue
635 948 848 993 benignitatis
869 951 984 993 gracia
1003 947 1189 982 sublimauit-
1208 949 1241 980 in
1261 946 1458 992 Principem,
1489 945 1631 979 heredes
1652 950 1683 978 et
1704 956 1920 979 successores

70 1012 185 1056 ipsius,
215 1020 358 1044 unacum
379 1009 498 1043 ducatu
520 1020 579 1043 seu
600 1012 783 1055 principatu
805 1010 945 1055 prefato,
975 1008 1037 1043 sibi
1065 1013 1097 1042 et
1123 1006 1313 1049 heredibus,
1338 1018 1377 1040 ac
1397 1005 1650 1040 successorihus
1670 1009 1751 1040 suis.
1772 1005 1922 1051 Regibus

71 1070 227 1114 Boemie⁷
263 1081 304 1104 ac
338 1069 487 1104 eiusdem
521 1070 630 1114 Regni
665 1080 791 1103 corone
824 1070 924 1103 uoluit
959 1069 1143 1103 immediate
1177 1067 1328 1102 subesse.
1385 1066 1489 1101 Nobis
1519 1070 1647 1110 eciam,
1677 1066 1854 1100 heredibus
1884 1078 1922 1100 ac

72 1130 329 1166 successoribus
357 1133 480 1164 nostris
509 1130 646 1164 Boemie
675 1130 824 1175 Regibus
852 1135 884 1164 et
911 1130 1060 1164 eiusdem
1089 1129 1198 1175 Regni
1227 1139 1368 1171 corone,
1406 1133 1570 1174 tamquam
1599 1138 1669 1161 rem
1700 1131 1921 1173 apropriatam

72 1196 104 1226 et
131 1191 397 1238 inseparabiliter
424 1194 668 1236 incorporatam
700 1191 818 1235 Regno
848 1191 985 1225 Boemie
1013 1189 1154 1237 prefato,
1183 1189 1374 1236 specialiter
1403 1193 1433 1223 et
1463 1200 1505 1222 ex
1535 1191 1668 1222 001111110
1696 1199 1921 1221 reseruamus.

73 1253 113 1287 de
135 1253 285 1287 Romane
304 1252 413 1297 Regie
432 1255 605 1297 potestatis
627 1252 830 1298 plenitudine
850 1256 1044 1295 statuentes,
1066 1251 1150 1298 quod
1172 1262 1287 1285 omnes
1308 1249 1499 1296 supradicte
1519 1251 1691 1283 sentencie
1712 1253 1744 1282 et
1763 1249 1920 1282 clausule.

72 1313 294 1359 Imperialium
324 1317 356 1347 01
383 1313 557 1358 Regalium
588 1314 780 1355 litterarum.
811 1324 874 1358 que
902 1325 919 1346 a
950 1312 1171 1346 Romanorum
1197 1310 1456 1357 Imperatoribus
1485 1315 1515 1344 et
1545 1309 1706 1354 Regibus.
1736 1309 1923 1355 predeces-

73 1374 203 1408 soribus
225 1376 356 1416 0051115,
379 1373 474 1407 1110115
494 1373 630 1407 Boemie
654 1373 802 1417 Regibus
823 1378 855 1407 et
875 1373 1078 1419 Principibus
1093 1373 1213 1418 Regno
1234 1377 1265 1406 et
1285 1383 1409 1406 corone
1430 1371 1566 1405 Boemie
1587 1370 1709 1404 indulte
1729 1375 1922 1404 noscuntur.

73 1440 104 1469 et
139 1446 222 1481 quas
256 1434 297 1468 ad
332 1434 559 1481 probationem
599 1435 758 1468 dictarum
795 1437 1010 1468 intentionum
1048 1433 1262 1476 adduximus,
1300 1440 1433 1479 semper
1470 1437 1501 1465 et
1532 1431 1651 1476 ubique
1680 1434 1712 1465 in
1742 1431 1862 1464 iudicio
1893 1435 1924 1464 et

73 1501 185 1538 extra,
220 1507 260 1530 ac
295 1498 325 1529 in
362 1495 500 1540 singulis
536 1494 662 1528 actibus
697 1494 836 1540 publicis
873 1500 904 1528 ct
941 1497 1095 1540 priuatIS,
1134 1497 1294 1540 quociens
1324 1496 1534 1540 presencium
1566 1497 1715 1526 tenorem
1745 1492 1810 1536 legi
1850 1495 1923 1525 siue

72 1556 230 1602 publicari
259 1558 447 1600 contigerit,
477 1556 624 1589 eiusdem
654 1555 818 1598 efiicacie.
850 1558 973 1599 uigoris
1002 1560 1033 1589 et
1062 1558 1267 1589 auctoritatis
1297 1558 1453 1597 existant,
1484 1565 1523 1588 ac
1544 1556 1571 1587 si
1592 1556 1624 1586 in
1645 1553 1761 1597 figuris
1782 1554 1923 1598 propriis

73 1617 247 1662 originalia
267 1617 471 1658 uiderentur,
502 1628 542 1650 00
563 1619 733 1662 1101011100,
764 1628 835 1650 00111
858 1616 972 1649 eadem
1002 1616 1175 1660 originalia
1197 1615 1322 1662 pridem
1342 1626 1401 1661 per
1421 1626 1495 1657 nos,
1526 1625 1564 1647 ac
1585 1614 1760 1647 nonnullos
1782 1613 1923 1647 Romani

72 1683 104 1711 et
125 1677 259 1712 Boemie
279 1678 470 1723 Regnorum
493 1678 673 1723 Principes.
697 1677 847 1711 Barones
868 1682 899 1710 et
921 1676 1095 1719 Proceres,
1116 1676 1236 1710 Illustri
1255 1675 1409 1709 Johaune
1424 1674 1619 1709 Marcbione
1635 1673 1796 1707 Δ1101111110.
1819 1673 1922 1707 fratre

72 1743 104 1772 et
132 1738 286 1785 Principe
315 1743 430 1773 nostro
461 1739 625 1786 predicto,
659 1738 778 1772 ibidem
808 1741 839 1771 111
869 1740 1044 1783 presencia
1079 1740 1276 1780 constituto,
1304 1736 1474 1770 ’1150011010
1510 1741 1543 1770 01
1576 1738 1764 1769 examinata
1804 1733 1924 1767 fuerint

71 1799 266 1845 diligenter,
304 1802 390 1833 sicut
421 1802 526 1833 eciam
560 1810 622 1833 nos
660 1802 893 1845 progenitores
922 1803 953 1832 et
982 1798 1241 1844 predecessores
1276 1800 1379 1831 nostri
1410 1797 1545 1831 Boemie
1575 1796 1688 1838 Reges
1718 1794 1861 1828 Illustres
1893 1797 1923 1826 in

73 1860 333 1906 supradictorum
367 1863 484 1894 iurium
520 1871 598 1893 uera
629 1865 660 1894 et
688 1863 773 1894 iusta
803 1862 1020 1906 possessione
1057 1862 1257 1904 perstitimus
1286 1861 1528 1904 prescriptione
1558 1862 1739 1903 temporum
1771 1855 1922 1888 diuturna

76 1925 107 1954 et
138 1921 246 1955 diuina
285 1921 420 1955 fauente
454 1920 637 1954 clemencia
673 1923 880 1966 persistimus
910 1922 1111 1965 impreseuti.
1161 1919 1392 1953 Deceruentes
1421 1930 1460 1952 ac
1489 1919 1598 1952 edicto
1629 1917 1733 1961 Regis
1763 1916 1922 1960 deinceps

77 1986 235 2027 perpetuo
273 1986 475 2024 statuentes,
520 1982 604 2028 quod
640 1981 847 2028 supradictus
877 1980 1036 2025 Princeps
1065 1985 1098 2014 et
1126 1980 1229 2013 frater
1267 1985 1380 2014 noster
1409 1979 1550 2013 heredes
1580 1983 1610 2012 01
1640 1976 1843 2023 proheredes
1873 1979 1922 2009 5111

77 2040 285 2076 Μ11101110005
313 2042 474 2084 Morauie,
505 2042 644 2076 eundem
668 2042 930 2076 Mai-cliionatuin
961 2040 1094 2074 anobis
1124 2040 1211 2074 uelut
1232 2040 1327 2085 Rege
1348 2040 1484 2075 Boemie
1513 2039 1689 2073 heredibus
1720 2042 1751 2071 et
1781 2048 1923 2070 succes-

76 2101 205 2135 soribus
233 2106 353 2137 nostris
383 2103 519 2137 Boemie
548 2103 697 2147 Regibus
732 2107 762 2136 ct
798 2114 814 2135 a
853 2113 977 2136 corona
1006 2101 1115 2145 Regni
1145 2100 1281 2134 Boemie
1310 2101 1447 2147 predicti
1478 2104 1508 2134 in
1539 2100 1670 2134 seudum
1701 2109 1774 2132 011111
1804 2098 1922 2131 debitis

77 2167 109 2195 et
138 2166 306 2196 consuetis
335 2163 620 2209 solempnitatibus
649 2168 681 2198 et
709 2165 907 2205 ceremonijs
937 2167 1131 2195 reuerenter
1160 2164 1331 2207 suscipere
1359 2161 1522 2205 nobisque
1551 2172 1589 2193 ac
1619 2160 1713 2193 dictis
1744 2158 1920 2192 heredibus

78 2228 107 2255 et
145 2223 398 2257 successoribus
436 2236 475 2258 ac
504 2236 630 2258 corone
659 2224 785 2270 prefate
815 2228 977 2267 tamquam
1008 2226 1111 2256 ueris.
1149 2222 1324 2266 ordinarijs
1352 2227 1384 2256 et
1413 2221 1616 2256 naturalibus
1646 2230 1684 2252 ac
1714 2219 1922 2262 hereditat-ijs

78 2284 219 2317 dominis
258 2287 326 2317 suis
365 2285 578 2331 tenebuntur,
613 2290 644 2319 et
679 2285 799 2318 debent
832 2284 1009 2325 fidelitatis,
1040 2283 1204 2327 homagij,
1239 2282 1458 2317 subieccionis
1493 2287 1525 2315 ct
1554 2280 1749 2314 obediencie
1779 2282 1861 2313 sicut
1892 2283 1921 2313 iu

77 2346 299 2389 suscepcione
334 2344 503 2379 feodorum
539 2351 734 2380 consuetum
765 2350 813 2378 051
844 2346 930 2378 lieri.
961 2344 999 2377 ad
1030 2347 1134 2377 instar
1164 2343 1439 2388 predecessorum
1470 2353 1604 2376 suorum
1634 2340 1796 2385 quondam
1827 2340 1922 2374 Mai·—

77 2405 229 2438 cliiouuin
252 2403 370 2437 ibidem
392 2410 537 2450 prestare
559 2412 590 2440 et
610 2406 724 2440 facere
749 2405 933 2450 corporalia
963 2408 1156 2438 iuramenta.
1187 2403 1334 2448 Nosque,
1364 2404 1506 2438 heredes
1528 2407 1558 2435 01
1579 2412 1795 2435 successores
1817 2404 1920 2434 nostri

78 2465 212 2499 Boemie
242 2464 355 2508 Reges
386 2466 565 2510 predictum
595 2467 729 2500 sratrcui
760 2471 917 2499 nostruin.
949 2465 1091 2498 heredes
1121 2469 1153 2497 01
1183 2464 1387 2509 proheredes
1417 2467 1517 2509 11151115
1538 2461 1751 2496 ,11111011101105
1772 2462 1922 2495 Morauie

77 2530 240 2571 nunqnam
272 2527 354 2559 alios
396 2526 492 2561 ’nt-uni
521 2531 552 2559 et
580 2538 704 2561 corone
728 2528 899 2571 Principes
929 2530 959 2559 et
980 2525 1144 2567 Yasailos,
1175 2524 1214 2558 ab
1235 2524 1519 2570 oppressionibus.
1551 2523 1717 2567 uiolentijs
1743 2527 1774 2556 01
1795 2523 1921 2565 iniurijs

77 2588 258 2620 defendere
290 2586 474 2619 tenebimur
502 2590 531 2619 01
561 2591 656 2621 tucri.
687 2587 725 2621 Et
754 2590 904 2633 quamuis
934 2586 973 2619 de
1003 2589 1073 2619 iure
1093 2588 1257 2619 communi
1287 2590 1319 2619 et
1348 2588 1489 2631 positiuo
1510 2587 1651 2626 constat,
1681 2583 1766 2629 quod
1789 2581 1922 2616 Vasuilo

1720 2643 1759 2672 (30⁸
