2184 2828
1011 118 1084 153 275

126 236 194 272 Nos
237 236 277 271 ad
314 238 565 283 progenitorum
601 239 809 279 nostrorum,
853 240 885 270 et
918 246 1172 278 successorum,
1213 234 1396 269 remedium
1430 239 1664 283 propriamque
1699 237 1858 280 salutem,
1897 242 1974 271 moti

124 302 234 332 tamen
261 297 468 343 specialiter,
497 298 570 342 pia,
599 300 697 342 atque
725 296 845 331 deuota
874 300 1020 343 parcium
1049 298 1220 338 instantia,
1249 295 1455 331 venerabilis
1484 300 1517 331 in
1545 297 1676 331 Christo
1704 301 1823 343 patris,
1854 298 1976 332 domini

123 357 284 393 Johannis
313 360 462 403 episcopi
491 355 738 400 Olomucensis,
768 357 923 391 auunculi
950 360 1054 391 nostri
1083 357 1203 399 dilecti,
1234 360 1472 391 monasterium
1502 358 1822 401 sanctimonialium,
1851 359 1976 392 ordinis

84 445 90 449 .
123 420 228 453 sancti
255 417 440 461 Benedicti,
469 417 555 463 quod
583 420 656 463 ipse
684 420 717 451 in
745 417 911 464 Pustmyr,
942 421 973 452 in
1002 417 1128 452 honore
1156 419 1384 451 sacratissime
1412 421 1590 452 natiuitatis
1619 419 1742 452 domini
1770 422 1873 452 nostri
1894 418 1975 452 ι10511

121 478 254 521 Christi,
283 482 316 512 et
333 480 388 524 pie
407 481 533 521 matris,
564 477 713 512 eiusdem
741 481 883 523 virginis
911 478 1029 521 Marie,
1059 481 1244 512 construxit
1272 482 1304 511 et
1323 477 1485 521 fundauit,
1514 482 1607 513 cuius
1629 484 1660 513 et
1680 490 1741 514 nos
1760 491 1827 513 vna
1849 490 1974 514 secum.

120 543 154 573 et
181 541 256 585 ipse
282 550 350 573 vna
378 537 562 581 nobiscum,
591 537 784 572 fundatores
812 541 996 581 existimus,
1026 549 1099 572 cum
1122 565 1129 572 .
1147 565 1155 572 .
1179 537 1359 581 abbatissa,
1389 543 1421 572 et
1448 539 1646 574 monialibus
1675 540 1824 574 eiusdem
1854 550 1976 573 mona-

120 603 223 643 sterii,
251 598 464 646 presentibus
492 603 524 633 et
552 599 691 642 futuris,
721 599 897 633 subnotate
925 599 1084 634 libert-atis
1111 598 1297 645 priuilegio,
1327 609 1373 632 ex
1401 598 1578 633 affluencia
1607 599 1821 645 benignitatis
1850 605 1976 634 nostre.

120 660 270 706 gaudere
301 660 455 695 volumus
483 662 624 705 iugiter,
660 664 693 694 et
727 660 876 694 eiusdem
909 664 1055 694 muneris
1088 659 1324 706 plenitudinem
1348 687 1354 693 .
1379 659 1579 694 abbatissam
1605 687 1611 694 .
1636 666 1669 694 et
1697 661 1860 695 moniales
1890 672 1976 707 pre-

120 721 238 764 dictas,
268 732 288 755 3
314 720 411 755 1101115
438 724 627 767 nostrisque
655 720 920 764 suecessoribus,
951 726 983 755 et
1011 719 1199 755 heredibus.
1228 722 1468 766 imperpetuum
1490 720 1663 766 possidere
1685 749 1691 755 .
1714 721 1753 755 de
1780 721 1977 756 liberalitate

121 786 235 817 nostre
263 781 499 825 munificentie,
528 783 610 827 ipsis
637 784 757 827 primo,
786 785 963 826 graciosus
999 781 1242 823 concedentes,
1273 785 1303 814 et
1334 780 1395 815 sub
1424 780 1561 815 obtentu
1589 786 1706 815 nostre
1733 785 1861 827 gracie,
1891 794 1974 828 pre—

121 845 284 889 cipientes
311 842 447 876 firmiter
475 846 507 876 et
536 841 696 884 districte,
726 846 761 876 vt
780 842 859 876 nulli
879 847 1065 876 nostrorum
1091 841 1281 883 officialum,
1311 844 1500 884 camerarii,
1531 841 1976 890 officiales,ministeriales.

121 903 283 946 barones,
311 902 461 947 nobiles,
496 902 640 945 zudarii,
670 902 813 936 iudices.
850 903 1091 948 prouinciales,
1126 902 1180 936 uel
1215 903 1401 948 simplices,
1439 913 1498 937 seu
1534 905 1771 948 cuiuscumque
1807 907 1976 949 potestatis

121 968 235 999 nostre
262 966 434 998 extiterint
460 967 629 1006 rectores,
658 966 692 997 in
720 962 797 996 dicti
827 966 1037 1006 monasterii,
1073 966 1190 1005 curiis,
1227 964 1331 1005 villis,
1362 962 1485 1008 opidis.
1517 963 1663 1006 allodiis,
1703 968 1734 997 et
1763 966 1795 997 in
1824 963 1976 998 omnibus

121 1028 194 1059 eius
229 1023 325 1059 bonis
360 1024 444 1058 alliis
467 1050 475 1058 .
498 1023 618 1058 habitis
647 1028 679 1057 et
707 1023 889 1066 habendis,
919 1024 1057 1058 alicuius
1085 1023 1191 1057 forum
1219 1023 1350 1065 iudicii,
1386 1034 1445 1070 pro
1475 1035 1685 1070 quacumque
1715 1035 1835 1068 causa,
1865 1036 1977 1070 quan-

121 1090 332 1131 tumcumque
352 1087 464 1129 magni
492 1087 640 1118 criminis
668 1083 768 1118 fuerit
797 1084 951 1118 videlicet
971 1084 1147 1127 homicidii,
1177 1083 1266 1125 furti,
1297 1087 1411 1130 stupri.
1441 1084 1598 1125 incendii.
1629 1085 1736 1130 spolii,
1766 1085 1820 1119 uel
1840 1086 1977 1119 alterius

122 1145 297 1180 cuiuslibet
324 1144 465 1190 flagicii,
503 1145 565 1179 sibi
599 1149 714 1179 contra
750 1156 888 1190 presens
917 1150 1070 1179 statutum
1100 1150 1269 1187 nostrum,
1308 1145 1493 1191 aliqualiter
1521 1144 1685 1178 attrahant
1715 1146 1769 1179 vel
1798 1150 1973 1192 vsurpent,

123 1206 285 1241 Volumus
312 1209 418 1249 enim,
449 1209 484 1240 vt
511 1205 682 1240 abbatissa
709 1205 876 1251 predicta.
905 1210 936 1239 et
965 1209 1037 1239 eius
1066 1205 1226 1240 officiales
1253 1208 1286 1239 in
1316 1205 1467 1240 omnibus
1497 1204 1612 1248 bonis.
1643 1210 1673 1239 et
1702 1206 1974 1252 possessionibus

121 1270 202 1310 suis,
231 1266 273 1301 de
301 1269 391 1300 omni
419 1277 533 1309 causa,
563 1265 753 1300 facultatem
782 1266 937 1300 habeant.
968 1277 1065 1300 manu
1093 1265 1196 1300 libera
1224 1266 1402 1300 iudicandi.
1433 1265 1519 1312 Ipsis
1549 1277 1591 1300 ex
1620 1271 1735 1300 nostre
1765 1267 1975 1312 plenitudinis

121 1330 249 1373 gracia,
278 1327 504 1361 concedentes
528 1354 535 1360 .
559 1331 596 1360 vt
623 1330 651 1361 si
680 1327 757 1372 quid
786 1338 942 1372 vmquam
972 1326 1147 1370 homicidii,
1177 1327 1231 1361 vel
1260 1328 1396 1361 alterius
1424 1326 1592 1373 nephandi
1622 1330 1780 1361 criminis.
1810 1330 1842 1361 in
1872 1327 1977 1361 here-

123 1389 222 1423 ditate
249 1390 441 1423 monasterii
469 1388 610 1434 predicti
639 1387 810 1422 subortum
839 1388 952 1431 fuerit,
989 1388 1028 1421 de
1058 1388 1119 1422 hoc
1147 1390 1253 1434 primo
1281 1399 1395 1422 coram
1423 1387 1612 1429 abbatisse,
1642 1387 1798 1433 prefectis
1828 1392 1859 1421 et
1887 1388 1977 1421 iudi—

123 1449 217 1484 cibus
237 1460 298 1496 per
323 1453 456 1484 actores
484 1448 711 1483 tantummodo
739 1451 869 1483 iusticia
899 1452 1096 1494 requiratur.
1125 1451 1180 1494 qui
1207 1451 1234 1482 si
1263 1448 1303 1482 ad
1333 1452 1540 1482 euiccionem
1568 1449 1620 1483 uel
1641 1448 1847 1482 decisionem
1875 1459 1978 1482 cause

123 1511 361 1556 negligentes.
380 1509 436 1544 vel
462 1508 705 1544 insufficientes
735 1512 917 1543 extiterint.
948 1514 1069 1542 extunc
1099 1509 1170 1543 talis
1198 1520 1297 1543 casus
1327 1509 1505 1549 discussio,
1536 1508 1704 1542 abbatisse
1734 1508 1774 1542 311
1804 1508 1974 1543 3010111135

123 1570 302 1613 deferatur,
331 1575 366 1605 vt
393 1570 460 1605 fine
488 1569 599 1604 debito
627 1570 793 1604 mediante
822 1572 952 1603 iusticia
974 1569 1145 1604 deciditur.
1176 1569 1270 1611 Quod
1292 1573 1320 1604 si
1340 1569 1508 1604 abbatissa
1529 1570 1570 1603 ad
1590 1569 1653 1603 hoc
1673 1569 1971 1604 determinandum.

123 1634 239 1673 eciam,
267 1634 457 1677 inexperta,
487 1630 592 1673 tarda,
622 1631 676 1664 uel
705 1632 889 1673 maliciosa,
919 1630 1004 1676 quod
1034 1630 1148 1664 absit.
1172 1633 1331 1673 extiterit,
1361 1635 1393 1664 et
1420 1642 1481 1676 per
1508 1633 1732 1665 testimonium
1762 1630 1976 1675 fidedignuni.

122 1692 186 1727 hoc
213 1691 387 1738 probatum
414 1691 523 1735 fuerit,
553 1691 650 1725 huius
679 1691 745 1725 11115
774 1694 980 1726 contestat-io
1010 1695 1040 1724 et
1066 1701 1168 1724 cause
1187 1691 1414 1728 detruncacio.
1444 1691 1484 1725 ad
1504 1703 1660 1726 examen.
1691 1696 1813 1725 tantum
1835 1696 1967 1725 nostre.

126 1758 159 1788 et
195 1763 430 1788 successorum
459 1757 670 1795 nostrorum,
699 1757 777 1786 aut.
803 1780 810 1786 .
828 1754 974 1798 episcopi
1011 1752 1262 1794 Ulomucensis,
1297 1755 1350 1798 qui
1386 1763 1445 1798 pro
1475 1756 1624 1798 tempore
1654 1751 1769 1794 suerit,
1799 1755 1975 1797 presencie

123 1813 321 1860 pertinebit.
337 1813 436 1859 quod,
465 1813 620 1848 uidelicet
643 1841 650 1847 .
675 1824 716 1847 an
746 1824 857 1847 0013111
888 1813 996 1855 nobis,
1026 1824 1067 1846 an
1096 1823 1208 1846 0013111
1240 1815 1400 1858 episcopo
1423 1840 1429 1846 .
1451 1813 1658 1858 respondere
1688 1813 1791 1846 velint
1814 1839 1820 1845 .
1843 1815 1973 1857 opcioui

123 1879 156 1909 01,
183 1874 318 1909 arbitrio
347 1873 516 1909 abbatisse
536 1874 690 1908 duximus
711 1873 962 1918 relinquendum
983 1900 990 1906 .
1012 1875 1054 1906 ita
1076 1878 1198 1915 tamen,
1227 1877 1261 1906 vt
1282 1873 1435 1918 quidquid
1456 1884 1569 1907 corani
1590 1873 1696 1907 nobis.
1729 1873 1779 1906 uel
1802 1876 1970 1918 episcopo.

122 1946 184 1969 seu
210 1935 338 1978 iudice,
376 1946 436 1981 per
463 1945 545 1977 nos,
575 1940 629 1968 aut
659 1946 719 1980 per
747 1938 958 1980 episcopum.
989 1945 1090 1978 super
1119 1933 1179 1967 1100
1208 1935 1397 1979 specialiter
1425 1934 1599 1979 delegato.
1630 1934 1874 1967 satisi'accionis
1906 1960 1912 1966 .
1943 1937 1972 1965 01

123 1996 274 2039 emende,
304 1998 377 2030 siue
405 1997 502 2041 culpe
532 2023 539 2029 .
569 1996 693 2030 exinde
722 1996 927 2041 prolluxcrit.
959 1999 1059 2027 totum
1089 1997 1120 2027 in
1142 2005 1235 2028 vsns.
1266 1994 1447 2030 abbatisse.
1476 1999 1507 2028 et
1538 1995 1726 2028 monialium
1747 1998 1970 2027 conuertatur.

122 2055 258 2090 Eisdem
286 2058 392 2090 eciam
429 2056 597 2090 abbatisse
626 2061 657 2090 et
687 2055 900 2096 monialibus.v
937 2066 974 2088 ac
1004 2066 1117 2088 03111111
1148 2054 1352 2093 hominibus,
1383 2067 1425 2089 ex
1456 2055 1686 2088 habundancia
1716 2056 1819 2087 nostri
1849 2054 1973 2086 fauoris

123 2116 300 2152 liberaliter
327 2117 566 2161 indulgemus.
589 2122 623 2151 vt
652 2119 678 2150 si
708 2117 747 2150 ad
778 2116 883 2150 sorum
913 2116 1051 2148 alicuius
1081 2115 1202 2148 iudicii.
1234 2117 1306 2148 siue
1335 2116 1495 2149 secularis
1518 2143 1524 2149 .
1547 2119 1620 2149 siue
1640 2114 1828 2160 spiritualis.
1858 2117 1973 2147 contra

124 2177 254 2212 modum
282 2180 432 2222 premissi
462 2188 642 2223 processus
673 2178 760 2211 ducti
790 2177 911 2210 fuci-int
939 2176 991 2209 uel
1020 2178 1143 2208 coacti.
1172 2175 1251 2208 licet
1279 2178 1384 2209 eciam
1413 2188 1516 2210 causa
1547 2179 1688 2209 maxima
1720 2175 1903 2217 mediante,
1933 2174 1973 2207 ab

125 2237 242 2271 eodem
271 2239 400 2282 penitus
429 2241 495 2272 sint
523 2240 682 2284 exempti,
712 2242 744 2271 et
772 2237 946 2271 aduersam
977 2239 1115 2281 partem.
1144 2238 1224 2280 ipsis
1256 2238 1285 2269 in
1315 2239 1488 2282 expensis.
1520 2248 1602 2282 quas
1632 2236 1781 2269 securint.
1811 2246 1872 2280 per
1891 2246 1973 2280 pre-

125 2300 238 2332 sencia
263 2297 550 2344 pondempnanius
582 2325 588 2332 .
619 2298 738 2332 additis
766 2297 917 2331 onmibus
947 2297 1063 2341 illi-qui
1094 2299 1124 2329 in
1155 2295 1343 2330 ciuitatibus
1372 2301 1403 2330 et
1431 2297 1537 2343 opidis
1574 2298 1713 2337 nostris,
1751 2306 1913 2340 personas
1942 2300 1972 2328 ct

125 2358 276 2393 homines
305 2358 460 2391 antedicti
488 2362 691 2401 monasterii,
721 2370 780 2404 pro
809 2367 1013 2403 quacumque
1043 2367 1144 2390 031153
1175 2383 1181 2389 .
1212 2367 1380 2402 occupare
1408 2359 1668 2403 presumpserint
1699 2383 1705 2389 .
1737 2360 1790 2389 aut
1815 2366 1969 2400 granai-e.

126 2418 178 2453 Ad
199 2418 262 2452 hec
282 2418 322 2451 (10
342 2422 453 2451 nostra
483 2420 713 2454 munificencia
741 2419 920 2465 sepedictis
950 2417 1116 2451 abbatisse
1145 2421 1176 2450 et
1207 2417 1401 2451 monialibus
1430 2418 1632 2452 conserimus
1661 2419 1829 2460 graciose,
1860 2421 1893 2449 vt
1915 2428 1973 2461 per

125 2490 256 2513 omnem
286 2477 501 2512 hereditatem
531 2482 722 2514 monasterii
752 2483 813 2513 sui.
844 2482 874 2512 in
904 2478 1164 2523 quibuscumque
1199 2477 1282 2510 locis
1312 2480 1390 2523 ipsis
1425 2478 1586 2523 expedire
1616 2476 1797 2519 videbitur,
1828 2477 1867 2510 ad
1897 2488 1973 2510 3111-

126 2539 264 2585 pliorem
293 2549 388 2573 suum
417 2543 448 2572 01
477 2543 667 2574 monasterii
696 2543 745 2574 sui
775 2540 970 2586 profectum.
1001 2538 1096 2571 nullis
1125 2537 1332 2571 obstantibus
1360 2538 1507 2579 casibus,
1538 2536 1682 2571 tabernis
1709 2541 1841 2571 vtantur
1862 2564 1867 2570 .
1890 2548 1973 2582 pcr-

127 2599 280 2634 henniter
300 2627 307 2633 .
329 2599 468 2645 pacifice
489 2626 495 2633 .
516 2598 621 2634 libere
641 2605 673 2634 et
691 2603 812 2646 quiete.
842 2600 998 2634 Preterea
1019 2601 1045 2632 si
1066 2598 1180 2632 forsan
1202 2602 1336 2644 propter
1364 2602 1453 2631 terre
1482 2601 1727 2640 necessitatem,
1758 2597 1970 2637 abbatissam,
