2184 2828
1088 297 1190 332 785.

227 373 266 406 Κ.
306 373 395 406 lsai-l
421 374 440 406 I
448 374 480 407 Γ.
516 372 638 416 befreit
674 373 742 406 alle
778 374 884 407 Gillel·
916 375 974 406 des
1009 374 1144 407 Saarer
1180 375 1339 409 Kloslers
1376 388 1440 410 ron
1469 378 1528 411 der
1556 378 1711 422 Znhlemy
1746 379 1805 412 der
1832 378 2054 423 (illqerrzeiiien

484 433 705 467 Lamlsteuer.
756 434 811 467 Dt.
844 434 967 477 Pragse.
999 434 1095 468 A'l'l.
1126 435 1270 469 Kalend.
1302 437 1390 481 Masi
1418 436 1498 479 (16.
1527 439 1649 482 April)
1683 438 1791 471 1348.

366 510 538 562 Rarolus
576 528 626 561 dei
662 532 774 572 gracia
811 529 1033 561 Rsnnanoium
1068 529 1141 562 Rex
1172 542 1303 576 semper
1332 532 1522 576 Augustus,
1551 538 1583 566 et
1611 533 1747 566 Boeinie
1776 533 1861 571 Rex,
1892 532 2053 566 Omnibus

222 592 253 622 iu
290 593 494 633 perpetuum.
551 588 670 622 Diuine
705 589 935 622 retribucionis
971 593 1138 629 inei-ilium
1170 602 1208 624 ac
1237 593 1425 637 temporalis
1461 596 1687 638 prosperitatis
1717 597 1928 636 augmentum
1958 592 2052 626 nobis

221 648 432 682 infallibiliter
459 653 637 694 prouenire
667 650 842 684 credunus.
873 661 944 683 cuin
976 661 1191 695 personarum
1222 651 1484 695 Religiosarum‚
1519 663 1582 697 que
1617 653 1655 686 ad
1685 656 1919 697 omnipotentis
1947 652 2052 686 obse-

222 712 329 754 quium
359 714 434 743 sunt
468 709 640 754 deputate,
675 710 875 755 profectibus
911 715 941 742 ct
971 711 1152 744 commodis
1180 711 1320 744 libenter
1348 712 1560 755 intendimus,
1591 718 1621 746 et
1650 716 1698 746 eis
1728 713 1878 746 fauorem
1909 712 2050 757 Regium

221 769 399 803 liberaliter
426 772 639 815 impartimur.
685 770 772 803 Saue
802 770 946 803 deuotis.
977 770 1103 804 dilectis
1132 771 1226 805 nobis
1245 799 1250 804 .
1270 799 1276 805 .
1295 799 1302 805 .
1326 772 1449 806 Abbati
1478 777 1559 807 et..
1583 773 1768 807 Conucntui
1797 772 1990 806 Monasterii
2018 775 2050 805 in

221 830 323 863 Saars
360 829 491 864 Ordinis
527 829 758 863 Cisterciensis
794 830 834 862 ob
864 834 1034 875 expositas
1072 831 1166 864 nobis
1203 832 1416 866 condiciones
1449 836 1663 876 grauissimas
1700 844 1832 866 suorum
1863 832 2049 866 defectuum

220 895 251 923 et
271 890 565 929 incommodorum,
595 901 677 934 quos
698 889 867 934 bucusque
888 891 1106 936 multipliciter
1126 892 1337 934 sustulerunt,
1367 896 1513 937 graciam
1532 893 1646 927 facere
1666 896 1838 938 cupientes
1859 893 2049 938 specialem,

221 950 338 984 Omnia
368 950 453 984 bona
484 950 662 983 eorundem
693 950 833 984 Abbatis
863 955 895 984 ct
925 950 1127 994 Conucntns7
1158 964 1222 998 que
1251 955 1281 986 in
1311 952 1460 986 Morauia
1489 953 1528 987 ad
1556 965 1696 999 presens
1726 953 1846 986 liabent
1875 958 1906 986 et
1934 955 2051 998 possi-

220 1012 307 1054 dent,
337 1016 392 1044 aut
420 1010 544 1044 habere.
564 1013 682 1056 quouis
698 1011 800 1057 'inodo
829 1017 861 1045 et
891 1012 994 1055 tfitulo
1014 1011 1240 1053 dinoscuntur,
1270 1012 1456 1059 vbicunque
1475 1013 1593 1047 ibidem
1614 1016 1646 1047 in
1666 1013 1814 1047 Mol-ania
1835 1016 1896 1047 sita
1917 1012 2048 1054 fuerint,

220 1071 259 1105 ab
289 1075 376 1105 omni
414 1071 584 1105 solucione
618 1071 744 1112 Bernet
780 1083 838 1105 seu
868 1071 1015 1106 Collecte
1043 1074 1231 1117 generalis,
1269 1077 1426 1118 quociens
1460 1085 1532 1107 eam
1570 1086 1628 1120 per
1656 1085 1716 1107 nos
1746 1079 1799 1107 aut
1829 1084 2048 1107 successores

219 1137 349 1165 nostros
385 1131 499 1175 Reges
535 1131 688 1166 Boemie.
725 1143 783 1165 seu
817 1132 1028 1166 Mareliiones
1063 1133 1211 1167 Morauie
1253 1136 1373 1179 imponi
1416 1137 1606 1178 contigerit,
1652 1145 1781 1167 necnon
1820 1133 1860 1167 ab
1895 1133 2047 1167 omnibus

220 1191 433 1234 dacionibus,
463 1191 747 1237 liripositionibusq
784 1192 957 1226 Collectis.
996 1193 1146 1227 Steuris.
1185 1191 1671 1237 Subsidiis„Vexacionibus.
1707 1194 1838 1238 'l‘allijs.
1876 1195 2048 1239 Angarfis,

218 1252 430 1296 l'erangarijS
467 1257 522 1285 aut
556 1252 804 1298 quibuscunque
833 1253 905 1298 alijs
934 1253 1200 1297 grauaininibus,
1231 1265 1437 1300 quocumque
1464 1257 1595 1288 nomine
1624 1260 1837 1293 eenseantun
1869 1254 1908 1287 de
1936 1257 2048 1288 innata

218 1312 312 1346 nobis
350 1313 532 1346 clemencia
568 1316 734 1358 perpetuis
770 1314 973 1359 temporibus
1011 1314 1228 1351 absoluinui&
1266 1317 1439 1349 eximimus
1474 1319 1505 1348 et
1540 1314 1747 1348 libertainus.
1783 1327 1822 1348 ac
1860 1315 1980 1357 libera,
2017 1319 2049 1348 et

218 1378 373 1418 exempta
403 1384 479 1407 esse
507 1374 672 1410 volumus
703 1374 912 1407 decernimus
943 1379 1100 1419 perpetuo
1130 1379 1162 1408 et
1191 1378 1389 1417 sanccimus,
1420 1386 1514 1420 quam
1543 1375 1671 1420 quidem
1702 1375 1897 1418 libertatem,
1927 1378 2049 1408 immu-

216 1436 350 1467 nitatem
381 1438 412 1467 et
440 1437 706 1479 exempcionem„
736 1446 795 1480 pro
815 1434 909 1468 nobis
939 1440 971 1468 et
992 1434 1246 1469 successoribus
1276 1438 1395 1469 nostris
1421 1435 1566 1480 Regibus
1587 1435 1724 1468 Boemie
1753 1440 1783 1469 et
1804 1435 2049 1469 Marchionibus

216 1493 366 1527 Morauie
409 1499 604 1527 constanter
649 1497 728 1539 ipsis
775 1495 945 1529 attendere
995 1499 1211 1541 promittimus
1253 1500 1284 1529 ct
1331 1495 1561 1530 inuiolabiliter
1602 1496 1795 1530 obseruare,
1851 1496 2048 1530 Mandantes

217 1554 352 1588 firmiter
379 1559 411 1588 et
439 1555 586 1588 districte
615 1555 735 1589 Illustri
763 1555 903 1589 Johanni
926 1556 1008 1590 Duci
1029 1556 1211 1595 Karintliie,
1240 1556 1333 1590 fratri
1354 1561 1385 1590 et
1404 1556 1544 1602 Principi
1564 1562 1676 1590 nostro
1698 1556 1887 1599 karissimo,
1917 1567 2048 1590 necnon

217 1618 382 1648 vniuersis
404 1616 604 1660 Capitaneis*
635 1617 845 1660 CamerarijS.
877 1616 1155 1661 Subcamerarijs,
1186 1617 1392 1661 Burgrauijs7
1414 1617 1595 1660 BernariJ'S.
1616 1621 1647 1650 et
1668 1616 1907 1651 Collectoribus
1928 1617 2048 1659 Berne,

218 1676 414 1721 Ceterisque
450 1675 674 1719 Oflicialibus,
711 1681 743 1710 et
771 1676 915 1710 Subditis
945 1681 1078 1720 nostris,
1108 1689 1168 1723 per
1196 1677 1364 1711 Boemiam
1394 1682 1426 1711 et
1451 1677 1643 1710 Morauiam.
1674 1680 1727 1722 qui
1757 1689 1844 1711 nunc
1873 1682 1964 1720 sunt,
1995 1681 2048 1711 aut

217 1747 275 1781 pro
313 1740 462 1781 tempore
497 1735 630 1770 fuerint.
688 1736 858 1778 Quatenus
893 1738 1060 1783 predictos
1091 1765 1097 1772 .
1129 1765 1136 1771 .
1166 1738 1329 1771 Abbatem
1364 1742 1398 1771 et
1426 1737 1630 1771 Conuentum
1665 1742 1696 1770 et
1728 1737 1812 1771 bona
1842 1741 1986 1783 ipsorum
2015 1741 2048 1771 in

217 1796 384 1838 Moratum
431 1799 460 1830 in
498 1797 642 1842 predicta
681 1798 840 1831 libertatis
883 1802 914 1831 et
948 1801 1178 1843 exeinpcionis
1212 1802 1326 1842 gracia
1366 1798 1549 1832 nullatenus
1583 1798 1743 1843 impedire
1779 1809 1838 1832 seu
1872 1798 2048 1831 molestare

218 1857 372 1897 debeant,
404 1861 457 1890 aut
487 1858 671 1902 aliqualiter
699 1858 906 1904 perturbare.
936 1858 1206 1903 Indignacionem
1236 1859 1378 1903 Regiam
1406 1863 1438 1892 et
1465 1869 1582 1903 penam
1611 1861 1842 1902 grauissimam
1872 1861 1903 1891 in
1934 1857 2047 1892 Rebus

217 1923 249 1952 et
278 1918 434 1951 Personis
464 1918 502 1951 ad
533 1918 700 1952 arbitrium
730 1922 894 1964 proprium
924 1918 1135 1964 infligendam
1156 1919 1424 1953 irremissibiliter
1442 1921 1616 1952 incursuri.
1648 1921 1675 1952 si
1694 1922 1749 1963 qui
1769 1923 1883 1953 contra
1902 1923 2049 1953 nostram

217 1979 397 2025 predictam
427 1982 576 2023 graciam
606 1990 687 2012 ausu
716 1983 892 2013 temerario
922 1984 1102 2025 atemptare
1132 1983 1404 2025 presumpserint,
1433 1990 1491 2013 seu
1521 1982 1551 2012 ei
1580 1979 1764 2024 aliqualiter
1792 1982 1967 2013 contraire.
2012 1979 2048 2012 ln

217 2043 310 2073 cuius
338 2043 386 2073 rei
416 2043 638 2073 testimonium
668 2046 840 2085 presentes
870 2040 968 2074 scribi
989 2045 1021 2074 et
1039 2040 1223 2074 Maiestatis
1252 2045 1363 2074 nostre
1385 2039 1500 2083 Sigillo
1520 2042 1675 2073 iussimus
1697 2037 1900 2073 coinmuniri,
1930 2039 2048 2073 Datum

217 2100 325 2144 Prage
346 2101 446 2134 Anno
466 2100 585 2133 domini
606 2100 779 2134 Millesiino
800 2101 1051 2134 Trecentesimo
1072 2100 1334 2145 Quadragesimo
1355 2100 1491 2133 Octauo.
1514 2099 1702 2133 Indiccione
1723 2099 1840 2143 Prima,
1861 2099 1952 2133 XVI.
1974 2099 2046 2133 Kal.

217 2161 308 2205 Maji.
340 2161 532 2206 Regnorum
561 2165 748 2194 nostrorum
778 2162 878 2195 Anno
908 2161 1065 2195 secundo.

526 2239 611 2272 (Nacti
641 2240 699 2265 dem
729 2242 802 2274 Orig.
835 2241 881 2266 auf
909 2241 1028 2274 Pergam.
1062 2241 1105 2265 mit
1136 2242 1220 2266 einen]
1245 2248 1377 2274 grosseti,
1404 2238 1503 2272 jedorli
1537 2239 1727 2267 gelu-nclienen
1754 2239 1850 2273 Sigille
1873 2240 1905 2265 im
1932 2239 2047 2265 Archive

626 2291 771 2318 desselben
796 2292 929 2318 Klosteis.
953 2293 986 2317 im
1012 2292 1093 2317 inalir.
1119 2293 1204 2318 stand.
1230 2291 1441 2319 Landesareliive
1474 2290 1520 2315 Lit.
1546 2291 1578 2316 Α.
1606 2290 1635 2316 ll.
1663 2299 1686 2316 n.
1712 2290 1759 2317 48.
1807 2291 1984 2325 Abgedruckt
2006 2291 2047 2317 bei

626 2344 770 2370 steinbach
794 2344 825 2370 ll.
852 2346 877 2370 S.
904 2344 940 2369 72)
967 2353 992 2370 n.
1017 2344 1096 2375 Llll.)
