2184 2828
986 92 1079 127 1001

107 211 244 258 prouida
280 209 527 243 deliberacione
562 215 742 255 pensantes
782 203 878 256 atque
914 209 1166 244 considerantes
1202 221 1266 243 non
1303 211 1465 245 modicum
1502 210 1574 245 sore
1609 217 1724 246 nostro
1760 216 1965 247 monasterio

108 271 306 318 profectum.
337 273 363 303 si
394 281 555 315 personas
584 270 682 310 utiles
713 275 743 303 et
765 270 927 304 discretas
950 270 1044 304 nobis
1065 275 1097 304 et
1117 274 1321 304 monasterio
1343 276 1457 305 nostro
1483 271 1676 306 attrahimus
1697 277 1728 306 et
1749 284 1808 319 per
1828 273 1966 307 affectus

107 330 352 366 exhibicionem
383 329 536 364 beneuoli
565 333 616 376 qui
647 331 770 364 realem
801 336 911 377 pateat
941 342 1001 377 per
1020 331 1174 365 effectum
1196 331 1331 365 easdem
1352 332 1446 366 nobis
1467 338 1636 379 promptas
1661 333 1806 367 reddere
1832 321 1968 368 nitimur

107 397 140 426 et
169 391 305 425 denotas
325 393 429 424 uirum
450 391 623 437 prouidum
654 395 684 424 et
714 391 889 425 discretum
912 395 1105 437 magistrum
1126 394 1179 438 qui
1200 391 1294 426 nobis
1316 397 1346 426 et
1368 396 1571 427 monasterio
1592 398 1705 428 nostro
1733 395 1967 429 accommodus

108 463 186 487 esse
214 456 333 498 potest7
363 451 458 485 nobis
488 451 656 485 attrahere
678 454 852 498 cupientes
873 453 979 486 eidem
1000 455 1177 498 tnaffl‘stro,
1199 452 1240 486 de
1265 457 1430 487 communi
1452 458 1596 488 omnium
1618 454 1755 488 fratrum
1777 461 1966 490 nostrorum

109 524 291 555 consensu„
321 517 353 546 et
381 515 497 546 maiori
526 513 696 546 uoluntate
725 513 840 546 uillam
871 517 1023 547 nostram,
1052 516 1214 547 iacentem
1243 516 1274 547 in
1304 517 1475 560 prouincia
1506 520 1538 548 et
1558 519 1652 549 cuius
1673 516 1756 549 tales
1779 521 1854 550 sunt
1881 527 1968 550 con-

110 574 192 609 fines
222 577 301 608 etce‘·
330 573 494 606 tradimus
523 573 562 606 ad
593 572 790 616 habendaim
822 574 999 607 tenendam
1030 579 1060 608 et
1090 574 1312 608 utisruendam
1344 585 1383 608 ea
1414 576 1508 609 saluo
1529 581 1561 610 et
1582 581 1717 610 seruato
1738 576 1833 610 nobis
1859 581 1969 610 tamen

110 640 141 669 et
171 637 372 669 monasterio
401 639 517 668 nostro
547 637 618 667 iure
647 634 780 668 dominii
811 640 840 667 et
871 638 1081 681 proprietatis
1112 646 1216 681 usque
1246 635 1285 669 ad
1316 634 1414 669 finem
1444 639 1511 670 uite
1532 648 1603 679 sue‚
1626 637 1765 683 pacifice
1793 642 1825 671 et
1845 640 1967 683 quiete.

111 696 190 730 Cum
226 696 242 741 (
346 695 362 741 ]
399 695 551 729 omnibus
586 694 671 729 infra
709 706 746 728 se
785 695 902 729 habitis
939 707 1038 742 super
1072 701 1105 729 ct
1140 695 1254 729 subter
1282 700 1314 729 et
1343 707 1415 730 cum
1447 697 1599 731 omnibus
1631 697 1756 732 iuribus
1795 698 1833 731 ad
1863 701 1969 744 ipsam

110 756 221 790 uillam
250 755 478 802 spectantibus
508 758 703 789 auctoritate
734 756 909 789 reuerendi
939 760 1042 802 patris
1071 760 1173 791 nostri
1208 759 1300 790 iuxta
1338 756 1472 790 domini.
1513 758 1569 792 Jo.
1607 762 1784 804 pragensis
1821 762 1971 804 episcopi

111 816 246 851 obtenta
275 827 376 862 super
405 827 445 849 eo
475 822 574 861 atque
602 816 742 850 licencia
773 819 1003 862 promittentes
1032 829 1093 851 nos
1123 828 1182 863 pro
1212 817 1307 851 nobis
1337 828 1433 862 quam
1455 819 1710 853 successorihus
1740 823 1875 862 nostris,
1897 823 1972 853 uice

112 882 144 912 et
172 879 305 911 nomine
334 877 409 910 dicti
440 880 631 911 monasterii
661 880 763 911 nostri
794 880 890 911 istam
925 881 1182 912 concessionem
1218 889 1386 924 nunquam
1422 879 1560 913 uelimus
1597 883 1779 923 contraire²
1817 891 1877 926 per
1910 891 1972 914 nos

111 939 165 972 uel
194 938 291 972 alium
322 938 428 983 aliqua
458 949 494 972 re
522 939 574 971 uel
604 949 704 971 causa
735 937 775 971 de
804 941 875 971 iure
906 939 957 971 uel
987 938 1026 972 de
1063 938 1150 972 facto
1186 939 1244 973 sed
1279 941 1385 973 eciam
1415 944 1542 985 gratam
1579 945 1610 974 et
1644 946 1750 974 ratam
1788 945 1904 974 tenere
1941 945 1973 974 et

112 998 237 1033 habere
265 1009 325 1045 per
353 1003 455 1032 totum
484 1004 519 1032 ut
547 999 701 1032 duximus
732 998 853 1032 Nostro
875 1003 1076 1033 monasterio
1097 1011 1213 1034 verum
1235 1005 1344 1034 tamen
1364 1000 1497 1035 dominii
1519 1006 1551 1035 et
1572 1004 1782 1048 proprietatis
1803 1005 1876 1035 iure
1895 1001 1974 1035 dicti

115 1062 264 1104 magistri
292 1062 359 1093 uite
388 1064 516 1105 tempus
546 1060 725 1106 plenariter
753 1064 938 1094 reseruato.

270 1119 390 1154 Datum
421 1125 483 1154 etc.

269 1180 346 1227 Ipse
376 1192 457 1215 uero
486 1185 647 1225 magister
675 1181 845 1228 predictus
875 1182 991 1216 uolens
1020 1181 1170 1228 predicto
1200 1186 1405 1216 monasterio
1436 1188 1547 1217 nostro
1579 1184 1644 1217 utili
1675 1184 1859 1217 efficaciter
1879 1193 1977 1217 com-

116 1252 235 1288 parare
264 1241 353 1276 dedit
387 1241 464 1275 XX.
503 1253 634 1276 marcas
670 1245 741 1288 puri
775 1245 906 1287 argenti
947 1242 1055 1285 nobis,
1100 1246 1132 1276 in
1168 1244 1338 1277 utilitatem
1369 1247 1473 1290 ipsius
1507 1244 1977 1278 monasterii.conuerte11das

115 1314 198 1349 quas
227 1303 357 1349 quiden]
389 1302 463 1336 XX.
496 1314 624 1336 marcas
654 1314 715 1337 nos
746 1303 888 1337 fatemur
916 1306 979 1337 iam
1009 1307 1181 1350 recepisse
1211 1304 1250 1338 ab
1286 1304 1402 1338 eodem
1440 1308 1612 1350 magistro.
1650 1304 1753 1339 Nobis
1795 1316 1876 1340 uera
1915 1305 1979 1339 fide

115 1364 267 1410 predicta
296 1364 371 1397 uilla
401 1369 430 1397 et
461 1364 612 1397 omnibus
642 1364 702 1398 hiis
732 1375 794 1410 que
824 1369 900 1398 sunt
930 1368 962 1398 in
991 1376 1029 1398 ea
1061 1367 1116 1407 uti,
1146 1365 1209 1398 frui
1238 1371 1269 1399 et
1299 1376 1339 1399 ea
1377 1371 1596 1400 manutenere
1630 1378 1670 1399 ac
1707 1366 1899 1411 gubernare
1936 1370 1979 1400 ita

116 1425 203 1470 quod
233 1428 300 1459 uite
330 1436 390 1458 sue
420 1428 533 1470 spacio
562 1428 593 1458 in
623 1436 663 1458 eo
693 1424 779 1459 bono
809 1430 905 1459 statu.
944 1428 1028 1459 sicut
1063 1437 1150 1459 nunc
1186 1430 1249 1460 est.
1288 1426 1404 1460 eadem
1445 1427 1520 1460 uilla
1562 1431 1749 1460 reuertatur
1785 1427 1824 1461 ad
1862 1439 1979 1461 manus

116 1491 249 1520 nostras
270 1490 301 1520 et
322 1489 514 1520 monasterii
535 1489 640 1520 nostri
661 1486 700 1520 ad
722 1498 819 1520 vnam
842 1491 1018 1529 araturann
1042 1498 1115 1520 cum
1136 1486 1242 1521 hobus
1264 1492 1295 1521 et
1317 1486 1418 1532 equis'
1435 1487 1691 1522 sufficientibus.
1714 1492 1748 1521 ut
1769 1493 1821 1522 est
1843 1488 1974 1522 dictum.

541 1650 721 1693 (Donaez‘o
757 1653 868 1685 castri
894 1653 927 1684 in
956 1653 1269 1685 remunerat-ionem
1298 1653 1555 1693 seruiciorum.)

276 1727 383 1762 Tanto
419 1733 611 1774 reputamus
655 1729 834 1774 gloriosius
871 1741 943 1763 cuni
980 1732 1115 1776 premiis
1151 1733 1266 1763 merita
1305 1733 1517 1775 preuenimus
1556 1735 1676 1777 quanto
1711 1731 1858 1776 pulcrius
1899 1732 1982 1775 (sic)

121 1792 364 1835 uirtuosiusque
394 1801 472 1823 esse
502 1789 683 1824 dinoscitur
711 1801 773 1824 nec
802 1790 971 1836 obsequiis
1001 1795 1142 1837 emptam
1181 1802 1244 1824 nec
1281 1790 1436 1836 precibus
1474 1803 1542 1825 rein
1579 1791 1716 1826 donare.
1764 1791 1812 1825 Ea
1849 1796 1985 1838 propter

120 1849 199 1883 licet
228 1853 396 1895 exigentis
426 1853 533 1884 meriti
561 1851 612 1884 uel
643 1851 808 1896 suffragiis
838 1851 966 1885 adiutus
996 1855 1223 1898 precaminum
1254 1863 1271 1885 a
1292 1851 1388 1885 nobis
1408 1863 1474 1885 non
1497 1855 1653 1886 meruerit
1677 1852 1796 1898 aliquid
1820 1852 1984 1894 obtinere,v

123 1920 197 1944 cum
226 1911 308 1945 ultra
338 1914 487 1956 graciam
517 1923 581 1957 qua
610 1911 833 1946 benemeritos
869 1915 1156 1947 remunerauinius
1194 1912 1307 1946 facere
1344 1915 1518 1959 cupientes
1557 1912 1619 1947 tibi
1656 1913 1831 1958 quamdam
1870 1941 1902 1946 ..
1940 1924 1983 1947 ex

125 1970 310 2006 donacione
339 1975 426 2006 inter
446 1975 543 2007 uiuos
564 1972 604 2006 ad
634 1984 750 2007 manus
779 1979 911 2007 nostras
941 1973 1187 2007 racionabiliter
1216 1973 1416 2015 deuolutam„
1449 1977 1534 2007 sicut
1564 1974 1649 2008 idem
1680 1974 1841 2008 hactenus
1863 1984 1986 2020 posse-

126 2031 272 2067 dit'cum
300 2037 424 2076 castro,
456 2033 709 2077 municionibus,
741 2034 825 2069 uillis
846 2039 876 2068 et
897 2034 1049 2069 omnibus
1071 2037 1261 2068 attinenciis
1285 2038 1316 2068 et
1337 2034 1461 2068 iuribus
1482 2038 1549 2068 suis
1578 2035 1813 2081 possidendam
1841 2038 1988 2081 presenti

125 2092 311 2138 priuilegio,
341 2098 504 2140 perpetuo
533 2094 673 2128 ualituro
703 2095 919 2129 concedimus
948 2095 989 2129 de
1019 2098 1034 2139 (p
1140 2097 1155 2139 J
1185 2100 1298 2129 nostra
1335 2098 1481 2130 sciencia
1521 2096 1658 2141 speciali
1698 2096 1851 2130 uolentes
1887 2101 1921 2130 ut
1956 2101 1989 2130 tu

129 2157 159 2187 et
194 2152 338 2188 heredes
371 2157 416 2189 tui
458 2154 618 2200 prefatam
657 2155 873 2190 hereditatem
913 2168 930 2189 a
966 2156 1061 2191 nobis
1097 2161 1130 2190 et
1164 2156 1342 2191 heredibus
1377 2161 1501 2191 nostris
1540 2160 1681 2191 teneatis
1717 2163 1749 2191 et
1786 2158 1987 2204 possideatis

128 2213 268 2260 p'acifice
297 2218 328 2248 et
357 2219 478 2261 quiete⁷
510 2216 603 2250 saluo
634 2219 778 2250 seruicio
807 2217 891 2262 quod
923 2228 966 2251 ex
1003 2228 1042 2251 ea
1080 2220 1172 2251 curie
1208 2222 1323 2252 nostre
1357 2218 1494 2252 debetur
1531 2223 1562 2251 et
1598 2223 1712 2252 nostra
1751 2230 1789 2252 ac
1828 2218 1987 2253 heredum

128 2279 316 2309 nostrorum
344 2277 376 2308 in
405 2276 557 2310 omnibus
586 2282 616 2310 et
647 2288 706 2322 per
735 2280 844 2311 omnia
875 2278 1054 2312 uoluntate.

285 2334 364 2369 Cum
395 2338 492 2380 igitur
526 2338 648 2371 sollerti
687 2343 797 2371 mente
833 2338 1052 2372 considerans
1093 2344 1247 2384 quantam
1285 2342 1315 2374 in
1352 2340 1415 2374 hoc
1451 2340 1686 2378 gratitudinem
1724 2345 1835 2375 nostra
1873 2339 1987 2385 benig.

126 2395 310 2430 ostenderit
339 2400 369 2429 et
400 2395 547 2431 fauorem
579 2398 719 2432 fideliter
748 2398 916 2445 obsequiis
945 2402 1079 2442 nostris,
1111 2404 1143 2433 et
1172 2399 1389 2447 beneplacitis
1420 2401 1593 2435 inhereres
1615 2402 1754 2436 studens
1775 2401 1872 2435 nohis
1892 2406 1988 2446 grata

128 2459 286 2503 impertiri
315 2459 459 2490 seruicia
488 2462 520 2492 ut
549 2470 685 2493 munera
717 2462 918 2505 premiantes
948 2464 1076 2494 tuorum
1106 2460 1284 2495 affluencia
1313 2474 1454 2509 superes
1485 2465 1675 2496 meritorum
1706 2474 1834 2508 nosque
1870 2462 1991 2496 delec-

129 2521 236 2551 temur
271 2519 420 2564 experiri
450 2518 534 2562 quod
575 2522 651 2554 uice
685 2519 889 2554 liberalitatis
931 2525 1045 2555 nostre
1087 2525 1201 2566 gracia
1241 2523 1393 2569 prelarga
1430 2526 1535 2558 maius
1573 2523 1682 2558 ualeat
1721 2529 1820 2570 atque
1856 2527 1991 2568 gracius

130 2588 268 2612 munere
297 2577 463 2612 refundat.
