2184 2828
995 91 1066 126 117

115 208 301 242 Nicolczicz
329 212 360 241 et
389 208 543 252 Anspecz
572 209 602 240 in
632 206 781 241 Nobilem
812 211 917 242 virum
947 209 1109 243 dominum
1136 209 1321 243 Jobannem
1343 210 1382 244 de
1403 210 1557 245 Clinberk
1578 211 1698 245 factum
1718 217 1752 245 vt
1772 212 1952 258 predicitur

116 269 200 303 dicte
228 273 340 302 nostre
368 267 521 301 Ecclesie
549 271 579 300 et
608 271 814 314 prepositure
850 270 1027 315 prfuit-uum
1062 274 1092 303 et
1126 270 1204 303 vtile
1232 271 1527 317 condicionemque
1555 275 1626 306 eius
1654 276 1862 318 prepositure
1891 286 1951 320 per

115 333 220 375 ipsum
248 327 320 361 fore
349 327 550 361 melioratam
580 327 697 361 Ratuin
734 334 763 362 et
798 334 924 373 gratnm
962 330 1119 364 babentes
1154 333 1185 364 in
1215 331 1290 364 illud
1326 335 1598 377 compi-‹nnissuin
1626 337 1661 366 vt
1688 337 1737 366 est
1766 338 1948 379 pretactum

114 393 267 435 quantum
297 393 408 422 nostra
437 391 571 422 interest
599 399 657 422 seu
687 391 848 423 interesse
870 393 986 435 poterit
1006 390 1157 424 beniuole
1178 392 1388 436 presentibus
1408 396 1630 427 consentimus
1655 398 1687 427 et
1716 393 1949 439 abprohamus.

114 449 150 483 In
178 452 271 483 cuius
299 452 347 482 rei
375 452 592 482 testimonium
634 460 695 482 nos
737 454 881 494 presenti
917 454 1153 497 compromisso
1191 451 1429 486 subscribimus
1465 458 1495 486 et
1535 454 1650 498 Sigillo
1680 456 1783 487 nostri
1813 453 1950 500 Capituli

114 509 371 544 Boleslauiensis
406 508 559 543 Ecclesie
592 509 737 556 predicte
773 513 925 544 iussimus
959 515 1162 555 communiri,
1197 512 1318 546 Actum
1354 518 1385 546 et
1419 513 1527 546 datum
1562 525 1648 547 anno
1683 525 1798 549 mense
1833 515 1885 549 die
1920 520 1952 549 et

115 571 199 612 loco,
229 569 344 616 quibus
373 581 482 616 supra.

420 649 486 681 (Das
511 648 584 683 Orig.
610 649 655 674 aus
676 649 833 682 Pergament
858 652 900 677 mit
925 653 990 677 zwei
1009 651 1236 678 woblerbaltenen
1255 652 1366 685 Sigillcn
1390 653 1422 678 im
1442 653 1557 678 Areliive
1571 653 1618 678 des
1638 653 1758 680 Klosters
1777 654 1950 687 Maria-Sua}³

523 701 555 726 im
580 709 612 726 m.
638 704 669 726 st.
694 701 903 728 Laudesarctnvc
928 703 972 729 Lit.
999 703 1028 735 Q.
1054 712 1077 729 n.
1108 705 1168 733 15.)

985 824 1002 859 1
1012 823 1085 859 69.

115 900 284 935 Bertlzold
311 912 371 934 ron
400 899 497 944 Lipa.
526 899 650 933 Probst
680 911 731 932 am
758 900 978 944 Wysselnmle.
1009 901 1170 946 bes-taliq!
1199 902 1261 935 das
1282 902 1445 936 z-ece'scleen
1475 903 1545 936 dem
1566 903 1765 937 Bunzlmler
1784 903 1953 937 Probsten

115 961 275 995 Bernard
301 961 367 994 und
393 961 464 994 dem
498 961 676 994 Korn-ente
711 960 769 994 des
805 962 962 995 Kloslers
996 962 1230 996 Maria-Soa!
1258 964 1288 996 ιή
1318 963 1486 996 ΑΙΙύνᾰηη
1516 963 1690 1008 bez-iiyle'ch
1729 965 1789 998 der
1819 965 1953 998 (ircim-e

113 1021 279 1056 zm'schen
310 1022 455 1066 Auspitz·
484 1021 797 1055 2111d.x'1·k·0ltscln·t:-
826 1034 866 1055 zu
887 1023 1017 1056 Slamle
1042 1022 1257 1067 qekoitiitzelee
1278 1024 1513 1067 Comprwm‘sS.
1545 1025 1601 1058 m.
1625 1025 1738 1069 Praqe
1767 1027 1799 1058 in
1822 1025 1953 1059 Octava

589 1083 817 1117 Asseuiete'om's
845 1083 886 1116 B.
918 1084 962 1117 M.
1000 1083 1034 1118 Γ.
1068 1084 1147 1125 (22.
1178 1084 1334 1128 Αηῃηεί]
1368 1084 1478 1118 1337.

270 1159 359 1212 Ros
394 1177 566 1212 Bertoldus
602 1178 642 1212 de
675 1178 765 1224 upa,
799 1182 985 1224 prepositus
1021 1178 1174 1213 Ecclesie
1207 1178 1513 1224 VVissegradensis,
1548 1180 1656 1225 Regni
1692 1181 1827 1215 Boemie
1862 1181 1955 1215 Can-

116 1239 281 1281 cellarius2
304 1238 399 1272 Scire
426 1239 578 1272 volumus
597 1241 764 1273 Vniuersis
785 1243 992 1286 presencium
1012 1243 1164 1273 noticiam
1186 1240 1354 1274 habituris.
1377 1241 1461 1285 quod
1483 1241 1634 1275 videntes
1655 1246 1685 1275 et
1706 1242 1955 1276 considerantes

117 1303 389 1346 compromissum
427 1303 512 1333 inter
545 1299 699 1333 dilectum
734 1301 944 1334 awunculum
983 1305 1128 1335 nostrum
1166 1301 1392 1334 Bernliardnm
1436 1305 1636 1348 prepositum
1671 1302 1955 1337 Boleslauiensem

117 1363 209 1394 cuius
246 1361 376 1406 quidem
412 1364 619 1406 prepositure
656 1372 768 1394 sumus
807 1361 937 1395 Patroni
974 1366 1005 1395 et
1040 1364 1071 1395 in
1105 1365 1318 1407 possessione
1352 1365 1622 1408 iurispatronatus
1659 1374 1758 1408 super
1792 1367 1887 1397 metis
1925 1369 1957 1397 et

117 1421 399 1465 circuniserencijs
429 1424 512 1454 inter
540 1421 727 1455 Nicolczicz
756 1426 848 1467 parte
881 1433 922 1455 ex
953 1434 1030 1463 xiia,
1060 1426 1091 1455 et
1121 1450 1127 1456 .
1160 1450 1166 1456 .
1196 1422 1409 1456 Abbatissam
1442 1423 1594 1456 dilectam
1623 1428 1770 1457 nostram
1799 1424 1955 1458 Sororem

117 1481 157 1515 de
185 1486 298 1516 sancta
326 1481 429 1515 Maria
459 1485 491 1515 in
521 1481 686 1516 Suburbio
720 1482 866 1516 Ciuitatis
900 1483 1090 1526 lhunensis,
1126 1488 1157 1516 et
1193 1494 1286 1517 snum
1317 1484 1522 1517 Conuentmn
1559 1484 1682 1518 ordinis
1713 1483 1956 1530 Cysterciensis

118 1547 213 1589 parte
241 1554 285 1576 ex
313 1543 428 1585 altera,
464 1554 563 1588 snper
600 1546 694 1577 metis
728 1548 757 1577 et
791 1544 1073 1587 circninferencijs
1109 1555 1166 1577 seu
1202 1543 1357 1577 limitibus
1391 1546 1476 1578 inter
1510 1544 1666 1590 Auspecz
1702 1556 1745 1579 ex
1780 1546 1894 1588 altera,
1924 1549 1956 1579 in

117 1602 268 1637 Nobilem
298 1606 403 1637 virum
440 1603 603 1637 dominum
639 1604 823 1637 Jobannem
861 1604 900 1637 de
936 1603 1171 1648 Clingenwerk
1206 1609 1351 1638 nostrum
1381 1604 1564 1648 Sororiunn
1594 1610 1720 1639 maturo
1750 1610 1782 1639 et
1810 1606 1957 1651 diligenti

117 1668 255 1698 tractatu
284 1667 444 1710 premisso
472 1667 533 1698 rite
561 1664 693 1706 factum,
723 1665 808 1698 dicte
837 1669 1044 1711 prepositure
1072 1664 1223 1698 Ecclesie
1242 1665 1513 1708 Boleslauiensis,
1543 1677 1620 1699 esse
1647 1666 1840 1711 proficuum
1871 1678 1957 1700 con-

118 1724 346 1770 dicionemque
374 1725 521 1759 eiusdein
552 1729 760 1770 prepositure
789 1738 832 1759 ex
860 1737 899 1759 eo
929 1726 1002 1759 sore
1033 1726 1249 1759 melioratam.
1270 1726 1379 1771 Ipsum
1400 1729 1683 1772 compromissum,
1707 1731 1743 1760 vt
1762 1730 1957 1772 premittitur

118 1784 241 1819 factum
268 1784 308 1819 de
337 1788 430 1819 metis
459 1790 489 1818 et
516 1785 797 1830 cireuinl‘erencijs
818 1789 994 1819 minei-sis.
1016 1797 1073 1819 seu
1095 1786 1259 1829 limitibus,
1282 1791 1311 1820 et
1333 1787 1371 1820 ad
1393 1798 1431 1819 ea
1453 1786 1690 1832 pertinentibus
1711 1798 1770 1821 seu
1791 1791 1958 1833 pertinere

116 1845 316 1888 valentibus,
352 1856 415 1891 quo
450 1846 489 1880 ad
527 1857 641 1880 omnes
677 1847 831 1881 articulos
866 1851 935 1880 eius
965 1851 995 1880 et
1024 1851 1141 1892 puncta
1171 1847 1313 1892 singula,
1352 1852 1383 1881 et
1418 1847 1457 1880 ad
1491 1858 1607 1881 omnes
1635 1848 1798 1883 clausulas
1828 1851 1897 1882 eius
1927 1853 1957 1882 et

118 1906 343 1947 condiciones„
374 1918 437 1953 que
467 1911 497 1940 in
527 1908 628 1941 literis
657 1910 757 1953 ipsius
787 1907 967 1941 Bernhardi
998 1910 1151 1952 prepositi
1179 1908 1315 1953 predicti
1341 1919 1441 1953 super
1460 1911 1689 1954 conpromisso
1709 1908 1792 1943 datis
1812 1909 1957 1955 predicto

117 1966 244 2011 plenius
273 1971 494 2011 continentur,
524 1968 644 2001 Ratum
673 1973 705 2001 et
732 1974 860 2013 gratum
893 1968 1051 2001 babentes
1081 1972 1111 2001 in
1141 1972 1402 2014 conpromissum
1431 1968 1603 2014 prefatum,
1634 1974 1668 2002 vt
1693 1974 1744 2003 est
1764 1974 1955 2015 pretactmm

118 2030 272 2071 quantum
307 2032 419 2061 nostra
458 2032 621 2074 tamquam
656 2028 788 2063 Patroni
822 2032 957 2062 interest
993 2040 1050 2062 seu
1086 2031 1247 2063 interesse
1281 2032 1399 2075 poterit
1435 2029 1587 2063 beniuole
1625 2029 1832 2076 presentibus
1871 2040 1959 2064 con-

118 2089 288 2130 sentimus,
317 2092 350 2121 et
377 2088 453 2122 illud
489 2089 721 2135 approbamus,
758 2089 793 2123 In
831 2093 923 2123 euius
960 2092 1007 2122 rei
1045 2092 1264 2124 testimoninm
1301 2094 1472 2135 presentes
1508 2091 1632 2124 litteras
1668 2091 1737 2124 fieri
1772 2094 1804 2124 et
1841 2089 1959 2125 Maiori

119 2146 236 2191 Sigillo
264 2152 375 2183 nostro
403 2151 558 2183 iussimus
587 2153 790 2184 communiri.
847 2150 963 2183 Datum
994 2149 1100 2194 Prage
1129 2162 1216 2184 anno
1245 2150 1365 2184 domini
1394 2149 1738 2186 M0CCCOXXXVHO.
1769 2154 1801 2184 in
1831 2150 1957 2185 Octaua

120 2210 361 2253 assumpcionis
389 2212 530 2254 virginis
560 2211 719 2255 gloriose.

424 2288 491 2317 (Das
515 2290 588 2323 Orig.
615 2289 661 2315 aus
682 2290 837 2324 Pergament
869 2291 910 2315 init
942 2297 1024 2315 ciuem
1057 2293 1102 2323 gut
1132 2289 1286 2315 erlialtenen
1311 2290 1403 2323 Sigille
1429 2291 1460 2315 im
1493 2291 1606 2315 Arvtiive
1638 2290 1685 2315 des
1710 2288 1834 2317 Ktosters
1859 2291 1958 2318 Maria-

530 2341 590 2366 Saal
616 2350 645 2366 zu
672 2342 800 2367 Altbriinn
825 2343 856 2367 im
883 2351 913 2366 in.
940 2345 971 2366 st.
998 2341 1206 2367 Laudes-archivo
1231 2341 1276 2367 Lit.
1303 2342 1333 2372 t).
1361 2350 1383 2366 n.
1415 2341 1474 2370 iti.)
