2184 2828
1094 149 1107 165 ι.

1092 148 1164 182 000

211 270 390 309 civitatum„
421 268 655 300 universitates
677 265 892 312 Oppidorum„
923 266 1125 306 Casu-orum,
1155 264 1326 302 Villarumq
1357 269 1388 297 et
1417 265 1551 300 alioruin
1582 266 1741 301 locorum„
1773 269 1804 298 et
1833 266 1897 299 alie
1925 267 2045 308 singu-

211 328 296 361 lares
328 338 471 373 persono
501 326 675 360 Civitatum
706 331 737 360 et
765 327 946 360 diocesium
977 329 1008 358 et
1036 325 1172 358 aliarum
1201 328 1340 370 partium
1368 325 1573 360 diversarum
1595 331 1800 371 occuparunt
1828 330 1859 359 et
1888 327 2044 370 occupari

211 388 364 421 lecerunt
394 387 522 425 Casu-a„
553 386 669 425 Villas,
699 391 728 419 et
759 387 821 419 alia
853 387 935 426 lot-:nr
967 390 1083 420 terras.
1114 385 1243 419 domos.
1273 388 1517 431 possessiones,
1547 389 1616 419 iura
1646 391 1679 419 et
1700 386 1955 427 iurisdictiones,
1984 396 2046 418 nec

210 458 275 480 non
306 446 442 484 fructusq
473 458 608 485 census„
638 446 782 480 redditus
812 451 843 480 et
872 450 1065 491 proventus,
1095 449 1127 478 et
1147 446 1301 479 nonnulla
1332 446 1393 478 alia
1415 445 1498 479 bona
1519 446 1650 479 mobilia
1673 451 1705 478 ct.
1727 446 1913 480 immobilia.
1944 447 2046 490 spiri-

210 507 307 540 tualia
330 512 361 540 et
382 508 572 551 temporalia
604 507 642 539 ad
673 518 820 540 mensam
843 518 935 540 suam
957 505 1180 551 episcopalem
1203 508 1399 550 spectantia„
1430 510 1461 539 et
1481 517 1518 539 ea
1539 507 1687 539 detinent
1707 506 1850 539 indebite
1870 509 2043 550 oecupatzu

209 579 267 600 seu
290 578 326 600 ca
349 566 568 600 detinentibus
589 572 735 612 prestant
756 567 912 600 auxilium
935 566 1107 598 consilium
1129 566 1182 598 vel
1204 565 1364 599 savorem.
1387 565 1538 599 Nonnulli
1555 570 1650 599 etiam
1669 567 1842 599 Civitatum
1863 566 2043 598 diocesiuin

210 632 240 659 ct
269 630 408 672 partium
432 627 663 672 predictarum.
693 630 745 672 qui
776 638 893 660 nomen
917 626 1046 659 Domini
1068 628 1096 658 in
1120 637 1259 658 vacuum
1281 628 1431 670 recipere
1451 637 1515 659 non
1537 626 1722 667 formidant,
1753 626 1859 658 eidem
1880 625 2045 670 Episcopo

208 698 307 732 super
337 687 492 733 predictis
513 687 638 721 Castris
666 688 751 720 villis
772 691 803 720 ct
829 688 910 720 locis
941 687 1025 728 aliis7
1057 688 1164 725 terris„
1195 686 1344 720 domibus
1365 690 1395 719 et
1422 686 1700 731 possessionibus„
1730 686 1854 719 iuribus
1884 690 1915 718 et
1943 688 2045 718 iuris-

208 747 415 781 dictionibus.
448 747 619 784 l'ructibusq
650 747 818 785 censibus„
848 746 1028 780 redditibus
1058 751 1087 779 et
1118 746 1332 791 proventibus
1371 746 1579 783 corumdem„
1617 752 1647 779 et
1685 746 1946 791 quibuscumque
1974 746 2046 778 aliis

207 808 301 841 bonis
331 808 503 842 mobilibus
525 813 557 841 et
578 807 806 842 immantatum.
838 807 1061 852 spiritualibus
1083 811 1113 839 et
1134 806 1378 852 temporalibus„
1409 818 1447 839 ac
1469 807 1539 840 aliis
1559 807 1658 840 rebus
1680 807 1717 839 ad
1740 806 1876 839 eandem
1899 816 2045 839 mensam

207 868 430 913 spectantibus
470 868 665 912 multiplices
703 868 872 901 molestias
907 872 939 900 et
967 870 1102 900 iniurias
1133 867 1276 900 inserunt
1304 872 1337 900 et
1365 870 1521 901 iacturas.
1578 866 1688 908 Quare
1719 867 1822 899 dictus
1859 866 2046 911 Episcopus

206 928 301 962 nobis
338 928 501 961 humililer
536 928 755 973 supplicavit,
795 932 827 960 ut
864 938 936 961 cum
972 928 1078 961 eidem
1108 927 1206 961 valde
1235 927 1389 960 reddatur
1416 927 1547 960 diflicile
1576 939 1634 973 pro
1665 928 1803 971 singulis
1834 926 1976 971 querelis
2005 925 2045 959 ad

207 989 419 1034 apostolicam
450 988 564 1022 sedem
595 988 718 1021 babere
748 999 932 1029 recursum„
962 988 1141 1034 providere
1171 987 1233 1021 sibi
1262 999 1362 1033 super
1390 987 1451 1021 lioc
1480 992 1617 1033 paterna
1640 988 1807 1031 diligentia
1838 997 2044 1020 curaremus.

206 1048 273 1082 Nos
295 1051 393 1093 igitur
414 1048 578 1082 adversus
609 1053 842 1093 occupatore&
874 1053 1133 1094 presumptores,
1164 1047 1366 1082 detentores.
1397 1049 1626 1081 molestatores
1647 1053 1679 1081 et
1700 1050 1908 1081 iniuriatores
1928 1046 2046 1080 liuius-

206 1109 291 1142 modi
328 1109 381 1142 illo
418 1109 570 1142 volentes
606 1106 732 1142 eisdem
771 1108 939 1154 Episcopo
978 1108 1010 1142 et
1048 1119 1163 1142 mense
1201 1120 1260 1141 sne
1295 1108 1439 1141 remedio
1468 1108 1665 1145 subvenire„
1697 1119 1754 1153 per
1784 1107 1868 1152 quod
1898 1110 2045 1153 ipsorum

205 1174 440 1214 compescatur
468 1172 649 1207 teineritasq
681 1174 713 1202 et
742 1170 812 1203 aliis
842 1169 948 1203 aditus
977 1169 1202 1203 committendi
1223 1169 1338 1203 similia
1369 1169 1587 1214 precludatur7
1617 1169 1817 1202 Discretioni
1845 1172 1958 1202 vestre
1987 1178 2047 1213 per

206 1230 386 1275 apostolica
423 1232 543 1275 scripta
579 1229 791 1265 mandamus.
828 1233 982 1275 quatinus
1019 1241 1080 1263 vos
1119 1230 1174 1263 vel
1213 1229 1276 1262 duo
1311 1233 1363 1262 aut
1399 1241 1481 1263 unus
1511 1234 1657 1262 vestrum
1689 1241 1747 1274 per
1777 1240 1837 1262 vos
1867 1228 1921 1262 vel
1949 1228 2045 1262 alium

206 1301 265 1323 seu
295 1290 388 1331 alios,
419 1293 548 1324 etiamsi
577 1293 641 1324 sint
669 1295 762 1323 extra
793 1290 865 1323 loca
896 1293 926 1323 in
957 1290 1074 1336 quibus
1104 1290 1249 1335 deputati
1279 1293 1358 1324 estis
1387 1294 1646 1323 conservatores
1675 1295 1706 1322 et
1734 1289 1887 1331 Judices,
1917 1288 2047 1334 prefato

204 1350 375 1396 Episcopo
410 1350 557 1384 el'licaeis
594 1350 797 1384 defensionis
834 1351 978 1396 presidio
1015 1354 1231 1393 assistentes,
1271 1361 1336 1384 non
1374 1353 1566 1396 permittatis
1602 1350 1743 1383 eundem
1780 1360 1880 1394 super
1915 1349 1976 1383 hiis
2013 1353 2045 1382 et

205 1410 403 1455 quibuslibet
432 1411 504 1444 aliis
535 1411 630 1445 bonis
660 1415 693 1444 et
722 1411 844 1445 iuribus
873 1411 912 1445 ad
943 1414 1046 1456 ipsam
1076 1422 1223 1445 mensam
1253 1410 1489 1456 spectantibus,
1520 1409 1560 1443 ab
1581 1410 1703 1443 eisdem
1726 1414 1757 1443 et
1786 1409 2047 1455 quibusmimque

205 1472 275 1504 aliis
304 1470 447 1504 indebite
478 1471 656 1514 molestari,
688 1472 742 1505 vel
771 1471 878 1505 eidem
907 1474 1103 1516 gravamina
1132 1482 1191 1505 seu
1212 1471 1350 1516 dampna
1380 1470 1434 1504 vel
1453 1473 1589 1504 iniurias
1617 1473 1768 1514 irrogari„
1800 1470 1917 1504 facturi
1939 1469 2047 1503 eidcm

206 1530 372 1576 Episcopo
401 1542 473 1565 cum
504 1531 543 1565 ab
573 1542 613 1565 eo
642 1532 697 1565 vel
726 1531 996 1577 procuratoribus
1025 1535 1093 1565 suis
1122 1532 1175 1566 vel
1205 1543 1319 1565 eoi-uin
1349 1531 1455 1577 aliquo
1476 1531 1602 1565 fueritis
1631 1534 1790 1576 requisiti7
1821 1531 1860 1564 de
1890 1530 2046 1576 predictis

204 1596 236 1624 et
273 1591 344 1625 aliis
380 1595 533 1637 personis
569 1592 766 1637 quibuslibet
795 1604 897 1638 super
925 1595 1134 1626 restitutione
1162 1592 1348 1625 huiusmodi
1378 1591 1585 1633 Castrorum,
1615 1590 1793 1625 Villarum.
1824 1596 1984 1624 terrarum
2014 1594 2046 1624 et

205 1652 341 1685 aliorum
363 1652 523 1695 locorum,
545 1652 818 1691 iurisdictionumq
841 1655 957 1686 iurium
980 1657 1012 1686 et
1032 1652 1191 1687 bonorum
1214 1652 1376 1685 mobilium
1399 1656 1430 1685 et
1448 1651 1672 1691 inuuobilium,
1702 1651 1884 1684 reddituum
1914 1661 2046 1696 quoque

205 1723 242 1744 ac
273 1717 506 1757 pr‹›vc.=ntiuiin‚
536 1717 568 1746 et
596 1713 732 1746 aliorum
754 1724 1037 1758 quorumcumque
1057 1713 1231 1755 bonorum,
1261 1723 1323 1746 nec
1342 1723 1407 1745 non
1428 1712 1468 1745 dc
1489 1711 1685 1757 quibuslibet
1708 1712 1878 1747 molestiis.
1906 1714 2044 1746 iniuriiS.

205 1777 302 1816 atquc
332 1772 494 1818 dampnis„
524 1773 737 1818 presentibus
767 1778 798 1807 et
826 1773 956 1817 futuris7
987 1777 1018 1807 in
1047 1774 1109 1808 illis
1137 1773 1293 1807 videlicet
1331 1784 1394 1818 que
1421 1771 1614 1805 Judicialem
1644 1775 1812 1816 requirunt
1840 1772 2042 1815 indaginem.

205 1836 384 1866 summarie
418 1837 451 1866 et
486 1833 525 1866 de
559 1834 658 1878 plano
693 1837 764 1867 sine
803 1837 939 1879 strepitu
976 1838 1007 1867 et
1043 1834 1149 1878 figura
1177 1833 1305 1875 iudicii7
1340 1835 1373 1866 in
1406 1832 1477 1866 aliis
1511 1843 1594 1866 vero
1631 1837 1725 1877 prout
1760 1833 1900 1878 qualitas
1930 1842 2043 1865 eorum

204 1896 358 1936 exegerit
387 1895 516 1926 iusticie
545 1894 834 1940 complementum,
865 1894 1094 1939 Occupatores
1123 1905 1183 1929 seu
1211 1894 1412 1933 detentores„
1443 1893 1690 1927 molestatores.
1721 1896 1981 1937 pwsmnptores,
2012 1896 2044 1925 et

205 1957 416 1987 iniuriatores
452 1953 654 1996 huiusmodi„
684 1966 746 1988 nec
775 1966 840 1988 nou
870 1955 1131 1989 contradictores
1160 1954 1325 2000 quoslibet
1354 1959 1385 1987 et
1414 1953 1567 1993 rebelles„
1597 1956 1833 1998 cuiuscumque
1863 1953 2042 1997 dignitatis,

205 2019 319 2053 status„
349 2014 474 2048 ordinis
504 2015 556 2048 vel
588 2015 784 2049 conditionis
814 2018 997 2050 extiterinh
1027 2015 1300 2060 (piandocumque
1329 2018 1360 2047 et
1388 2016 1680 2059 quotienscumque
1711 2013 1895 2058 expedierit
1923 2017 2045 2047 aucto-

205 2078 300 2107 ritate
329 2079 441 2108 nostra
470 2086 530 2120 per
558 2085 733 2109 censuram
763 2076 1027 2109 ecclesiasticam
1058 2076 1276 2121 appellatione
1305 2076 1486 2120 postposita
1518 2074 1777 2119 compescendo.
1815 2073 1974 2107 Invocato
2003 2073 2042 2106 ad

205 2134 266 2168 boc
296 2138 322 2168 si
351 2146 434 2180 opus
462 2134 561 2168 fuerit
589 2136 713 2169 auxilio
743 2135 867 2170 brachii
889 2137 1060 2170 secularis.
1090 2135 1166 2169 Non
1186 2135 1391 2169 obstantibus
1411 2139 1472 2167 tam
1495 2134 1599 2167 felicis
1619 2134 1859 2168 recordationis
1880 2133 2045 2168 Bonifacii

206 2195 295 2241 l’ape
326 2195 401 2229 VIII
430 2195 681 2241 predecessoris
711 2199 813 2230 nostri
843 2199 874 2230 in
905 2196 1022 2242 quibus
1052 2201 1190 2230 cavetur
1218 2207 1260 2229 ne
1289 2197 1359 2240 quis
1380 2199 1474 2228 extra
1497 2205 1589 2227 suam
1611 2197 1780 2228 civitatem
1811 2199 1843 2228 et
1871 2195 2042 2230 diocesiuu

205 2259 266 2289 nisi
296 2258 328 2289 iu
357 2259 457 2289 certis
486 2259 638 2302 exceptis
667 2257 812 2299 casibus7
844 2261 876 2290 et
904 2260 935 2290 in
965 2258 1026 2290 illis
1056 2257 1139 2290 ultra
1169 2268 1266 2290 unam
1297 2256 1414 2289 dietam
1435 2266 1452 2288 a
1474 2255 1538 2288 line
1567 2266 1626 2288 sue
1647 2255 1790 2289 diocesis
1821 2255 1859 2289 ad
1889 2255 2042 2289 iudiciuin

206 2321 375 2349 evocetur.
434 2316 503 2350 Seu
537 2327 579 2350 ne
612 2316 747 2351 Judices
777 2322 809 2351 et
839 2317 1106 2351 Conservatores
1141 2329 1159 2351 a
1195 2317 1275 2351 sede
1308 2315 1451 2360 deputati
1481 2315 1645 2359 predictaq
1683 2321 1778 2349 extra
1809 2316 1983 2350 Civitatem
2012 2319 2043 2348 et

206 2375 363 2410 diocesim
394 2380 424 2410 in
454 2376 570 2421 quibus
604 2377 748 2422 deputati
778 2377 912 2424 fuerint7
941 2382 1054 2411 contra
1085 2387 1308 2422 quoscumque
1337 2375 1536 2421 procedei·e‚
1567 2378 1640 2409 sive
1677 2376 1728 2410 alii
1765 2377 1820 2411 vel
1849 2377 1920 2410 aliis
1948 2378 2043 2409 vices

209 2445 286 2468 suas
325 2441 550 2479 committere,
588 2441 643 2470 aut
671 2438 798 2483 aliquos
828 2439 912 2472 ultra
940 2449 1038 2471 unam
1069 2438 1188 2472 dietam
1226 2449 1242 2471 a
1272 2436 1335 2470 line
1371 2435 1514 2469 diocesis
1543 2436 1732 2470 eorumdem
1762 2437 1891 2471 trahere
1920 2447 2045 2482 presu-

207 2499 315 2537 mant‚
352 2496 527 2531 dummodo
556 2497 638 2530 ultra
673 2497 753 2531 duas
783 2498 887 2532 dietas
923 2498 1039 2544 aliquis
1075 2501 1270 2532 auctoritate
1306 2499 1507 2542 presentium
1537 2496 1576 2529 ad
1606 2497 1760 2531 iudicium
1789 2508 1854 2531 non
1884 2496 2040 2530 trabatur.

209 2554 275 2587 Seu
307 2556 392 2600 quod
422 2557 461 2590 de
491 2558 561 2592 aliis
592 2569 687 2604 quam
717 2558 757 2591 de
786 2558 971 2593 manifestis
992 2561 1117 2593 iniuriis
1147 2563 1178 2592 et
1198 2558 1375 2599 violentiis,
1405 2560 1438 2589 et
1466 2556 1537 2590 aliis
1567 2568 1630 2601 que
1650 2558 1833 2591 iudicialem
1854 2557 2043 2601 indaginem

209 2618 347 2658 exigunt
375 2619 469 2660 penis
498 2620 528 2650 in
559 2629 616 2652 eos
646 2621 673 2653 si
703 2629 800 2653 secus
829 2622 960 2664 egerint
987 2624 1020 2652 et
1049 2622 1079 2653 in
1109 2619 1137 2652 id
1167 2621 1383 2664 procurantes
1404 2616 1551 2660 adiectis,
1581 2623 1840 2653 conservatores
1868 2629 1904 2652 se
1934 2617 2045 2652 nulla-
