2184 2828
1000 108 1071 143 193

981 252 1086 288 265.

116 330 302 376 JIm-lzyraf
322 329 413 363 Isarl
441 341 502 364 ron
531 329 677 363 Mc'ilzren
705 330 869 374 erltldrct5
899 331 979 364 (lass
1007 342 1045 364 er
1072 330 1144 364 dem
1174 329 1267 363 Abte
1295 330 1360 363 und
1387 330 1458 364 dem
1496 331 1673 365 [som-ente
1710 332 1770 364 des
1798 332 1958 365 Istos-{ers

116 390 327 435 Koniyssaal
353 389 514 424 cerboten
542 389 642 433 habe.
672 391 733 424 den
771 403 832 424 zur
866 391 1127 425 Raezelaoaecaner
1159 390 1288 424 Ii'z'rche
1321 390 1506 435 qehorigsen
1537 391 1678 425 Zeleend
1704 403 1746 425 ‹z-{t
1776 392 1958 435 rcrlcausen

233 451 316 485 oder
342 462 384 484 zu
413 452 630 496 cerpsa'uden.
659 450 719 485 Dt.
750 451 919 495 Paris-ius,
948 451 1066 487 XVII.
1095 451 1241 485 Kalend.
1271 451 1406 495 Aprilis
1436 450 1516 493 (16.
1548 452 1667 494 Mars)
1700 451 1810 486 1340.

258 527 431 581 Kar-olus
460 545 606 580 marchio
634 545 796 580 Morauie.
851 546 1013 581 Nouerint
1045 549 1194 581 Vniuersi
1223 549 1432 592 presencium
1461 550 1588 593 copiam
1624 550 1803 593 inspecturi
1834 575 1840 581 .
1871 548 1957 594 quod

114 608 280 652 religiosis
310 609 390 641 viris
425 634 432 641 .
469 606 578 641 abbati
613 611 645 641 et
680 610 857 641 conuentui
894 609 1083 642 monasterii
1116 606 1204 641 Aule
1242 610 1335 652 regie
1362 612 1476 641 nostre
1513 607 1731 642 fundaciouis.
1779 608 1958 653 pragensis

114 669 268 714 dyocesis
297 670 440 702 strictius
468 672 585 702 tenore
612 670 822 713 presencium
851 671 1058 714 precepimus
1085 672 1117 702 et
1145 671 1255 702 arcius
1288 667 1473 702 iuhibemus
1508 671 1641 702 omnino
1670 670 1820 703 uolentes
1849 681 1890 703 ne
1920 670 1959 703 de

113 733 227 763 cetero
256 728 402 763 decimas
430 739 508 762 suas
537 730 569 762 in
597 727 795 762 Ruchwano
824 733 855 762 et
883 731 915 762 in
950 730 1022 773 alijs
1055 728 1140 763 villis
1174 728 1415 774 pertinentibus
1444 728 1483 763 ad
1511 729 1691 775 predictam
1720 730 1898 764 ecclesiam
1927 733 1959 763 in

114 788 289 823 Ruchwan
317 801 335 823 a
363 791 527 834 genitrice
554 793 668 823 nostra
696 788 803 823 felicis
833 792 991 823 memorie
1027 792 1107 835 ipsis
1134 800 1194 835 pro
1231 793 1429 823 testamento
1465 789 1628 824 traditam.
1685 790 1761 824 nulli
1801 790 1959 825 nobilium

114 850 232 892 locent.
262 849 420 886 vendant.
457 850 512 884 vel
547 850 820 896 qualitercunque
856 854 1036 896 exponent,
1071 849 1210 896 alioquin
1248 850 1517 895 indignacionem
1551 855 1700 884 nostram
1736 862 1772 884 se
1807 854 1959 885 nonerint

111 913 260 955 grauiter
287 913 492 945 incursuros.
547 909 677 956 Quippe
711 921 784 944 cum
819 921 884 944 non
920 910 1097 944 debeamus
1129 913 1332 957 permittere.
1366 911 1451 956 quod
1480 910 1566 944 bona
1603 911 1760 957 predictis
1789 912 1957 949 religiosis

112 983 130 1004 a
158 971 426 1018 progenitoribus
454 974 578 1005 nostris
606 974 639 1005 in
668 971 847 1005 remedium
877 975 907 1005 et
936 972 1073 1005 salutem
1109 974 1291 1005 animarum
1327 974 1472 1017 ipsorum
1510 976 1541 1005 et
1571 976 1758 1006 nostrarum
1788 975 1958 1017 assignata

112 1031 296 1077 aliqualiter
323 1032 545 1066 distrahantur
572 1031 723 1078 quamdiu
752 1031 865 1066 saltem
894 1032 1076 1066 remedium
1104 1043 1274 1079 opponere
1302 1035 1483 1078 poterimus
1513 1037 1733 1078 opportunum
1765 1061 1771 1067 .
1803 1061 1810 1067 .
1842 1033 1958 1067 Datum

112 1092 255 1127 Parisius
275 1092 358 1139 (sic)
373 1104 460 1127 anno
475 1092 597 1127 domini
617 1093 791 1127 millesimo
811 1096 1047 1127 trecentesimo
1062 1093 1318 1140 quadragesimo
1335 1096 1474 1139 septimo
1491 1092 1618 1127 decimo
1634 1093 1802 1128 Kalendas
1818 1094 1956 1140 Aprilis.

417 1172 484 1205 (Das
509 1172 628 1206 Origiual
653 1172 699 1198 aus
720 1172 886 1206 Pergameni.
922 1172 1019 1198 desscn
1052 1172 1126 1207 sigili
1157 1172 1231 1198 fehlt.
1262 1173 1294 1198 im
1325 1172 1350 1198 k.
1383 1173 1408 1198 lt.
1441 1172 1581 1207 geheimen
1615 1172 1774 1199 Hosio-chive
1806 1182 1835 1199 zu
1868 1173 1957 1199 wien.

523 1224 553 1250 K.
580 1223 665 1255 258.)

985 1344 1092 1381 266.

257 1404 398 1469 Konig
429 1423 562 1458 Johann
597 1434 664 1458 von
700 1423 851 1458 Bohmen
879 1424 998 1457 erlasst
1032 1423 1105 1458 dem
1141 1424 1275 1459 Kloster
1310 1424 1512 1470 Konigssaal
1546 1425 1598 1458 die
1635 1423 1792 1469 Abgabe,
1828 1424 1959 1459 welche

114 1485 178 1519 ihm
206 1484 358 1519 dasselbe
387 1495 510 1529 wegen
539 1484 599 1518 der
626 1484 728 1519 Wahl
757 1488 850 1518 eines
879 1496 987 1518 neuen
1017 1484 1124 1519 Abtes
1153 1497 1193 1519 zu
1221 1485 1407 1520 entrichten
1435 1485 1534 1525 hatte.
1578 1485 1630 1519 Dt.
1661 1485 1806 1519 Parisius
1836 1485 1956 1519 domin.

114 1545 241 1580 Laetare
267 1545 346 1590 (26.
375 1545 486 1591 Marz)
516 1544 627 1580 1340.

421 1625 548 1656 (Putat-k>-
574 1626 639 1651 uber
663 1625 870 1651 l-'orniclhui-hcr
896 1624 964 1651 243.
992 1625 1106 1651 Bohmer
1129 1625 1192 1659 ist-g.
1221 1626 1289 1651 Adzl.
1316 1625 1347 1651 ll.
1379 1625 1466 1652 lS-lfi.
1493 1627 1518 1651 S.
1547 1626 1616 1651 3:35.
1644 1634 1667 1652 n.
1695 1624 1780 1655 513.)

984 1744 1090 1780 267.

99 1805 260 1868 johann,
279 1825 424 1869 Pfarrer
446 1836 508 1859 ton
529 1825 689 1860 Modrz'lz.
711 1823 884 1858 termae-let
901 1824 963 1857 den
985 1823 1126 1857 Zelzend
1144 1835 1205 1858 1:072
1225 1825 1348 1858 seinem
1370 1826 1402 1857 ίη
1424 1824 1641 1858 Scholscleitz-
1659 1824 1844 1869 qeleyenen
1866 1823 1956 1866 Hose

113 1886 186 1918 clem
206 1885 384 1920 Koncente
403 1886 462 1920 des
483 1886 643 1919 Kloslers
664 1886 827 1931 Raz'gsern.
859 1885 916 1918 Dt.
939 1886 970 1918 ἰη
987 1884 1150 1918 Modrz'ez.
1167 1884 1264 1919 XIV.
1286 1885 1431 1918 Kalend.
1455 1885 1589 1930 Aprilis
1607 1884 1688 1928 (19.
1705 1884 1825 1927 Ma‘rz)
1846 1883 1955 1917 1320.

266 1961 313 2015 ln
341 1984 474 2015 nomine
502 1980 624 2015 domini
653 1992 758 2015 amen.
803 1980 966 2022 Quoniam
995 1982 1169 2013 momentis
1197 1984 1378 2026 temporum
1409 1985 1579 2014 transeunt
1608 1983 1775 2022 immersa.
1805 1983 1959 2023 congruit

115 2045 147 2074 ut
176 2051 216 2074 ea
244 2053 307 2087 que
335 2053 353 2076 a
382 2041 532 2076 fidelibus
561 2041 685 2076 sollerti
714 2041 821 2085 studio
850 2044 1052 2087 peragantur
1080 2043 1277 2086 scriptorum
1307 2045 1340 2075 et
1367 2045 1498 2075 testium
1519 2044 1759 2075 autenticorum
1780 2043 1958 2073 munimine

114 2100 372 2147 perhennentur.
402 2101 563 2137 Nouerint
591 2105 690 2147 igitur
718 2105 865 2136 vniucrsi
894 2111 1030 2147 quorum
1059 2103 1197 2135 interest
1222 2102 1276 2136 vel
1302 2105 1466 2136 interesse
1490 2104 1609 2148 poterit
1630 2101 1823 2135 infuturum
1845 2103 1957 2146 scripti

115 2164 280 2208 presentis
307 2165 455 2197 notitiam
484 2162 634 2198 habituri.
691 2163 785 2205 Quod
824 2173 888 2207 ego
917 2161 1088 2195 Johannes
1122 2160 1282 2207 plebanus
1314 2162 1477 2208 quondam
1512 2165 1545 2196 in
1586 2161 1731 2196 Modricz
1768 2161 1843 2195 licet
1876 2172 1958 2205 eger

114 2233 257 2269 corpore
283 2233 384 2258 sanus
411 2228 521 2258 tamen
550 2228 672 2267 mente,
702 2235 805 2258 verus
834 2228 865 2257 et
893 2223 1070 2267 legittimus
1097 2225 1248 2256 existens
1282 2221 1380 2257 heres
1408 2226 1499 2257 curie
1528 2233 1602 2256 mee
1635 2221 1790 2267 predialis
1818 2224 1850 2255 in
1880 2222 1956 2255 villa

114 2283 295 2318 Zellessicz
323 2283 409 2318 dicta
429 2284 662 2319 Olomucensis
690 2285 846 2331 dyocesis
875 2286 1001 2325 situate,
1023 2282 1160 2316 consilio
1180 2286 1318 2317 tractatu
1338 2287 1466 2317 maturo
1487 2294 1525 2317 ac
1545 2282 1789 2316 deliberacione
1809 2281 1957 2327 diligenti

115 2355 243 2378 mecum
278 2348 310 2378 et
343 2355 417 2378 cum
455 2344 606 2391 Sobyen⁸>
639 2345 857 2391 Jarohnyew.
894 2342 1069 2390 nepotibus
1104 2345 1186 2377 meis
1215 2353 1254 2376 ac
1289 2343 1362 2388 alijs
1397 2346 1509 2378 amicis
1544 2345 1666 2376 nostris
1701 2341 1882 2389 prehabitis
1917 2343 1957 2376 de

114 2408 333 2439 conniuencia
361 2404 568 2451 beneplacito
588 2410 620 2440 et
638 2417 805 2440 consensu
826 2415 990 2451 expresso
1010 2406 1189 2437 amicorum
1210 2403 1400 2438 eorumdem
1421 2404 1566 2438 decimas
1587 2413 1792 2438 annonarum
1812 2406 1956 2437 omnium

115 2468 146 2499 in
175 2468 265 2511 agris
294 2465 378 2499 dicte
415 2468 518 2509 curie,
554 2477 617 2512 que
651 2466 693 2500 ad
725 2478 778 2500 me
813 2465 914 2500 libere
948 2468 982 2498 et
1015 2463 1142 2509 absque
1176 2466 1263 2498 omui
1297 2463 1423 2498 honere
1460 2464 1660 2498 decimarum
1696 2463 1750 2498 uel
1778 2464 1957 2498 solucionis

115 2526 250 2560 alterius
279 2529 474 2571 cuicumque
502 2525 655 2561 faciende
682 2530 835 2573 peruenit
861 2524 1071 2559 hereditarie.
1126 2524 1164 2558 In
1193 2527 1286 2559 cuius
1315 2527 1421 2559 eciam
1449 2523 1610 2558 libertatis
1638 2527 1857 2571 possessione
1885 2535 1956 2557 sum

116 2591 147 2620 et
175 2589 250 2622 steti
279 2591 415 2621 actenus
443 2586 581 2633 pacifice
609 2591 641 2622 et
677 2591 788 2634 quiete
823 2588 1077 2633 proueniencius
1111 2587 1295 2620 testamenti
1330 2596 1370 2619 ac
1403 2584 1596 2619 donacionis
1630 2589 1789 2631 perpetue
1824 2587 1956 2618 nomine

1810 2643 1850 2672 25
