2184 2828
1048 107 1119 141 158

1028 250 1136 285 219.

159 326 268 371 Papst
296 326 463 362 Benedict
492 327 576 361 XII.
606 327 752 361 verleikt
780 328 833 362 die
862 328 967 362 durch
995 328 1205 372 Eruemmny
1232 328 1291 362 des
1319 329 1485 364 Nic-olaus
1513 343 1586 365 zum!
1606 331 1770 374 Bi'scltose
1798 343 1862 365 ron
1887 331 2003 366 Trieut

157 387 231 420 leer
262 388 464 432 qen-ordene
498 387 814 422 Donakerrenstelle
850 390 881 422 in
920 388 1051 422 Olme'ltz-
1085 389 1158 422 dem
1192 388 1369 432 Nicolaus,
1405 390 1499 424 Solm
1533 392 1592 425 des
1628 391 1739 425 Luc-ek
1773 403 1836 425 tou
1871 391 2000 426 Bruma.

518 448 577 482 Dc.
609 449 791 491 Arim'oue,
820 449 930 482 Nonis
957 448 1159 483 Decembris
1189 449 1244 491 (5.
1273 449 1483 494 December)
1517 451 1626 485 1338.

311 507 535 560 Benedictus
563 526 748 573 Episcopus
769 527 897 561 Servus
918 528 1100 561 Servorum
1120 526 1183 560 Dei
1203 526 1330 562 Dilecto
1359 528 1424 562 lilio
1444 528 1581 564 Nicolao
1600 530 1778 564 Lutzconis
1807 530 1848 563 de
1868 530 2001 564 Brunna

157 585 328 619 Canonico
358 586 572 620 Olomucensi
602 587 749 621 Salutem
779 592 810 621 et
838 588 1065 633 Apostolicam
1096 587 1376 622 Benedictionem.

319 673 326 680 .
345 673 352 680 .
372 646 470 680 ‚Cum
500 650 717 682 canonicatus
746 652 777 682 et
805 647 973 694 prebenda
1004 649 1148 682 ecclesie
1169 647 1399 684 Olomueensis
1427 661 1509 696 quos
1538 650 1740 684 venerahilis
1769 650 1873 685 frater
1891 656 2004 686 noster

155 706 310 740 Nicolaus
338 706 526 753 Episcopus
556 708 768 742 Tridentinus
797 708 872 742 olim
901 711 1004 754 ipsius
1032 709 1176 742 ecclesie
1205 708 1391 743 Canonicus
1426 714 1574 756 tempore
1608 714 1823 756 promotionis
1852 723 1911 758 per
1939 724 2000 746 nos

153 767 241 800 facte
270 767 310 800 de
339 770 410 813 ipso
439 768 479 801 ad
509 768 687 802 ecelesiam
716 768 899 802 Tridentin.
930 774 1006 802 tunc
1035 773 1210 803 vacantem
1239 771 1271 803 in
1300 770 1383 804 dicta
1413 770 1626 805 Olomucensi
1655 772 1799 806 ecclesia
1820 772 2000 815 obtinebat,

153 839 212 872 per
240 827 427 861 huiusmodi
447 832 688 874 promotionem
709 833 741 862 et
760 832 1024 863 consecrationis
1044 841 1160 863 munus
1181 829 1221 863 de
1240 831 1392 864 mandato
1413 836 1527 865 nostro
1548 832 1630 878 apud
1652 833 1765 866 sedem
1786 833 2000 878 apostolicam

152 890 338 934 impensum
367 889 487 931 eidem,
517 889 601 935 apud
630 889 743 923 sedem
772 892 876 935 ipsam
904 901 1028 924 vacare
1064 894 1243 924 noscantur
1276 891 1314 925 ad
1350 903 1487 937 presens
1522 893 1696 938 nullusque
1732 898 1844 939 preter
1871 904 1932 928 nos
1960 893 2001 928 de

152 951 352 982 canonicatu
382 953 412 982 et
441 949 609 995 prebenda
638 950 775 996 prefatis
805 950 866 984 hac
895 953 969 984 vice
998 951 1174 996 disponere
1202 954 1340 996 possit„
1366 979 1373 985 .
1398 952 1484 986 .N0s
1515 953 1681 998 predictos
1709 956 1939 988 canonicatum
1969 959 2002 989 et

153 1008 356 1054 prebendam
385 1013 433 1043 sic
462 1015 640 1043 vacantem
669 1021 742 1044 cum
779 1011 981 1056 plenitudine
1019 1014 1097 1045 iuris
1134 1014 1296 1054 canonici‚
1331 1024 1368 1047 ac
1402 1013 1552 1047 omnibus
1581 1014 1704 1048 iuribus
1734 1019 1767 1048 et
1795 1017 2000 1060 pertiuentiis

151 1072 219 1103 suis
240 1070 417 1115 apostolica
440 1070 495 1104 tibi
515 1074 710 1105 auctoritate
731 1071 945 1115 conserimus,
966 1076 999 1106 et
1018 1072 1058 1105 de
1082 1072 1142 1106 illis
1162 1075 1258 1106 etiam
1279 1073 1510 1119 providemus.
1529 1101 1536 1108 .
1555 1074 1640 1108 ‚Seu
1664 1075 1749 1120 quod
1773 1075 1999 1110 Parocbialein

153 1130 330 1164 ecclesiam
361 1133 391 1164 in
423 1130 607 1165 Ozelzwitz
627 1131 858 1166 Olomucensis
878 1132 1022 1166 diocesis
1043 1135 1194 1166 nosceris
1215 1132 1361 1167 obtinere
1383 1161 1389 1167 .
1412 1134 1572 1168 Volumus
1593 1140 1701 1169 autem
1723 1136 1808 1181 quod
1829 1140 1999 1183 postquam

152 1190 256 1224 dictos
285 1194 516 1225 canonicatum
546 1197 579 1226 et
613 1191 815 1238 prebendam
851 1196 970 1238 vigore
1005 1197 1169 1239 presentis
1203 1197 1310 1238 gratie
1343 1194 1446 1228 fueris
1477 1195 1612 1240 pacifice
1641 1201 1825 1239 assecutus,
1861 1197 2002 1231 eandem

151 1251 375 1296 parochialem
411 1253 600 1295 ecclesiam,
640 1264 736 1298 quam
772 1257 895 1286 extunc
929 1265 1053 1287 vacare
1089 1254 1311 1298 decernimus,
1347 1258 1480 1289 omuino
1519 1256 1682 1290 dimittere
1718 1260 1873 1291 tenearis.
1915 1257 2001 1292 Nulli

151 1323 234 1355 ergo
272 1316 334 1345 etc.
373 1317 485 1346 nostre
520 1313 716 1352 collationis,
752 1317 964 1359 provisionis,
1001 1318 1243 1349 constitutionis
1271 1320 1304 1349 et
1337 1316 1515 1350 voluntatis
1549 1317 1732 1363 infringere
1761 1323 1826 1352 etc.
1881 1318 2001 1352 Datum

154 1374 325 1406 Avinione
352 1372 458 1407 Nonis
488 1373 682 1408 Decembris
712 1375 810 1408 Anno
840 1374 978 1416 Quart0.

460 1453 546 1484 (Nacti
570 1453 629 1478 dem
655 1453 728 1487 (ii-ig.
755 1453 871 1485 lieet-ste
895 1454 996 1488 Papsss
1028 1455 1154 1481 ssenedict
1183 1455 1237 1481 ΧΙΙ.
1263 1454 1335 1481 Jalir.
1363 1455 1406 1481 lV,
1432 1456 1477 1481 Tb.
1511 1457 1540 1481 ll.
1569 1457 1608 1482 ur.
1640 1457 1699 1483 ⁴27
1732 1459 1763 1483 im
1794 1458 2001 1485 Vaticanisclien

566 1506 679 1531 Art-tuve
705 1514 734 1531 zu
761 1506 833 1532 Rom.
861 1506 955 1532 Vidini.
983 1507 1119 1533 Absclirift
1144 1509 1176 1533 im
1201 1507 1281 1533 mabr.
1305 1508 1391 1533 stiiud.
1416 1507 1655 1539 Landesnrchive.)

1025 1627 1132 1662 220.

152 1703 343 1747 Mnrliyrnf
357 1704 447 1737 lsarl
474 1703 637 1749 besldliql
665 1705 738 1738 dem
758 1704 916 1738 Brito-lter
935 1705 1078 1739 Kloster
1105 1706 1167 1739 das
1195 1717 1266 1739 eom
1292 1706 1426 1750 Koniye
1444 1706 1581 1739 ‚loliaim
1602 1709 1643 1740 im
1663 1707 1697 1741 J.
1723 1707 1822 1742 1336
1842 1709 2002 1743 ertket'lle

151 1765 382 1808 l'ririleqinm.
412 1766 483 1798 dem
514 1777 554 1798 zu
574 1765 680 1809 Fal-qe
709 1764 867 1799 dasselbe
896 1777 958 1799 ron
987 1767 1048 1799 der
1066 1767 1290 1800 nris-diction
1318 1766 1379 1800 der
1406 1766 1436 1800 lt.
1460 1767 1661 1801 Ka'mmerer
1689 1769 1755 1802 und
1774 1768 2003 1803 Landrz'clcter

235 1824 378 1868 befreiet
409 1826 532 1859 warde.
564 1825 623 1859 De.
654 1828 686 1859 in
716 1826 880 1870 Znoyma„
912 1828 942 1859 ἱη
969 1829 1060 1870 festo
1090 1827 1294 1861 Naticz’lalis
1321 1827 1446 1861 domini
1474 1827 1555 1869 (25.
1586 1828 1771 1871 Decemli.)
1807 1829 1914 1864 1338.

295 1901 466 1955 Karolus
496 1921 618 1955 domini
648 1949 654 1955 .
686 1949 692 1955 .
725 1922 828 1967 Regis
857 1922 994 1956 Boemie
1024 1922 1268 1968 Primogenitus
1296 1922 1447 1956 Mart-hio
1483 1922 1644 1962 Morauie,
1676 1924 1851 1959 Vniuersis
1880 1925 2000 1960 Christi

149 1980 311 2024 fidelibus,
333 1981 371 2015 ad
393 1993 475 2028 quos
496 1987 670 2028 presentes
692 1986 905 2029 peruenerint
924 1983 1062 2017 salutem
1084 1987 1116 2018 in
1136 1986 1278 2018 omnium
1299 1984 1477 2025 saluatore,
1493 1984 1597 2017 Justis
1618 1988 1796 2030 petentium
1812 1986 2000 2031 desideriJ's,

148 2042 287 2076 libenter
320 2046 509 2085 annuimus,
544 2048 577 2077 et
614 2047 712 2085 votis,
746 2054 810 2089 que
846 2056 862 2077 a
896 2047 1041 2078 racionis
1077 2048 1204 2078 tramite
1245 2055 1310 2078 non
1352 2044 1543 2078 discordant
1584 2048 1726 2080 sinceris
1768 2050 1801 2080 et
1841 2050 2001 2093 promptis

149 2102 319 2136 affectibus
349 2103 578 2150 adimplemus.
609 2104 663 2137 Ad
694 2107 924 2138 vniuersorum
954 2108 1054 2150 igitur
1082 2108 1228 2139 notitiam
1257 2109 1372 2139 tenore
1410 2109 1611 2150 presentium
1648 2106 1799 2140 volumus
1828 2107 1998 2142 deuenire.

149 2163 242 2203 Quod
280 2163 318 2196 ad
357 2169 505 2198 nostram
542 2165 708 2198 accedens
745 2168 956 2210 presentiam,
995 2166 1185 2209 Religiosus
1220 2169 1273 2200 vir
1310 2165 1457 2199 Deuotus
1491 2171 1605 2199 noster
1640 2167 1793 2205 dilectus„
1827 2166 2000 2203 Joliannes

148 2225 350 2258 vem-rabilis
381 2224 483 2259 abbas
512 2224 672 2259 Lucensis
701 2225 896 2270 Monasterij
934 2238 1036 2272 prope
1065 2226 1262 2273 Znoymani‚
1297 2225 1445 2260 exhibuit
1474 2226 1568 2260 nobis
1598 2228 1760 2272 quoddam
1790 2229 1999 2274 priuilegium

146 2284 267 2317 domini
299 2313 305 2318 .
337 2313 344 2318 .
376 2286 545 2320 (ieiunii-is
575 2289 674 2319 nostri
705 2286 871 2320 karissimi
901 2299 966 2321 non
996 2288 1228 2330 cancellatum,
1255 2298 1319 2321 non
1341 2286 1505 2323 abrasum.
1536 2299 1599 2321 nec
1628 2292 1658 2321 in
1689 2289 1796 2335 aliqua
1827 2293 1877 2323 sui
1907 2293 1999 2335 parte

148 2347 306 2378 vitiatum.
337 2347 394 2379 sed
424 2350 510 2380 omui
542 2350 733 2393 suspicione
768 2359 899 2390 carens,
939 2347 1058 2382 Petens
1093 2360 1111 2382 a
1147 2348 1242 2382 nobis
1278 2359 1349 2381 cuni
1387 2350 1558 2385 instancia,
1596 2353 1627 2382 vt
1664 2353 1767 2395 ipsum
1797 2350 1997 2396 approbare,

147 2405 326 2438 Rutilii-are
361 2406 400 2438 di·
437 2407 640 2451 benignitate
674 2408 767 2441 solita
806 2408 1031 2452 dignaremur.
1069 2410 1168 2443 Cuius
1197 2408 1324 2454 quidem
1361 2408 1522 2453 priuilegij
1561 2414 1655 2443 tenor
1691 2422 1750 2455 per
1785 2414 1894 2445 onmia
1925 2412 1997 2446 talis

148 2470 208 2507 cst7
239 2465 411 2499 Joliaunes
440 2468 490 2500 ‹l‹·i
529 2471 642 2509 gracia
681 2469 815 2502 Boi-mie
854 2469 939 2509 {texi
977 2469 1279 2514 Luccmburgensis
1313 2469 1447 2511 coint-s,
1484 2468 1603 2503 Notum
1633 2471 1771 2505 facimus
1800 2476 1862 2506 etc.
1894 2482 1997 2517 usque

148 2527 265 2560 Datum
311 2526 458 2560 l'ocrlicz
501 2529 580 2561 l'eria
624 2534 738 2574 qiuirta
782 2534 855 2575 post
900 2530 1046 2564 Octauas
1089 2530 1206 2571 l'ascc,
1248 2531 1347 2565 Anno
1395 2530 1515 2563 ‹lomini
1564 2530 1896 2566 M‘'CCC⁰XXXV1⁰.
1939 2532 1994 2574 (S.

146 2588 176 2621 d.
209 2587 243 2621 Β.
276 2588 310 2621 S
343 2588 390 2621 &2
421 2599 451 2620 n.
488 2588 588 2627 112.)
631 2589 698 2623 Nos
728 2593 836 2636 itaque
865 2590 1085 2634 attendentes,
1115 2591 1199 2636 quod
1229 2591 1325 2624 decet
1355 2590 1539 2635 Principum
1570 2592 1794 2626 Clemenciam
1825 2592 1994 2636 Religiosa
