2184 2828
1081 124 1152 158 138

1067 259 1084 293 l
1096 258 1168 293 89.

194 339 382 384 ΜαιἸιῃι-αῙ
404 339 494 372 Isarl
520 338 683 382 bestoliqt
712 338 765 371 die
794 337 927 371 Rechte
956 337 1021 370 und
1047 336 1242 370 Free'laenen
1270 337 1330 370 der
1358 336 1461 370 Stadt
1489 337 1671 371 Hradisclz.
1702 336 1760 370 Dt.
1791 336 1942 379 Brumae,
1966 337 2032 380 fer.

694 398 714 431 I
721 397 755 433 V.
779 401 860 442 post
890 397 1121 431 Reminiseere
1157 395 1238 438 (11.
1268 397 1386 440 Mars)
1419 397 1527 432 1338.

347 466 435 520 Nos
463 484 605 519 Karolus
634 484 766 518 Domini
795 484 898 528 Regis
927 483 1064 517 Boemie
1101 486 1350 529 primogenitus,
1380 483 1527 519 Mai-chio
1555 484 1705 518 Morauie
1723 483 1773 517 ad
1802 486 2035 518 vniuersorum

192 550 336 581 notitiam
365 551 479 580 tenore
508 548 712 591 presentium
741 545 891 579 volumus
920 547 1094 590 peruenire
1124 543 1219 584 Quod
1247 544 1445 579 accedentes
1465 545 1505 578 ad
1532 550 1677 579 nostram
1699 547 1898 590 presentiam
1920 543 2034 578 fideles

192 610 295 641 nostri
324 607 433 640 dilecti
461 608 553 640 ciues
582 608 725 639 ciuitatis
761 609 872 639 nostre
908 607 940 638 in
976 604 1143 650 Redyscli.¹
1180 603 1402 638 exhibuerunt
1435 605 1529 639 nobis
1565 616 1643 639 suas
1679 605 1804 638 litteras
1842 609 1874 638 et
1902 604 2032 638 diuersa

190 668 362 713 priuilegia
391 678 457 700 non
485 678 561 700 rasa
589 677 655 700 non
685 665 867 699 cancellata
896 676 958 698 nec
986 668 1018 698 in
1047 666 1154 710 aliqua
1181 667 1231 698 sni
1251 670 1342 711 parte
1361 669 1485 708 vitiata,
1508 668 1740 707 immunitates,
1770 667 1840 698 iura
1860 669 1893 698 et
1910 667 2035 709 gratias

191 730 403 769 continentia,
432 729 512 772 ipsis
541 738 559 760 a
588 726 693 760 felicis
722 725 963 760 recordationis
992 726 1154 771 quondam
1176 725 1323 770 Regibus
1343 725 1490 769 Boemic,
1512 726 1665 759 videlicet
1685 725 1844 759 Ottakaro
1869 730 1902 759 et
1920 725 2035 759 Wen-

190 789 302 822 ceslao
331 787 447 830 factas,
478 787 581 830 datas,
612 787 745 821 traditas
774 791 806 820 et
834 797 1028 820 concessas.
1058 785 1098 819 Et
1126 785 1255 819 tandem
1284 798 1356 820 cum
1392 791 1569 831 augmento
1604 789 1783 830 gratiarum
1812 785 1947 820 aliarum
1977 796 2036 831 per

190 851 436 882 serenissimum
465 847 650 882 Johannem
679 847 817 881 Boemie
837 847 977 891 Regem,
999 846 1225 892 Comitemque
1245 846 1567 891 Lucemburgensem
1598 847 1761 880 dominum
1792 850 1823 880 et
1850 849 2036 890 genitorem

191 913 340 942 nostrum
369 908 584 942 Karissimum
614 908 800 951 benigniter
827 907 1050 949 confirmatas,
1080 919 1097 940 a
1127 906 1221 940 nobis
1250 906 1410 941 humiliter
1438 907 1650 953 suplicarunt,
1680 911 1716 940 vt
1744 906 1879 940 easdem
1898 909 2034 951 gratias,

191 972 261 1003 iura
291 974 322 1002 et
351 972 571 1003 immunitates
600 971 722 1002 nostris
752 969 866 1001 litteris
895 967 1092 1013 approbare.
1122 968 1287 1001 ratilicare
1314 972 1345 1001 et
1373 971 1533 1001 innonat-e
1554 968 1594 1001 de
1615 971 1724 1001 innata
1746 966 1840 1001 nobis
1860 967 2036 1000 clementia

192 1030 414 1073 dignaremur.
445 1029 512 1063 Nos
534 1032 678 1074 ipsorum
701 1033 765 1062 tam
786 1031 889 1070 iustis,
911 1039 1007 1073 quain
1029 1027 1276 1062 rationabilibus
1296 1028 1587 1074 supplicationibus
1608 1027 1832 1061 fauorabiliter
1851 1031 2036 1061 annuentes

192 1094 430 1136 cupientesque
470 1092 502 1123 in
547 1089 607 1123 boc
643 1089 864 1135 predictorum
903 1091 1084 1134 principum
1120 1100 1159 1121 ac
1201 1092 1344 1134 paternis
1386 1088 1537 1122 inlici-ere
1574 1091 1736 1133 vestigiis,
1772 1091 1861 1134 ipsas
1898 1087 2034 1130 litteras,

192 1151 377 1197 priuilegia,
409 1153 641 1190 immunitates,
672 1153 740 1183 iura
771 1155 803 1183 et
831 1152 955 1194 gratias
994 1152 1053 1194 ipsi
1088 1152 1210 1183 ciuitati
1239 1154 1269 1182 et
1303 1149 1428 1183 ciuibus
1459 1153 1488 1182 in
1519 1152 1587 1195 ipsa
1623 1148 1856 1190 residentibus,
1886 1152 1949 1182 tam
1979 1159 2038 1194 per

192 1211 297 1245 dictos
332 1214 508 1256 principes,
552 1221 648 1255 quam
687 1213 872 1255 genitorem
913 1214 1060 1244 nostrum
1105 1210 1284 1255 predictum
1326 1214 1507 1255 porrectas.
1551 1209 1782 1255 approbamus,
1825 1208 2035 1251 ratificamus,

192 1276 387 1306 innouainus
416 1277 447 1304 et
475 1274 667 1305 auctoritate
697 1274 895 1316 presentium
925 1271 1171 1308 confirmamus,
1203 1271 1418 1315 volentesque
1448 1270 1580 1304 casdem
1612 1273 1786 1303 vniuersas
1815 1274 1848 1303 et
1876 1269 2036 1313 singulas,

192 1338 287 1379 prout
315 1336 345 1366 in
376 1335 520 1378 ipsorum
550 1332 731 1378 priuilegiis
761 1336 793 1365 et
822 1332 936 1365 litteris
966 1335 1185 1366 continentur.
1216 1331 1354 1376 plenius,
1383 1335 1483 1367 ratas.
1513 1335 1642 1373 grati-as
1673 1335 1705 1363 ct
1734 1330 1844 1363 sirmas
1871 1332 2037 1376 perpetuis

192 1396 223 1427 in
253 1398 348 1426 antea
379 1392 579 1438 temporibus
608 1392 838 1426 inuiolabiliter
866 1404 1073 1437 permanere.
1105 1392 1226 1425 Harum
1257 1396 1438 1425 nostrarum
1477 1394 1664 1425 testimonio
1698 1391 1889 1431 litterarum,
1918 1390 2036 1424 Datum

192 1454 325 1487 Brnnne
355 1453 448 1487 Feria
478 1458 592 1498 quarta
622 1457 694 1498 post
723 1453 918 1486 dominicam
949 1453 1178 1486 Reininiscere
1207 1455 1366 1498 proxima,
1397 1463 1484 1485 anno
1514 1452 1633 1485 domini
1672 1450 2035 1485 MOCCCOXXXVIHO.

499 1533 583 1561 (Nm-ti
598 1532 655 1557 'lem
671 1532 744 1561 (ΜΕ.
764 1533 805 1557 init
821 1532 904 1557 einem
920 1532 1067 1558 tlicilneise
1082 1532 1273 1563 insi-timitem„
1292 1531 1382 1564 Sigillt·
1401 1532 1432 1556 im
1452 1531 1565 1555 ,trelino
1580 1530 1720 1556 ‹lerselben
1736 1530 1810 1556 Stadt
1824 1529 2036 1563 ahgi-schrieben

603 1585 634 1610 A.
662 1584 792 1613 noem—k.)

1067 1704 1167 1739 190.

194 1782 483 1826 Jlarltfflwfli'arl
502 1782 643 1826 best-etet
664 1783 725 1815 (las
745 1782 887 1816 Kloster
907 1782 1001 1815 Sam·
1021 1783 1086 1815 und
1104 1783 1222 1815 (Iessea
1250 1782 1356 1814 (iiller
1385 1793 1444 1813 rou
1476 1781 1536 1813 der
1556 1779 1698 1825 Abysrbe
1727 1781 1786 1813 der
1814 1780 2036 1824 allqeiiit¹itieri

296 1844 422 1876 §vener
453 1843 624 1885 (Berua).
656 1843 714 1876 DI.
747 1843 895 1876 Brunue.
922 1844 987 1886 ser.
1020 1843 1078 1877 lt'.
1109 1846 1189 1876 aule
1216 1843 1367 1876 dominic.
1400 1841 1524 1874 [mliii-e
1555 1840 1635 1881 (18.
1667 1841 1786 1883 Mzirz)
1820 1839 1928 1873 1338.

339 1919 520 1980 karolus,
559 1938 678 1972 domini
716 1965 721 1972 .
760 1965 766 1971 .
804 1965 810 1971 .
848 1938 951 1979 Regis
983 1938 1116 1972 Boeinie
1147 1938 1384 1978 primogenitus
1415 1936 1562 1970 Mari-bio
1592 1936 1740 1970 Mornnie
1770 1963 1776 1969 .
1808 1934 1968 1969 Omnibus
2004 1938 2035 1969 in

192 2004 396 2045 perpetuum.
429 1998 467 2032 Et
497 2002 523 2032 si
553 1999 590 2032 ad
623 2000 800 2041 religiones
831 2000 980 2039 singulas
1009 1999 1127 2032 diuinis·
1156 1998 1323 2043 obsequijs
1352 1997 1530 2033 dedicatasq
1553 1998 1708 2042 specialis
1730 2000 1875 2031 caritatis
1897 1996 2035 2030 all'eccio

194 2072 254 2093 nos
285 2059 455 2105 proneliat.
487 2063 518 2092 et
547 2063 678 2093 sincere
708 2060 900 2093 ‹lenocionis
930 2063 1052 2093 caritas
1082 2071 1142 2093 nos
1178 2059 1347 2093 accendat.
1387 2057 1436 2091 Ad
1467 2058 1659 2097 religionem
1689 2062 1797 2091 tamen
1826 2062 1859 2091 et
1887 2056 2036 2090 ordinem

193 2120 276 2153 beati
309 2119 488 2153 bernhardi
519 2120 732 2153 Conl'essoris
762 2125 923 2165 tamqnam
953 2120 1103 2153 doctrine
1133 2119 1278 2165 Specnli,
1307 2123 1339 2152 et
1368 2118 1550 2151 honestatis
1585 2118 1740 2163 exempli,
1771 2129 1831 2152 nos
1861 2121 2036 2151 instinctus

191 2181 319 2225 quidam
350 2181 527 2221 singularis
556 2180 749 2214 deuovionis
779 2184 936 2215 annectit.
993 2181 1179 2227 Eapropter
1212 2180 1250 2214 ad
1286 2183 1516 2213 vniuersorinn
1557 2182 1708 2212 noticiam
1739 2179 1890 2212 volumus
1920 2183 2036 2212 tenore

192 2245 401 2286 presencium
431 2241 601 2275 deuenire.
633 2241 725 2281 Quod
757 2241 825 2275 Nos
854 2242 974 2275 domini
1005 2270 1011 2276 .
1044 2270 1050 2275 .
1083 2269 1088 2276 .
1120 2247 1151 2275 et
1181 2241 1347 2275 Genitoris
1377 2243 1479 2273 nostri
1509 2240 1678 2273 Gai-issimi
1705 2239 1861 2272 antedicti
1882 2239 2036 2282 vestigijs

192 2304 222 2334 in
256 2305 411 2335 virumn-is
441 2307 471 2335 ot
502 2301 716 2335 laudabilibus
745 2302 873 2336 actibus
904 2303 1057 2336 inherere
1086 2305 1270 2348 cupientes.
1309 2305 1465 2346 paternos
1502 2305 1535 2333 et
1572 2304 1705 2333 nostros
1735 2299 1874 2333 denotos
1904 2302 2036 2333 sincere

192 2362 329 2395 dilecto>
361 2390 366 2395 .
400 2390 405 2395 .
437 2363 599 2396 Abbatein
630 2367 662 2396 et
691 2362 895 2397 Connentum
926 2363 1119 2407 Monasterij
1150 2366 1179 2397 in
1211 2362 1302 2400 Sars,
1323 2361 1558 2394 Cistercicnsis
1588 2360 1733 2397 Ordinis.
1763 2363 1816 2405 qui
1844 2371 1932 2394 nunc
1960 2363 2036 2393 sunt

191 2427 220 2454 et
253 2433 311 2467 pro
341 2427 487 2468 tempore
518 2423 650 2466 l'ncrint,
680 2435 697 2457 a
728 2424 899 2457 solucione
926 2424 1094 2467 generalis
1126 2423 1271 2457 Collecte
1299 2433 1362 2467 qne
1394 2420 1499 2454 Berua
1526 2421 1706 2460 uolgariter
1724 2420 1854 2463 dicitur,
1874 2421 2034 2465 quociens

193 2484 277 2516 illam
307 2486 337 2515 in
370 2483 513 2517 ltoeinia.
544 2485 593 2517 uel
624 2483 771 2518 Morauia
810 2487 930 2530 imponi
965 2487 1153 2525 contigerit.
1189 2486 1283 2530 prout
1310 2481 1461 2515 dominus
1496 2485 1528 2514 et
1557 2481 1696 2514 Genitor
1724 2485 1839 2515 noster
1867 2479 2032 2526 predictus

194 2555 252 2589 prr
281 2547 432 2588 patenti-s
463 2555 540 2576 snas
570 2545 707 2578 titivras.
738 2545 775 2577 ad
806 2556 900 2590 qninn
931 2544 970 2577 de
1001 2544 1093 2577 bonis
1129 2544 1202 2577 dii-ti
1237 2546 1285 2577 sni
1321 2541 1512 2585 ttionaswrij
1543 2542 1580 2575 ad
1612 2545 1714 2575 instar
1751 2542 1886 2575 aliorum
1915 2543 2034 2584 regni—

192 2605 337 2637 colarnin
374 2609 405 2637 et
440 2603 587 2637 Moranie
626 2605 809 2639 lineolarum
846 2605 1029 2639 sariendain
1069 2609 1180 2638 essent
1223 2607 1358 2637 astricti.
1399 2602 1480 2635 infra
1520 2605 1666 2648 spacium
1705 2605 1798 2635 trium
1837 2600 2031 2641 Milliarium,
