2184 2828
1066 126 1140 161 208

183 251 285 281 emtas
319 251 350 280 et
385 249 433 280 eis
468 249 499 279 in
534 247 797 278 anniuersarium
833 247 935 290 ipsius
966 271 972 278 .
1004 271 1011 277 .
1041 246 1230 287 assignatas
1266 247 1452 289 permutant
1485 254 1544 290 pro
1579 254 1690 277 marea
1728 253 1850 276 census
1889 244 1969 287 ipsis
2003 253 2021 276 a

182 310 339 351 magistro
368 307 525 341 Henrico.
556 307 719 338 canonico
749 309 779 339 et
808 305 947 339 custode
968 304 1181 338 Olomucensi
1211 331 1218 338 .
1249 331 1256 337 .
1286 307 1318 337 in
1347 303 1626 349 patrimonialibus
1646 305 1718 347 ejus
1739 302 1835 336 bonis
1855 301 2020 336 Rischans

182 371 365 412 assignata.
396 367 513 400 Datum
543 369 574 399 in
605 368 676 411 ipso
705 369 906 399 monasterio
935 376 1022 398 anno
1051 364 1172 397 domini
1194 364 1364 398 millesimo
1393 367 1627 398 trecentesimo
1647 363 1914 408 quadragesimo„
1938 361 2021 396 feria

182 428 237 462 lv.
269 433 343 462 ante
372 428 455 461 diem
486 426 703 460 exaltacionis
733 431 847 460 sancte
876 426 1003 459 Crucis.

490 515 561 545 (Ans
584 514 643 540 (lem
668 514 733 541 Cod.
759 514 790 539 ll.
815 514 832 539 f.
859 513 907 539 27.
933 514 965 539 im
992 513 1105 539 Areliive
1134 512 1182 538 des
1207 512 1339 538 Olmutzer
1364 512 1543 547 Domcapitels
1568 515 1736 538 entnominen
1762 511 1823 537 Ant.
1848 510 1980 543 Boezek.)

1051 658 1158 693 289.

181 749 315 782 ,loleatm
346 760 408 782 ron
438 747 669 792 Islinyenhery
697 745 916 780 ret-lausehet
944 747 1058 779 sez‘nen
1094 744 1150 777 bei
1181 745 1253 778 dem
1289 744 1395 789 Dorfe
1433 745 1588 789 [soz-osec!
1620 744 1807 789 yeleqelwn
1840 743 1943 779 Wald
1965 744 2023 787 fiir

180 812 277 843 einen
312 810 450 842 andern.
487 808 631 842 ivelc-lter
664 807 734 840 sicle
770 808 845 840 ‹lm-t
883 806 1026 850 besimlel
1056 806 1120 839 und
1147 806 1219 839 dem
1256 806 1397 839 lsloster
1431 805 1590 839 Osluwan
1622 805 1758 849 (selem-l.
1817 803 1874 838 Dt.
1905 803 2023 838 Pridie

660 868 837 901 Kalendas
869 867 1027 901 Octobris
1058 866 1138 909 (30.
1170 865 1390 911 September)
1423 865 1533 900 1340.

335 955 379 1008 'n
416 976 548 1007 nomine
583 973 703 1006 domini
738 983 845 1006 amen.
901 972 1016 1017 Sagax
1058 970 1199 1004 humane
1240 975 1355 1004 nature
1392 997 1399 1004 .
1436 972 1593 1003 memoria
1631 968 1788 1002 labilitate
1831 972 1969 1014 pensata
2015 995 2021 1001 .

181 1039 211 1069 in
249 1035 356 1068 future
391 1036 684 1068 renienioraeiouis
721 1033 899 1079 presidium
934 1033 1100 1066 literarum
1136 1031 1238 1065 robur
1272 1032 1391 1065 elarius
1428 1030 1593 1073 etlictauit,
1628 1030 1713 1063 lline
1756 1034 1807 1063 est
1841 1029 1925 1075 quod
1962 1040 2023 1062 nos

181 1096 354 1129 ,lohannes
384 1096 423 1128 (le
453 1094 718 1139 Clilingenlwreli
750 1098 781 1127 et
809 1093 974 1127 Henricus
1004 1098 1099 1126 natus
1129 1092 1274 1125 eiusdem
1304 1095 1388 1125 scire
1417 1092 1568 1125 volumus
1597 1090 1805 1136 presentibus
1827 1092 2020 1123 vniuersis.

181 1157 274 1197 Quod
304 1159 546 1190 communicato
576 1155 714 1188 consilio
744 1154 902 1188 heredum
931 1159 963 1188 et
991 1157 1170 1188 amicorum
1200 1157 1383 1186 nostrorum
1422 1156 1564 1185 oninium
1595 1156 1626 1184 et
1654 1151 1856 1195 singulorum
1886 1161 2022 1196 quorum

181 1218 220 1250 sle
262 1217 453 1262 subscriptis
495 1219 633 1250 interest
675 1220 729 1249 aut
769 1219 935 1249 iuteresse
971 1219 1083 1260 posset
1117 1217 1148 1247 in
1185 1218 1293 1255 autea,
1329 1215 1469 1246 oninium
1508 1216 1652 1246 nostrum
1688 1214 1719 1245 in
1756 1211 1816 1244 lioe
1856 1210 2024 1245 residente

180 1281 362 1311 intentione
391 1277 559 1311 voluntate
588 1276 673 1310 bona
702 1281 734 1310 et
761 1287 943 1318 consensu,
965 1276 1125 1317 militatis,
1153 1273 1315 1308 commodi
1336 1278 1368 1307 et
1387 1275 1516 1319 quietis.
1538 1285 1576 1306 ae
1597 1276 1677 1307 situs
1699 1272 1791 1306 nobis
1811 1274 2023 1305 conuenien—

180 1342 279 1372 eioris
317 1349 432 1381 causa⁷
467 1340 763 1371 comniutaeiouein
793 1337 973 1382 simplicem
1003 1335 1229 1369 rationabilem
1266 1334 1496 1369 hereditariam
1530 1338 1722 1379 perpetuam
1759 1344 1796 1366 ae
1832 1333 2022 1377 legittimam

179 1401 262 1434 silue
292 1404 404 1433 nostre
433 1399 571 1432 fecimus
601 1403 632 1431 et
661 1397 872 1444 presentibus
902 1397 1022 1430 saetam
1051 1395 1282 1442 approbamus,
1303 1406 1375 1428 eum
1403 1394 1513 1437 sumto,
1535 1393 1632 1433 terra„
1654 1396 1853 1436 veiiaeioiiQ
1874 1393 2022 1430 vutitate,

178 1463 263 1504 jure.
301 1463 512 1505 proprietate,
544 1460 640 1504 pleno
671 1459 814 1492 dominio
843 1463 874 1491 et
902 1461 1111 1504 pertinentia,
1140 1456 1278 1499 singulis
1307 1460 1339 1489 et
1367 1457 1542 1497 minei-sis,
1580 1454 1697 1499 quibus
1728 1454 1868 1487 eandem
1898 1453 2022 1487 Siluam

181 1524 343 1554 tenuimus
380 1525 411 1553 et
447 1520 653 1565 possedimus
690 1531 794 1565 vsque
830 1518 937 1561 modo,
975 1521 1036 1551 site
1070 1521 1102 1551 in
1136 1517 1219 1559 loco,
1256 1519 1361 1553 metis,
1404 1515 1533 1557 tinibus,
1575 1519 1607 1549 et
1649 1518 1796 1548 terminis
1839 1514 2021 1548 subnotatis

181 1582 333 1615 videlieet
362 1581 443 1614 silue
472 1583 663 1625 attingentis
692 1592 828 1625 campos
867 1580 928 1612 loei
968 1577 1146 1624 Cliozayed
1182 1580 1289 1611 voeati
1327 1579 1514 1622 incipientis
1545 1588 1561 1609 a
1591 1576 1677 1609 valle
1708 1603 1713 1609 .
1746 1574 2023 1620 tx'y1·11itzerg1·11nt„

180 1645 400 1676 continuantis
429 1653 465 1675 se
495 1653 554 1687 per
583 1641 701 1674 vallem
732 1669 738 1674 .
770 1640 1003 1686 Wayergrunt
1031 1650 1137 1685 vsque
1166 1638 1205 1672 ad
1234 1640 1320 1672 viam
1349 1648 1447 1671 vnam
1477 1636 1650 1670 (lucentem
1680 1636 1718 1669 ail
1740 1639 1889 1670 sonutam
1912 1646 2024 1678 vnam„

180 1715 243 1748 que
272 1706 386 1737 semita
415 1702 525 1745 dirigit
553 1702 592 1735 (le
622 1702 873 1748 Vreygeustein
903 1704 933 1734 in
964 1700 1161 1734 Vethouiam
1191 1703 1223 1733 et
1251 1698 1365 1732 eadem
1395 1700 1510 1732 semita
1540 1700 1591 1730 eui
1623 1700 1684 1730 iani
1719 1697 1802 1730 (licta
1829 1696 1910 1731 silua
1938 1706 2025 1730 con—

181 1768 302 1798 tinuata
344 1768 395 1797 est
429 1766 544 1797 transit
578 1774 681 1808 penes
714 1762 833 1797 vallem
868 1766 1022 1795 vocatam
1056 1758 1348 1804 Tliannengraben
1382 1761 1577 1791 continuans
1612 1769 1650 1791 se
1684 1768 1790 1803 vsque
1823 1759 1855 1791 in
1889 1767 2024 1802 campos

181 1825 316 1872 preclieti
346 1825 407 1858 loci
437 1824 627 1869 Cliozayed7
657 1823 712 1857 vbi
742 1826 957 1857 terminantur
985 1827 1071 1855 mete
1099 1826 1132 1855 et
1159 1821 1240 1854 lines
1268 1819 1353 1853 (liete
1381 1823 1493 1853 nostre
1521 1819 1616 1860 silue7
1652 1830 1725 1851 euni
1761 1817 1944 1852 venerabili
1982 1827 2020 1850 ae

182 1890 211 1919 in
242 1885 371 1918 (ffliristo
401 1885 528 1918 deuotis
558 1883 739 1925 soi-oribus,
771 1883 952 1925 Elizabetli,
983 1882 1161 1923 abbatissa„
1189 1880 1366 1915 Katlierina
1401 1882 1572 1925 priorissa„
1602 1880 1759 1922 Anguete
1788 1878 2022 1924 subpriorissa-

182 1951 315 1992 totoque
357 1950 540 1987 conuentu,
578 1946 767 1987 iuonasterij
810 1943 1107 1977 sanetiuionialium
1144 1942 1237 1976 vallis
1281 1945 1397 1975 sancte
1435 1939 1538 1973 Mario
1582 1942 1612 1973 in
1650 1939 1759 1977 Ossia„
1798 1941 2024 1972 cisterciensis

181 2007 317 2049 ominus,
352 2006 582 2039 Oloniueensis
620 2005 787 2050 dyocesis,
830 2016 888 2049 pro
930 2005 1011 2038 silua
1053 2014 1165 2037 earum
1207 2005 1266 2035 sita
1310 2004 1340 2035 in
1383 2001 1455 2035 loeo
1497 2000 1644 2045 predicto
1688 2004 1810 2034 vocato
1846 1998 2024 2044 Cliozayed

181 2079 254 2101 euin
276 2067 387 2108 fundo,
418 2071 516 2107 terra,
542 2067 617 2109 jure
646 2070 678 2099 et
707 2068 909 2111 proprietate
938 2065 1076 2109 Singulis
1105 2068 1137 2097 et
1157 2065 1320 2097 vniuersis
1341 2066 1373 2095 vt
1400 2064 1594 2106 preinissinn
1616 2066 1677 2104 est,
1699 2060 1861 2097 habendeq
1884 2059 2025 2094 tenende

183 2133 213 2161 et
243 2127 457 2174 possidendo,
488 2139 526 2160 ae
556 2129 586 2160 in
616 2127 712 2159 aliani
734 2126 787 2159 vel
808 2126 889 2159 alias
911 2136 1074 2170 personas
1095 2124 1190 2159 inodo
1220 2122 1426 2168 beneplacito
1448 2149 1454 2155 .
1478 2149 1484 2154 .
1507 2121 1728 2155 transferendi
1751 2124 1823 2155 sine
1854 2119 2026 2155 cuiuslibet

184 2189 321 2221 lioniinis
350 2187 593 2233 impedimento,
624 2186 726 2220 libere
756 2190 915 2232 perpetue
944 2190 976 2219 et
1004 2185 1213 2227 hereditarie,
1243 2183 1338 2217 nichil
1367 2185 1494 2228 penitus
1524 2182 1617 2215 nobis
1646 2181 1837 2223 liei-edibus,
1876 2192 1916 2215 ac
1943 2192 2025 2215 suc-

183 2249 372 2282 cessoribus
409 2251 532 2282 nostris
561 2249 658 2291 juris³
696 2247 749 2282 vel
785 2249 992 2292 proprietatis
1027 2249 1058 2280 in
1095 2246 1180 2279 dieta
1215 2245 1294 2279 silua
1329 2243 1565 2288 relinquentes,
1605 2242 1884 2276 abrenunciainus
1920 2244 2024 2275 eciam

184 2312 214 2342 iu
246 2309 304 2342 biis
333 2312 462 2354 scriptis
492 2309 682 2353 simpliciter
711 2312 742 2341 et
769 2319 932 2354 expresse
961 2319 1005 2341 ex
1035 2306 1098 2341 lioc
1126 2317 1213 2340 nunc
1240 2309 1272 2338 et
1299 2306 1548 2349 imperpetuum„
1578 2303 1728 2336 omnibus
1763 2307 1795 2337 et
1831 2300 2025 2348 quibuslibet

184 2370 384 2406 generaliter
412 2370 567 2415 specifice
597 2371 717 2401 actioni
749 2370 827 2411 juri,
857 2379 918 2402 sev
946 2369 1155 2413 excepcimii,
1185 2377 1248 2411 que
1276 2367 1302 2398 si
1332 2374 1485 2408 vmquaun
1515 2365 1645 2397 inantea
1677 2366 1707 2396 iu
1738 2363 1825 2397 ilieto
1855 2365 2023 2396 contractu

185 2434 217 2462 et
243 2430 336 2462 silua.
359 2430 451 2463 uobis
478 2434 531 2463 aut
556 2432 697 2475 posteris
725 2431 844 2462 nostris
865 2432 1082 2473 conpeterent
1109 2431 1163 2461 aut
1190 2429 1368 2470 conpetere
1397 2427 1532 2469 possent
1561 2423 1697 2467 dejure
1726 2423 1871 2469 quolibet
1899 2422 1952 2456 vel
1981 2420 2023 2454 (le

185 2490 283 2523 sueto.
315 2489 518 2535 Singnunter
552 2493 656 2523 eciam
694 2489 856 2531 volumus,
887 2489 1034 2523 siluulam
1071 2488 1157 2522 illam
1191 2489 1285 2520 sitam
1321 2487 1350 2518 in
1380 2486 1504 2529 campis
1540 2484 1719 2530 Cliozayed
1755 2495 1819 2530 que
1855 2484 1944 2529 prius
1981 2481 2020 2515 ud

187 2549 365 2596 predictum
397 2553 628 2584 monasterium
659 2552 823 2595 pertinuit„
854 2552 970 2583 iterato
1000 2548 1038 2582 ad
1070 2548 1098 2581 id
1129 2551 1271 2593 ipsorum
1293 2546 1526 2578 monasterium
1553 2548 1720 2590 pertinere
1740 2547 1897 2590 perpetuo
1921 2540 2024 2576 libere

186 2615 217 2644 et
246 2609 455 2652 hereditarie,
491 2613 561 2643 sine
590 2615 702 2644 nostro
732 2614 764 2644 et
801 2609 976 2644 cuiuslibet
1011 2609 1150 2642 bominis
1187 2606 1430 2652 impedimento,
1468 2604 1502 2638 ln
1539 2608 1779 2651 premissorum
1815 2605 1958 2637 oninium
1992 2606 2024 2636 et
