2184 2828
1007 77 1081 112 995

118 195 248 230 feruide
276 206 396 240 gerere
426 200 456 228 et
486 199 639 240 gessisse
669 195 851 230 dinoscitur
880 200 911 229 et
940 199 1089 241 prompta
1120 194 1314 229 deuocionis
1344 196 1475 230 oblacio
1504 197 1601 230 talem
1632 196 1728 230 nobis
1754 207 1827 230 eum
1849 207 1975 243 repre-

118 260 309 291 sentauerat
337 261 368 289 ul
398 260 515 301 puteus
545 255 713 290 debituum
743 255 828 301 quod
858 258 929 290 eius
959 258 1132 290 sinceritas
1160 266 1224 289 nos
1254 262 1425 304 promptos
1457 258 1470 301 (
1577 257 1592 302 J
1622 260 1771 291 inueniat
1800 260 1832 291 in
1862 260 1974 291 actio-

119 317 216 351 nibus
245 319 357 361 gracia
387 320 419 349 et
448 319 560 350 iuncto
590 316 742 359 consilio,
773 321 804 350 et
835 319 1134 367 consensuvnostri
1165 315 1287 351 fratris.
1318 318 1356 353 F.
1386 319 1427 352 de
1459 317 1497 352 C.
1527 318 1563 352 L.
1586 321 1737 363 magistri
1754 319 1974 363 preceptores

118 377 235 411 domus
258 377 414 421 predicte
444 381 476 410 et
504 376 639 411 fratrum
676 388 715 410 ac
751 377 882 422 capituli
903 370 1116 421 Ῥναθειιεῖε,
1154 377 1260 412 eidem
1298 378 1430 412 domino
1468 382 1522 424 qui
1551 389 1611 425 pro
1640 379 1746 412 salute
1776 381 1885 412 anime
1913 389 1973 412 sue

119 442 152 471 et
179 437 328 471 remedio
357 436 480 470 salubri
509 436 535 471 G
563 448 693 471 marcas
725 440 855 482 argenti
889 437 930 471 ob
960 437 1133 472 karitatem
1163 441 1195 472 in
1230 438 1410 473 subsidium
1440 439 1536 473 nobis
1563 444 1595 473 et
1625 439 1735 473 domui
1764 444 1880 473 nostre
1909 439 1973 472 de-

119 498 203 532 derit
230 500 320 544 puris
349 500 450 543 ipsius
479 497 731 532 beneuolenciis
761 501 791 532 in
823 498 883 532 hiis
912 501 993 532 uisis
1023 498 1141 544 quibus
1168 501 1310 533 sinceris
1340 499 1512 534 affectibus
1548 505 1579 533 et
1607 504 1756 546 prompta
1787 499 1973 534 deuocione

119 558 226 593 ordini
253 562 368 592 nostro
397 569 530 604 semper
558 558 770 604 complacere
805 559 927 592 studuit
964 561 1144 602 intuentes,
1179 562 1211 593 in
1240 563 1528 595 remuneracionis
1556 560 1765 594 dulcedinem
1794 561 1911 594 damus
1940 564 1974 594 et

119 619 334 654 concedimus
362 629 405 652 ex
434 622 517 653 iusta
554 622 726 653 sentencia
756 620 873 652 uillam
901 630 974 653 cum
1004 623 1149 665 pascuis,
1179 623 1293 666 pratis,
1325 620 1427 663 siluis,
1456 621 1659 657 nemoribus.
1685 624 1792 667 aquis,
1814 632 1973 667 aquarum

120 679 330 722 decursibus,
360 683 450 724 agris
479 681 574 714 cultis
605 685 636 713 et
665 681 796 714 incultis
826 691 899 714 cum
937 683 1051 727 pratis,
1082 680 1208 715 iuribus
1243 686 1274 715 et
1304 685 1495 716 onini.vsu
1523 682 1686 716 fructibus
1715 694 1755 716 ac
1785 685 1974 716 attinenciis

120 743 288 775 vniuersis
319 740 359 773 ad
388 740 527 774 eandem
567 740 674 774 uillam
711 741 947 786 spectantibus,
987 742 1027 776 ab
1065 746 1138 789 ipso
1174 742 1307 776 domino
1342 745 1408 776 uite
1444 753 1504 776 sue
1540 743 1743 789 temporibus
1773 742 1972 785 habendam,

120 800 298 835 tenendam
328 805 360 834 et
387 802 634 847 possidendam,
665 801 805 847 pacifice
835 806 867 835 et
896 806 1007 848 quiete
1036 807 1080 837 ita
1110 803 1195 849 quod
1231 814 1294 837 nec
1330 806 1511 837 amicorum
1547 815 1609 837 nec
1645 807 1973 848 consanguineorum

120 872 256 896 suorum
294 864 442 895 animas.
478 873 518 896 eo
556 865 649 905 uiu0,
686 873 745 896 seu
780 863 936 897 defuncto
974 865 1094 898 nullius
1133 864 1218 898 liuor
1250 867 1434 910 impaciens
1471 869 1503 898 ut
1541 875 1582 898 eo
1620 864 1810 898 destruatur
1846 864 1974 898 habens

119 922 259 957 efficere
287 925 408 956 uitatur
436 926 533 957 etiam
564 935 624 969 per
652 924 805 958 ficmenta
835 929 867 958 et
895 924 946 958 hic
975 930 1009 959 ut
1037 928 1144 959 omnis
1173 925 1324 959 dematur
1352 925 1393 958 de
1422 929 1532 959 mente
1561 930 1616 959 tue
1645 927 1844 972 suspicionis
1874 936 1975 959 scru-

120 983 216 1030 pulus
244 986 456 1018 securitatem
487 984 543 1018 tibi
573 985 754 1030 plenariam
783 985 995 1032 presentibus
1023 986 1213 1031 elargimur.

599 1149 756 1191 (Obliuio
785 1150 989 1194 offensarum
1019 1154 1053 1184 et
1082 1152 1115 1184 ila
1142 1151 1297 1195 qracz'am
1328 1151 1490 1193 reditus.)

275 1225 430 1261 Nos-lo.
462 1231 526 1260 etc.

276 1287 317 1321 Et
345 1291 399 1333 qui
428 1293 575 1322 nostrum
606 1288 764 1322 clericum
793 1288 867 1322 fidei
897 1289 1053 1334 redigere
1077 1289 1239 1323 duntaxat
1258 1289 1400 1323 excluso
1421 1300 1477 1323 ere
1502 1292 1609 1323 omnis
1631 1293 1755 1324 reatus.
1778 1293 1809 1323 et
1830 1288 1976 1323 offensas

121 1358 204 1394 quos
233 1353 268 1382 et
295 1359 377 1394 quas
407 1353 522 1382 contra
552 1360 613 1383 nos
643 1354 840 1395 attemptare
877 1361 940 1396 quo
976 1354 1071 1396 pater
1107 1354 1224 1384 noster
1258 1350 1333 1383 olim
1368 1349 1532 1383 dominus.
1570 1350 1608 1384 Ο,
1645 1350 1777 1383 inclitus
1807 1354 1838 1383 et
1867 1349 1906 1384 S.
1937 1348 1977 1383 ab

120 1408 183 1443 hac
211 1409 284 1443 luce
313 1413 472 1454 migratus
502 1412 650 1455 spiritum
680 1410 811 1444 tradidit
845 1414 973 1456 requiei
1008 1421 1113 1456 usque
1147 1410 1188 1444 ad
1223 1410 1287 1444 hec
1323 1415 1472 1456 tempora
1506 1415 1711 1456 peregerunt
1746 1421 1828 1457 pure
1857 1413 1977 1455 ignos-

121 1473 227 1504 cimus
256 1481 296 1504 ac
326 1473 423 1504 eliam
453 1470 647 1505 indulsimus
683 1471 723 1504 de
761 1476 875 1506 nostre
910 1472 1095 1505 clemencie
1130 1472 1267 1506 lenitate
1306 1476 1337 1505 et
1371 1473 1540 1505 restitutis
1575 1474 1654 1517 ipsis
1684 1471 1833 1517 plenarie
1862 1475 1978 1505 nostre

120 1533 248 1576 gracie,
277 1535 311 1565 et
337 1531 454 1565 fauore
484 1536 600 1566 tenore
634 1535 846 1578 presencium
882 1535 1100 1579 promittimus
1135 1532 1220 1579 quod
1255 1537 1369 1566 reatus
1405 1537 1520 1566 contra
1555 1542 1616 1566 nos
1655 1534 1852 1566 commissos
1887 1543 1978 1566 nun-

120 1603 217 1638 quam
247 1591 296 1625 ad·
316 1595 458 1626 animum
489 1597 520 1626 et
550 1596 741 1627 memoriam
770 1593 981 1627 reducemus.
1013 1593 1226 1627 Datum.etc.

122 1755 303 1799 [Donace'o
333 1756 491 1791 bonorum
518 1768 583 1801 pro
607 1757 779 1801 fidelitate
813 1762 847 1792 et
880 1759 1038 1792 seruz'ce‘e's
1069 1759 1241 1803 prestitis,
1278 1757 1338 1791 sub
1374 1758 1573 1792 condicione
1607 1758 1781 1791 serviendi
1811 1768 1883 1791 cum
1914 1768 1979 1790 uno

846 1828 1001 1871 falerato
1031 1828 1248 1870 dextrario.)

278 1895 318 1931 Ο.
349 1896 401 1930 dei
430 1899 544 1941 gracia
574 1900 637 1930 etc.

277 1956 371 1992 Bene
400 1960 527 1991 meritis
556 1968 777 2003 compensare
806 1961 946 2004 premia,
983 1963 1047 1992 tam
1084 1961 1214 1993 iusticie
1249 1961 1347 2003 uigor
1379 1960 1485 2003 exigit
1519 1969 1616 2003 quam
1646 1957 1808 1991 rectitudo
1837 1956 1982 2004 postulat

123 2018 280 2053 racionis.
310 2017 473 2052 Noucriut
503 2020 603 2063 igitur
633 2021 790 2052 uniuersi.
831 2023 895 2052 tam
930 2024 1107 2065 presentes
1142 2030 1239 2065 quam
1275 2018 1385 2059 futuri,
1422 2019 1507 2065 quod
1544 2023 1681 2065 propter
1708 2023 1804 2064 grata
1834 2023 1866 2052 et
1894 2018 1983 2052 utilia

125 2080 270 2112 seruicia
298 2089 361 2124 que
390 2079 537 2113 de.olim
566 2078 661 2113 nobis
690 2082 832 2125 prestitit
861 2084 894 2114 et
922 2081 1039 2114 inclite
1068 2082 1185 2125 reyine
1214 2085 1278 2115 etc.
1309 2085 1434 2127 prestat
1462 2080 1559 2114 nobis
1589 2080 1628 2114 ad
1660 2091 1800 2127 presens
1826 2085 1859 2114 et
1878 2079 1984 2114 adhuc

125 2143 280 2185 prestare
307 2143 427 2185 poterit
454 2143 486 2174 in
516 2140 659 2174 futurum
688 2145 880 2186 reputantes
920 2152 999 2175 esse
1037 2144 1157 2176 iustum
1187 2145 1219 2175 et
1247 2141 1452 2175 racionabile
1481 2144 1507 2175 si
1537 2141 1581 2174 illi
1611 2140 1867 2175 retribucionem
1896 2140 1984 2175 libe-

127 2200 240 2234 raliter
268 2204 469 2246 premiemus
508 2202 624 2235 uillam
657 2205 809 2235 nostram
848 2205 943 2236 sitam
978 2205 1028 2236 in.
1048 2214 1140 2236 .cum
1178 2201 1332 2236 omnibus
1371 2205 1461 2247 agris
1500 2202 1596 2236 cultis
1630 2206 1664 2235 et
1696 2202 1839 2245 incultis,
1868 2204 1984 2248 pratis,

126 2263 273 2307 pascuis,
304 2265 366 2294 etc.
396 2266 430 2296 ut
457 2273 556 2308 supra
591 2263 802 2296 eom-edium
840 2263 947 2296 eidem
982 2268 1099 2297 tenore
1134 2266 1303 2309 presentis
1338 2266 1465 2310 scripti.¹
1503 2263 1703 2296 hereditarie
1736 2262 1983 2309 possidendam,

126 2325 237 2368 itaque
266 2326 376 2355 tamen
405 2323 489 2368 quod
520 2323 604 2357 idem
635 2328 666 2357 et
696 2326 746 2357 sui
777 2323 929 2367 heredes,
960 2323 1057 2358 nobis
1087 2323 1285 2369 quibuslibet
1314 2328 1347 2358 et
1374 2324 1459 2358 dicte
1493 2326 1667 2370 progeniei
1698 2335 1771 2358 cum
1801 2335 1867 2357 uno
1896 2323 1986 2356 sale-

126 2387 198 2416 rato
228 2382 398 2416 dextrario
427 2386 459 2416 in
489 2388 558 2418 suis
588 2387 748 2430 expensis
783 2387 815 2418 iu
852 2387 1008 2429 oppemyi
1044 2389 1250 2431 prouinciam
1285 2389 1414 2420 seruire
1449 2384 1589 2418 lideliter
1625 2389 1788 2421 tenantur.
1825 2386 1986 2430 quociens

127 2446 219 2489 ipsos
255 2444 448 2477 duxerimus
482 2446 710 2491 requirendos.
751 2444 846 2486 Quod
882 2449 909 2479 si
945 2445 1031 2479 sorte
1065 2446 1162 2480 idem.
1206 2446 1242 2480 Γ.
1279 2449 1310 2480 in
1345 2448 1477 2493 propria
1521 2456 1663 2491 persona
1700 2457 1802 2480 causa
1841 2445 1986 2489 legitima

129 2503 228 2538 fuerit
258 2503 450 2550 Impeditus,
480 2509 596 2540 uenire
626 2518 692 2540 non
722 2511 847 2553 posset,
880 2511 955 2540 tunc
985 2507 1068 2541 duos
1103 2507 1226 2554 probos
1261 2518 1391 2550 seruos,
1422 2518 1521 2540 vuum
1552 2509 1582 2540 in
1613 2506 1796 2541 dextrario.
1828 2510 1858 2539 et
1887 2506 1986 2539 alium

132 2576 205 2599 cum
236 2565 352 2601 balista
383 2565 549 2600 tenebitur
577 2571 755 2602 cuniuncte
785 2567 890 2611 nobis,
922 2568 974 2602 uel
1005 2571 1098 2602 matri
1129 2573 1242 2602 nostre
1272 2568 1370 2602 suerit
1399 2568 1577 2602 destinare.
