2184 2828
1060 92 1132 127 924

174 213 319 244 racionis
347 209 527 243 remedium
557 221 615 244 seu
644 211 893 242 cori-oecionein
922 220 1008 243 nunc
1036 213 1191 242 currente
1220 213 1360 253 argento
1388 211 1428 243 sit
1461 210 1576 243 melius
1606 221 1701 255 quam
1738 220 1847 243 marca
1885 213 2015 244 cursuri

174 282 240 305 uno
268 272 378 304 lotone
407 273 447 304 sit
474 271 589 304 melior
617 273 751 303 materia
779 272 811 303 in
840 272 972 303 instanti
1007 272 1169 303 currentis
1200 269 1356 303 Volumus
1392 271 1495 302 eciam
1533 270 1617 314 quod
1652 270 1711 304 sub
1747 281 1857 303 marca
1886 273 2015 314 argenti

173 331 352 365 fabricetur
388 333 523 364 tercium
560 329 723 363 dimidium
761 330 915 363 talentum
953 329 1162 363 denariorum
1197 330 1441 363 nioravicalium
1479 334 1512 362 et
1549 329 1718 363 duodecim
1748 329 1873 363 denarii
1903 334 1935 363 ct
1963 332 2014 364 sei

174 392 258 425 ultra
286 394 380 426 istius
417 393 543 424 numeri
580 392 792 435 quantitatem
826 389 945 434 aliquid
975 389 1167 423 fabricatum
1206 390 1303 423 suerit
1341 401 1399 435 pro
1429 389 1510 423 salso
1548 389 1683 423 debetur
1712 400 1813 435 opere
1841 393 2005 436 reputari.

176 451 231 486 Bis
260 456 367 486 autem
396 451 478 485 infra
517 462 637 484 annum
672 450 919 483 renovabuntur
953 449 1078 483 denarii
1102 477 1108 483 .
1133 449 1286 483 videlicet
1323 453 1351 483 in
1386 452 1489 495 ipsius
1518 452 1595 483 anni
1624 452 1783 496 principio
1812 449 1874 484 hoc
1902 455 1953 484 est
1981 453 2014 484 in

173 512 260 546 festo
298 512 384 545 Petri
420 516 451 545 et
485 514 515 544 in
552 511 635 545 l'esto
672 511 916 556 purilicacionis
952 515 1029 543 tunc
1066 513 1218 555 proxime
1253 510 1391 543 all'uturo
1426 514 1458 543 ct
1496 509 1581 554 quod
1610 521 1726 544 omnes
1756 513 1948 555 empciones
1978 515 2011 544 et

173 572 391 607 vendiciones
422 572 489 605 lieri
519 571 661 605 debeant
690 582 762 604 cum
792 571 934 604 denariis
963 575 1094 603 monete
1122 570 1268 615 predicte
1298 575 1330 603 ct
1358 580 1423 603 non
1452 581 1526 603 rum
1555 580 1635 603 auro
1664 571 1717 604 vel
1751 574 1903 614 argento,
1932 569 2010 604 Vo-

179 633 286 666 lumus
315 636 419 665 eciam
448 637 481 665 ut
508 632 586 665 nulli
615 632 711 665 liceat
738 631 861 664 habere
890 631 1035 677 pondera
1066 631 1102 663 ad
1134 642 1246 664 aurum
1277 631 1328 664 vel
1358 635 1529 673 argentum
1558 629 1805 675 ponderandum
1840 633 1912 664 sine
1946 641 2013 664 vo-

173 694 296 727 luntate
325 695 429 738 ipsius
458 695 607 737 magistri
636 696 766 725 monete
795 696 827 725 et
855 694 883 725 si
911 694 982 736 quis
1012 695 1121 736 preter
1149 694 1250 736 ipsius
1279 691 1482 724 voluntatem
1508 690 1654 736 pondera
1674 690 1823 724 hahuerit
1842 692 1874 723 in
1895 692 2011 735 viginti

178 753 309 787 talentis
326 764 399 786 eum
413 753 563 787 volumus
579 752 813 797 condempnari
826 779 832 785 .
845 751 956 785 Placet
972 754 1075 784 eciam
1089 751 1182 784 nobis
1198 751 1282 797 quod
1300 751 1406 784 nullus
1423 750 1539 784 audeat
1556 753 1625 784 auri
1642 751 1694 785 vel
1711 753 1839 795 argenti
1850 750 2012 784 cambium

173 824 338 847 exercere
372 817 483 858 preter
516 812 653 858 predicti
686 815 833 855 magistri
871 816 1003 845 monete
1037 811 1209 844 licenciam
1244 816 1276 844 et
1305 811 1490 844 mandatum
1521 811 1718 856 Specialiter
1747 810 1933 845 inhibentes
1969 821 2013 844 ne

173 877 244 920 quis
274 873 390 907 audeat
420 884 493 906 cum
523 876 664 919 antiquis
693 872 837 905 denariis
866 876 991 905 metere
1021 871 1078 905 sed
1108 883 1180 905 cum
1210 874 1316 905 novis.

1036 1078 1148 1114 379.

174 1157 201 1191 O
224 1185 231 1191 .
250 1184 257 1191 .
277 1185 282 1191 .
306 1158 421 1202 Ix'oiei‘y
454 1169 518 1190 von
555 1156 706 1190 Belmieu
735 1156 835 1190 delent
864 1156 917 1189 die
948 1155 1242 1189 Geriehtsbarlsei'l
1277 1156 1335 1189 des
1365 1155 1523 1189 Brmmer
1552 1155 1710 1189 Procine.
1740 1155 1904 1189 Richters
1932 1154 2016 1188 z'c'ber

332 1218 386 1251 die
414 1219 448 1251 in
476 1218 538 1251 (len
574 1217 777 1252 Vorstddlen
806 1217 943 1250 Branus
971 1216 1177 1250 wolmemlele
1207 1216 1312 1249 Lente
1342 1227 1414 1249 aas.
1447 1216 1484 1249 O.
1515 1215 1559 1249 D.
1593 1216 1630 1250 0.
1659 1216 1725 1249 und
1751 1216 1850 1250 Jaler.

319 1277 387 1329 θ.
408 1295 459 1329 dei
487 1298 602 1340 gracia
631 1295 706 1329 Rex
735 1294 895 1328 Boheinie
924 1294 1086 1328 Omnibus
1115 1297 1356 1340 inperpetuum„
1386 1293 1421 1327 In
1456 1297 1552 1328 terris
1581 1299 1692 1328 nostre
1725 1294 1846 1327 dicioni
1882 1292 2019 1328 subditis

168 1358 286 1400 vigere
314 1356 421 1390 dulcia
449 1356 613 1401 tranquilli
641 1360 743 1389 status
771 1358 845 1389 ocia
874 1358 949 1389 totis
978 1354 1152 1388 desideriis
1181 1355 1377 1388 affectantes
1406 1354 1481 1388 dum
1511 1355 1649 1388 sollicita
1677 1359 1787 1388 mente
1821 1354 2011 1399 singulatim

168 1416 310 1462 quelibet
344 1416 560 1450 discuciendo
593 1416 797 1450 revolvimus
821 1444 827 1450 .
852 1427 915 1461 que
943 1426 1060 1461 paceni
1090 1415 1250 1449 disturbet
1278 1418 1309 1448 in
1340 1418 1418 1461 ipsis
1448 1414 1599 1448 videmus
1627 1425 1691 1449 non
1720 1414 1883 1448 modicum
1913 1416 2013 1448 statui

167 1477 315 1511 comodis
343 1480 526 1511 communis
555 1477 689 1511 efficere
722 1477 807 1522 quod
842 1480 874 1510 in
909 1476 1103 1521 quibusdam
1139 1479 1383 1522 provinciarum
1419 1479 1605 1509 nostrarum
1643 1474 1787 1521 partibus
1825 1474 1866 1508 de
1900 1477 2011 1520 prisca

167 1538 222 1572 vel
250 1537 291 1571 ab
319 1540 415 1571 usiva
443 1537 683 1572 consuetudine
712 1537 888 1571 Civitatum
918 1536 1079 1571 iudicibus
1117 1537 1299 1583 culpabiles
1333 1541 1364 1570 et
1398 1539 1429 1570 in
1464 1539 1543 1582 ipsis
1577 1535 1772 1570 Civitatibus
1803 1535 2010 1570 excedentes

167 1601 221 1643 qui
250 1599 301 1632 vel
331 1598 497 1631 Baronum
525 1603 711 1632 nostrorum
740 1599 793 1631 vel
823 1598 960 1632 aliorum
990 1597 1207 1644 quorumlibet
1235 1597 1378 1631 dominio
1403 1601 1477 1630 sunt
1498 1596 1636 1630 subiecti
1656 1599 1772 1643 punire
1792 1597 1847 1630 vel
1866 1595 2015 1630 iudicare

165 1670 232 1693 non
260 1659 348 1695 licet„
376 1658 489 1692 Eciam
519 1661 547 1693 si
577 1658 809 1692 malefactores
838 1670 942 1705 penes
971 1661 1062 1705 ipsas
1092 1658 1260 1692 resideant
1294 1656 1478 1691 Civitates.
1497 1656 1652 1702 Sequitur
1685 1659 1771 1690 enim
1809 1656 1895 1700 quod
1931 1655 2006 1690 duni

167 1720 305 1754 sceleris
325 1723 503 1753 enormitas
524 1719 630 1752 taliter
658 1730 733 1765 pre.
752 1746 759 1753 .
778 1731 834 1753 ,ur
862 1722 994 1765 inpunis
1025 1719 1099 1753 dum
1129 1729 1288 1765 penarum
1318 1728 1382 1751 non
1412 1717 1611 1751 cohercetur
1628 1716 1781 1750 limitibus
1810 1716 2012 1751 offensarum

166 1791 343 1823 excessus³
382 1779 456 1813 dmn
488 1779 579 1813 locus
613 1782 666 1825 qui
699 1780 898 1813 contumelie
926 1784 1002 1813 nota
1031 1779 1173 1813 inlicitur
1200 1778 1423 1812 Exhihicione
1453 1777 1689 1812 satisfaccione
1717 1776 1827 1811 debite
1855 1787 1923 1810 non
1953 1776 2010 1810 di-

165 1842 273 1882 luitur‚
304 1841 398 1874 datur
426 1841 624 1874 facinorosis
652 1840 805 1874 audiendi
825 1840 989 1874 deteriora
1016 1839 1138 1874 fiducia
1167 1842 1221 1873 via
1250 1843 1419 1873 reseratur
1446 1841 1572 1872 iniuriis
1602 1842 1633 1872 et
1661 1836 1742 1871 liber
1769 1836 2012 1883 quodammodo

166 1904 322 1936 transitus
350 1903 514 1946 nequiciis
543 1900 828 1946 apersturQuare
857 1912 931 1934 cum
960 1903 1079 1935 civitas
1107 1904 1221 1934 nostra
1250 1899 1384 1933 Brunne
1413 1899 1534 1934 abusus
1563 1899 1649 1933 mole
1675 1897 1795 1944 prefati
1816 1908 1852 1931 se
1872 1899 2011 1942 gravari

166 1974 206 1996 ac
241 1965 380 2008 opprimi
414 1966 610 2006 quereretur
653 1971 714 1994 nos
746 1961 852 1995 eidem
889 1960 1022 1996 Civitati
1057 1961 1097 1995 de
1130 1965 1243 1995 nostre
1279 1959 1541 1994 mansuetudinis
1575 1959 1756 1993 clemencia
1794 1961 2013 1992 succurentes

164 2025 332 2069 presentis
366 2022 532 2068 privilegii
567 2026 682 2055 tenore
717 2025 887 2056 statuimus
924 2027 957 2056 et
992 2022 1097 2055 eidem
1140 2020 1355 2055 concedimus
1398 2019 1530 2054 Civitati
1564 2023 1597 2053 ut
1630 2017 1731 2052 iudex
1773 2017 2010 2052 beneficiarius

164 2084 370 2117 Brunnensis
400 2084 453 2128 qui
482 2093 541 2127 pro
570 2086 719 2127 tempore
748 2082 869 2116 fuerint
897 2082 1047 2116 homines
1076 2081 1296 2115 inhabitantes
1325 2084 1357 2114 in
1386 2080 1549 2115 suburbiis
1577 2081 1720 2113 civitatis
1741 2081 1842 2124 ipsius
1876 2077 2012 2112 Brunne

164 2144 218 2177 vel
247 2146 310 2190 ipsi
339 2143 471 2176 Civitati
500 2142 676 2176 inmediate
706 2145 869 2176 connexis
898 2142 938 2176 de
966 2145 1092 2176 iniuriis
1121 2153 1160 2176 ac
1189 2141 1294 2188 culpis
1323 2152 1405 2187 quas
1434 2144 1466 2175 in
1494 2143 1564 2186 ipsa
1592 2138 1732 2173 Civitate
1759 2141 2002 2172 commiserint.

164 2204 327 2238 mediante
355 2206 484 2237 iusticia
513 2203 648 2237 valeant
675 2206 706 2236 et
735 2203 877 2237 debeant
905 2202 1062 2237 decetero
1091 2206 1163 2237 sine
1191 2201 1461 2236 contradiccione
1489 2201 1595 2245 aliqua
1624 2198 1783 2243 iudicare,
1823 2202 1868 2233 ita
1896 2203 2006 2233 tamen

165 2265 250 2309 quod
280 2264 354 2298 illud
383 2267 414 2298 in
444 2275 507 2310 quo
536 2274 595 2309 per
623 2263 758 2297 eosdem
786 2263 922 2298 Judices
942 2268 975 2297 et
994 2262 1226 2297 beneficiarios
1252 2265 1299 2296 rei
1328 2262 1558 2307 condempnati
1586 2259 1707 2293 fuerint
1736 2262 1881 2305 ipsorum
1910 2258 2009 2293 cedat

167 2325 307 2359 dominis
336 2327 431 2358 sicuti
468 2327 493 2358 si
528 2328 641 2358 essent
674 2334 735 2369 per
770 2327 860 2369 ipsos
889 2324 1039 2358 dominos
1068 2327 1122 2358 aui
1149 2326 1296 2369 ipsorum
1325 2322 1451 2356 iudices
1478 2320 1619 2354 finaliter
1648 2320 1893 2369 condempnati,
1922 2318 2010 2353 Nulli

165 2396 248 2430 ergo
276 2384 441 2418 hominum
471 2389 503 2418 et
531 2385 656 2418 illorum
685 2385 873 2430 specialiter
907 2384 946 2418 ad
976 2395 1059 2430 quos
1088 2383 1239 2418 homines
1267 2386 1299 2417 in
1327 2382 1462 2429 prefatis
1490 2380 1674 2415 habitantes
1702 2379 1867 2414 suburbiis
1901 2390 2006 2426 spec-

170 2451 241 2479 tare
270 2450 456 2479 noscuntur
485 2448 557 2478 sive
587 2446 706 2478 Clerici
736 2447 807 2477 sive
836 2445 923 2490 layci
951 2444 1073 2478 fuerint
1101 2444 1164 2478 hoc
1192 2447 1338 2478 nostruin
1359 2447 1510 2477 statutum
1532 2445 1584 2474 aut
1609 2443 1861 2475 concessionem
1881 2440 2009 2474 violare

171 2509 342 2552 presumat
369 2506 423 2538 vel
461 2508 489 2538 ei
519 2509 550 2539 in
580 2506 687 2551 aliquo
717 2508 882 2538 contraire
911 2504 1005 2546 Quod
1035 2508 1060 2539 si
1097 2508 1167 2550 quis
1201 2506 1383 2538 temerariis
1416 2504 1654 2548 presumpserit
1691 2500 1827 2535 ausibus
1862 2504 2006 2535 nostram

162 2569 397 2611 gravissimam
428 2566 693 2610 indignacionem
724 2567 949 2612 cuiuscunque
977 2564 1074 2599 fuerit
1101 2564 1305 2599 condicionis
1334 2574 1371 2597 se
1399 2565 1529 2596 noverit
1557 2565 1750 2597 incurrisse.
