2184 2828
1002 53 1075 88 979

394 168 447 202 De
476 170 602 203 eodem.
636 171 969 213 (Renuntiacionesg
1001 173 1293 216 Ratificacc'ones:
1328 173 1654 218 Confirmaciones.)

263 237 345 281 Nos,
375 237 437 272 Dei
465 242 580 284 gracia
610 245 673 274 etc.

261 298 395 333 Tenore
431 303 595 345 presentis
630 301 796 347 priuilegii
832 306 942 336 notum
986 302 1056 336 lieri
1093 302 1243 336 uolumus
1274 302 1289 348 ζ
1396 305 1411 347 )
1442 306 1609 338 vniuersis
1647 309 1710 338 tam
1751 305 1966 350 presentibus

108 371 203 406 quam
245 359 362 394 futuris
401 360 487 406 quod
522 361 673 395 uolentes
710 362 888 408 disponere
925 363 1033 396 taliter
1067 368 1159 397 actus
1195 367 1328 398 nostros
1358 369 1389 398 et
1418 368 1467 398 sic
1496 367 1611 399 uiuere
1641 370 1674 399 et
1703 376 1848 410 regnare
1877 371 1912 400 ut
1940 369 1967 400 si

106 419 191 454 adeo
219 423 455 455 monasterium
485 432 545 467 per
578 421 845 457 abstraccionem
876 422 1035 457 bonorum
1072 426 1174 469 ipsius
1209 435 1435 469 aggrauamus
1466 426 1582 460 eadem
1612 425 1700 460 hona
1728 426 1781 460 uel
1811 427 1968 473 equipol-

108 481 216 515 lencia
244 480 485 528 impendamus.
516 482 644 516 Idcirco
673 486 765 517 curie
794 489 909 518 nostre
938 488 1125 519 attaxamus
1156 484 1261 518 eidem
1291 484 1376 520 bona
1407 491 1520 520 nostra
1549 490 1580 520 in
1610 487 1664 521 tali
1695 487 1769 521 loco
1799 489 1861 521 sita
1893 498 1967 521 cum

107 541 260 576 omnibus
290 545 478 576 attinenciis
520 544 712 577 eorumdem
752 548 805 590 qui
842 544 984 587 fuerunt,
1022 549 1052 579 in
1082 545 1310 580 concambium
1342 546 1496 582 duximus
1525 547 1735 594 presentibus
1765 548 1968 582 restituenda

108 614 151 637 ex
181 607 273 638 certa
302 607 416 638 nostra
444 606 590 638 sciencia
620 608 801 640 maiestatis
830 608 873 640 ita
902 610 1011 640 tamen
1042 610 1104 640 etc.

931 746 987 779 De
1012 746 1140 780 eodem.

260 812 399 858 Regalis
429 813 634 848 celsitudinis
664 814 788 848 decora
816 814 1006 860 benignitas
1042 820 1075 849 et
1103 826 1185 862 opus
1215 818 1247 849 in
1277 819 1426 862 principe
1454 817 1635 861 gloriosum
1665 822 1716 851 est
1746 822 1777 851 ut
1808 820 1966 851 vniuersa

105 878 139 908 et
167 873 296 919 singula
326 885 387 908 sue
417 874 536 909 dicioni
571 875 721 909 subiecta
764 875 852 910 felici
881 878 1044 921 regimine
1072 876 1302 921 gubernentur
1331 877 1415 923 quod
1447 877 1577 922 quidem
1608 883 1685 912 tunc
1713 881 1883 924 potissime
1913 882 1968 912 in-

106 935 265 981 telligitur
293 935 380 969 ellici
409 947 482 970 cum
503 938 648 982 equitate
676 940 791 983 preuia
820 941 853 971 et-
881 938 1063 971 clemencia
1092 937 1253 972 suadente
1282 941 1331 972 sic
1359 938 1476 973 alienis
1504 941 1605 972 utitur
1633 939 1841 973 excellencia
1871 942 1968 984 prin-

106 999 190 1042 cipis
226 1001 261 1030 ut
295 1007 355 1042 per
388 999 493 1042 ipsam
541 1000 872 1044 recompensacionis
918 997 1103 1032 libertatem
1145 998 1292 1045 quidquit
1326 1002 1546 1046 assumpserit
1580 999 1775 1034 refundatur
1804 1003 1851 1034 sic
1880 999 1966 1034 bona

105 1057 311 1092 subditorum
340 1060 457 1104 recipit
505 1062 537 1092 et
572 1060 655 1092 iuste
702 1062 958 1094 conmutationis
988 1059 1092 1105 tytulo
1121 1062 1170 1094 eis
1200 1059 1476 1106 equipollenciam
1506 1063 1655 1094 restituat
1683 1065 1716 1094 et
1743 1065 1907 1094 restauret
1936 1065 1969 1094 ut

104 1119 179 1153 dum
215 1121 245 1153 ei
278 1118 339 1153 sub
373 1124 507 1166 sceptro
543 1131 604 1154 sue
637 1123 821 1155 maiestatis
857 1124 989 1155 vinatur
1025 1132 1129 1155 suaue
1167 1123 1278 1166 iugum
1308 1121 1459 1155 uideatur
1488 1121 1623 1164 domini,
1653 1121 1734 1155 lides
1764 1126 1797 1156 et
1825 1121 1968 1155 deuocio

104 1182 137 1214 in
166 1179 304 1215 subditis
334 1186 506 1226 augeatur.
934 1173 960 1188 s

611 1303 871 1337 lustramentum
900 1304 1101 1338 donacionis
1126 1307 1271 1349 propter
1300 1306 1452 1348 nupcias.

259 1372 340 1407 Nos.
373 1372 411 1406 O.
443 1372 503 1406 Dei
532 1376 658 1418 gracia.

208 1433 305 1468 Istius
335 1439 450 1468 tenore
480 1437 602 1480 pagine
631 1438 743 1468 notum
781 1434 851 1468 fieri
888 1437 1038 1480 cupimus
1074 1437 1242 1468 vniuersis
1271 1438 1335 1467 tam
1366 1432 1577 1480 presentibus
1606 1445 1703 1480 quam
1733 1433 1965 1478 suturis.qu0d

105 1495 179 1529 dum
209 1495 328 1530 nubilis
357 1500 445 1529 etas.
466 1495 547 1529 .lilie
577 1500 692 1529 nostre
721 1495 948 1530 sollicitudinis
969 1500 1105 1541 paterne
1133 1495 1268 1529 stimulo
1296 1498 1490 1541 insompnes
1521 1499 1658 1540 urgeret
1686 1497 1831 1541 pectoris
1861 1497 1966 1528 nostri

104 1567 216 1599 curas,
259 1561 291 1591 et
329 1568 445 1591 omnes
488 1559 678 1603 prouincias
715 1557 848 1601 dignum
883 1567 980 1602 quem
1027 1559 1095 1591 suis
1132 1559 1338 1590 iunxerimus
1368 1555 1520 1590 thalamis
1549 1559 1768 1602 exquirentes
1799 1558 1963 1590 curiosius

104 1618 212 1651 electo
258 1629 456 1664 percurrere
502 1621 533 1651 in
569 1617 634 1651 lilio
672 1617 803 1651 tandem
838 1618 1005 1662 magnifici
1052 1620 1210 1663 principis
1249 1617 1372 1651 domini
1406 1617 1498 1651 ducis
1527 1616 1587 1650 Al.
1622 1617 1758 1650 illustris
1793 1616 1887 1650 ducis
1925 1616 1966 1650 de

104 1678 287 1724 Brumsm'q
315 1679 467 1713 residens
497 1681 699 1724 conquieuit,
735 1683 767 1713 et
797 1679 922 1713 idcirco
951 1678 1101 1712 eamdem
1131 1679 1229 1712 filiam
1260 1682 1419 1712 nostram.
1451 1677 1494 1711 H.
1526 1676 1591 1711 silio
1620 1677 1740 1723 prefati
1770 1677 1862 1711 ducis
1892 1682 1966 1711 tra-

104 1739 245 1774 didimus
274 1743 304 1774 in
335 1752 474 1774 uxorem
504 1745 533 1773 et
563 1739 626 1774 sibi
655 1752 713 1786 pro
742 1752 780 1774 sc
809 1744 840 1773 ct
869 1742 937 1773 suis
967 1739 1145 1774 heredibus
1174 1742 1347 1785 recipienti
1377 1739 1527 1773 dedimus
1565 1743 1663 1783 atque
1699 1738 1891 1772 tradidimus
1933 1741 1966 1772 in

105 1801 213 1835 dotem
257 1806 289 1835 et
324 1804 456 1835 nomine
499 1801 582 1835 dotis
618 1800 747 1848 prefate
777 1801 840 1835 lilie
869 1800 976 1834 eidem
1007 1801 1290 1835 matrimonialiter
1317 1800 1461 1846 copula-
1490 1801 1504 1841 (
1610 1801 1626 1843 )
1656 1804 1687 1833 te
1716 1799 1803 1833 mille
1833 1810 1964 1833 marcas

106 1864 176 1896 auri
214 1865 296 1908 puri.
334 1862 449 1896 Dictus
487 1873 568 1896 nero
615 1862 681 1896 dux
717 1861 781 1895 lilic
815 1866 928 1896 nostre
964 1866 1139 1908 pretaxate
1174 1866 1320 1895 castrum
1350 1872 1423 1896 cum
1453 1860 1605 1895 omnibus
1634 1860 1759 1894 iuribus
1789 1860 1828 1894 ad
1857 1863 1964 1906 ipsum

108 1923 338 1968 spectantibus
368 1927 399 1958 in
429 1923 537 1956 dotem
580 1926 651 1957 sine
687 1923 906 1957 donacionem
945 1922 1139 1968 assignabat
1178 1927 1313 1969 propter
1340 1925 1478 1969 nupcias
1508 1921 1568 1956 sub
1598 1920 1851 1955 condicionibus
1881 1920 1964 1955 infra

106 1985 249 2029 scriptis.

906 2062 993 2096 Rata·
1018 2061 1160 2095 habitio.

262 2122 330 2159 Nos
360 2130 422 2159 etc.

261 2183 393 2220 Tenore
413 2188 625 2233 presencium
648 2185 840 2231 prolitcmur
859 2184 933 2230 quid
964 2183 1140 2217 honestum
1171 2187 1361 2229 reputamus
1391 2188 1422 2217 et
1453 2184 1530 2216 utile
1561 2185 1587 2216 si
1618 2183 1836 2216 ecclesiarum
1865 2192 1964 2216 com-

105 2243 318 2279 moditatibus
358 2246 572 2292 prouidentes
610 2249 755 2292 ipsarum
799 2247 868 2278 iura
904 2255 1120 2291 procuramus
1163 2246 1277 2288 augeri
1317 2254 1379 2278 nec
1420 2246 1518 2277 minui
1556 2248 1589 2276 et
1621 2254 1685 2289 que
1720 2242 1964 2289 quodammodo

104 2308 208 2340 variis
238 2310 270 2339 et
297 2317 342 2340 ex
370 2307 504 2342 casibus
534 2308 683 2341 difficiles
713 2306 753 2340 al)
775 2310 921 2352 ipsorum
946 2305 1132 2339 rectoribus
1155 2307 1279 2351 percipi
1300 2308 1464 2351 potuerint
1486 2308 1518 2338 ct
1538 2304 1636 2337 alium
1658 2308 1778 2346 statum
1800 2304 1963 2338 reducere

105 2366 298 2401 studeamus
326 2378 387 2413 per
414 2379 511 2414 quem
540 2369 649 2403 utilius
679 2373 710 2402 ct
739 2367 868 2401 facilius
903 2367 1035 2401 ualeant
1065 2368 1226 2412 optinere.
1258 2364 1419 2400 Nouerint
1448 2368 1547 2410 igitur
1575 2369 1639 2398 tam
1669 2368 1836 2411 presentis
1865 2368 1962 2398 etatis

104 2426 256 2461 homines
289 2439 386 2473 quam
421 2428 530 2464 future
571 2430 656 2475 quod
693 2440 752 2463 nos
790 2426 1076 2462 commoditatibus
1112 2424 1258 2460 ecclesie
1287 2427 1464 2472 prouidere
1494 2419 1533 2459 de
1563 2430 1678 2460 nostre
1707 2428 1889 2460 maiestatis
1920 2425 1964 2458 li-

103 2486 274 2521 beralitate
302 2487 483 2523 liberaliter
511 2494 683 2537 cupientcs
713 2490 861 2523 decimas
891 2488 931 2522 de
961 2487 1154 2534 quibusdam
1185 2487 1269 2521 uillis
1298 2492 1329 2521 et
1357 2487 1428 2521 aliis
1449 2486 1545 2520 bonis
1576 2489 1698 2521 nostris
1729 2490 1760 2520 in
1790 2497 1896 2520 censu
1928 2490 1960 2520 et

103 2558 234 2582 annona
264 2552 295 2583 et
324 2549 396 2583 aliis
427 2553 641 2595 pertinenciis
676 2550 783 2585 eidem
813 2549 958 2584 ecclesie
987 2548 1404 2583 conlirniamus.uolentes
1435 2552 1467 2581 ut
1497 2548 1580 2581 dicta
1611 2547 1740 2582 decima
1770 2547 1809 2580 ad
1840 2546 1960 2581 dictam
