2184 2828
1078 121 1150 156 130

198 250 216 275 a
245 240 540 287 predecessoribus
569 242 688 273 nostris
716 239 874 273 Romanis
894 237 1104 272 Pontificibus
1133 242 1197 271 tam
1218 237 1258 271 de
1281 237 1453 272 Judicibus
1473 237 1640 283 Delegatis
1670 244 1701 272 et
1720 237 2030 280 Conservatoribus,

198 313 294 348 quam
323 304 474 348 personis
503 301 583 334 ultra
612 303 738 333 certum
767 310 937 333 numerum
973 298 1012 333 ad
1041 298 1192 332 iudicium
1221 308 1286 332 non
1321 298 1481 332 vocandis
1509 303 1563 333 aut
1591 299 1662 332 aliis
1691 298 1797 334 editis,
1827 309 1890 344 que
1917 302 2032 332 vestre

197 367 333 408 possent
362 365 394 396 in
422 361 484 395 bac
511 364 603 406 parte
631 359 844 393 iurisdictioni
873 364 927 393 aut
954 361 1106 405 potestati
1135 361 1272 404 eiusque
1299 358 1402 392 libero
1431 362 1590 393 exercitio
1617 358 1861 405 quomodolibet
1880 358 2031 392 obviare.

198 423 266 457 Seu
295 426 320 456 si
349 421 508 468 aliquibus
535 423 752 454 communiter
779 420 833 454 vel
861 419 990 453 divisim
1020 431 1037 453 a
1065 418 1213 465 predicta
1242 421 1284 452 sit
1311 419 1390 453 sede
1418 419 1584 461 indultum,
1619 419 1705 464 qnod
1738 421 2031 462 excommunicari,

197 482 365 528 suspendi,
395 482 449 516 vel
477 480 639 523 interdici,
668 491 728 515 seu
756 485 849 514 extra
879 480 933 514 vel
961 480 1042 513 ultra
1072 483 1161 513 certa
1199 478 1271 512 loca
1300 479 1339 512 ad
1369 479 1520 514 iudicium
1549 483 1683 514 evocari
1713 490 1776 513 non
1805 481 1944 525 possint,
1974 488 2034 525 per

196 544 320 578 litteras
355 541 568 588 Apostolicas
604 552 671 575 non
699 540 860 574 facientes
889 540 1019 585 plenam
1048 544 1082 573 et
1110 550 1317 584 expressam,
1346 551 1385 573 ae
1414 539 1454 574 de
1482 540 1586 575 verbo
1616 540 1655 573 ad
1685 539 1823 573 verbum
1849 538 1890 573 de
1910 538 2032 573 indulto

197 603 381 638 huiusmodi
409 607 581 636 eteorum
614 604 768 647 personis
802 601 885 634 locis
920 600 1088 634 ordinibus
1122 604 1154 633 et
1188 599 1372 634 nominibus
1408 603 1546 647 propriis
1580 604 1790 642 mentionem,
1824 604 1856 634 et
1890 599 2034 645 qualibet

197 665 259 698 alia
288 664 374 697 dicte
403 663 491 697 sedis
518 662 720 707 indulgentia
749 661 898 705 generali
928 661 981 695 vel
1011 661 1146 706 speciali
1174 662 1407 706 cuiuscumque
1436 664 1559 695 tenoris
1586 664 1717 703 existat,
1739 671 1799 706 per
1826 671 1922 706 quam
1950 670 2033 706 pre-

198 724 345 759 sentibus
378 734 445 758 non
482 734 690 769 expressam,
727 722 780 756 vel
815 722 958 755 totaliter
991 732 1055 755 non
1091 724 1246 755 insertam
1281 726 1394 755 vestre
1429 721 1662 755 iurisdictionis
1697 721 1874 766 explicatio
1911 722 1943 754 in
1972 720 2034 754 bac

196 789 289 832 parte
317 784 428 819 valeat
454 782 698 829 quomodolibet
725 782 887 827 impediri,
917 786 949 816 et
977 782 1017 815 de
1046 792 1109 826 qua
1138 784 1296 826 cuiusque
1324 786 1389 815 toto
1418 787 1534 816 tenore
1562 782 1603 815 (lc
1631 781 1736 815 verbo
1765 781 1804 815 ad
1834 780 1971 815 verbum
1999 783 2033 814 in

196 848 319 879 nostris
352 845 468 879 litteris
505 843 655 878 habenda
691 845 733 877 sit
767 845 888 876 mentio
925 842 1091 888 specialis.
1148 841 1298 875 Ceterum
1336 843 1500 881 volumus,
1536 847 1566 876 ct
1608 844 1804 875 auctoritate
1840 841 2033 887 Apostolica

197 906 422 948 decernimus,
457 904 542 950 quod
579 902 713 948 quilibet
746 907 894 937 vestrum
930 905 1084 948 prosequi
1118 902 1230 936 valeat
1263 903 1431 936 articulum
1469 906 1565 936 etiam
1609 913 1667 948 per
1702 902 1798 936 alium
1833 901 2033 944 inchoatum,

197 969 348 1012 quamvis
367 965 452 999 idem
473 964 631 998 inchoans
651 964 738 998 nullo
758 963 854 997 fuerit
873 963 1105 1009 impedimento
1125 966 1285 997 canonico
1305 963 1503 1009 prepeditus.
1524 963 1675 1009 qnodque
1691 974 1708 996 a
1729 962 1783 996 (lat
1804 989 1810 995 .
1832 964 2034 1008 presentium

196 1030 237 1062 sit
265 1026 360 1061 vobis
388 1031 419 1060 et
447 1028 621 1071 unicuique
649 1029 798 1059 vestrum
827 1027 858 1058 in
886 1026 1057 1070 premissis
1085 1023 1235 1057 omnibus
1264 1028 1294 1057 et
1321 1035 1433 1057 eorum
1462 1024 1602 1067 singulis
1630 1025 1733 1068 ceptis
1764 1027 1796 1056 et
1823 1033 1889 1056 non
1917 1024 2033 1067 ceptis,

198 1086 407 1134 presentibus
436 1091 467 1119 et
494 1086 623 1128 futuris,
653 1089 844 1131 perpetuata
873 1089 1018 1130 potestas
1046 1089 1077 1118 et
1104 1084 1282 1118 iurisdictio
1311 1084 1459 1118 attributa
1489 1089 1521 1117 ut
1545 1095 1584 1117 co
1606 1086 1734 1127 vigore,
1755 1093 1861 1128 eaque
1882 1083 2034 1116 lirmitate

197 1150 328 1193 possitis
356 1150 388 1181 in
417 1149 585 1193 premissis
622 1145 773 1179 omnibus
809 1147 914 1191 ceptis
948 1149 979 1178 et
1014 1156 1079 1178 non
1114 1148 1230 1190 ceptis,
1268 1144 1473 1190 presentibus
1509 1149 1540 1177 ct
1576 1144 1689 1177 l'uturis
1718 1148 1750 1177 et
1784 1154 1842 1189 pro
1877 1143 2033 1189 predictis

196 1208 389 1257 procedere,
425 1218 463 1241 ac
497 1209 525 1241 si
552 1206 696 1252 predicta
725 1208 835 1239 omnia
865 1210 896 1239 et
932 1206 1061 1249 singula
1091 1216 1203 1238 coram
1232 1205 1324 1239 vobis
1353 1209 1447 1250 cepta
1476 1204 1625 1246 fuissent,
1655 1208 1686 1237 et
1714 1203 1892 1237 iurisdictio
1920 1207 2034 1237 vestra

196 1273 227 1302 et
256 1267 430 1302 cuiuslibet
448 1271 593 1301 vestrum
614 1269 645 1300 in
666 1266 818 1312 predictis
839 1265 989 1300 omnibus
1010 1270 1041 1299 et
1060 1266 1198 1310 singulis
1219 1276 1277 1311 per
1295 1268 1478 1299 citationem
1500 1266 1552 1299 vel
1574 1264 1704 1298 modum
1724 1264 1819 1298 alium
1840 1267 2034 1310 perpetuata

195 1329 374 1373 legitimum
395 1331 571 1362 extitisset.
602 1326 841 1361 Constitutione
860 1326 1004 1372 predicta
1025 1337 1125 1371 super
1145 1325 1442 1360 Conservatoribus
1468 1330 1497 1359 et
1518 1326 1579 1359 alia
1604 1325 1746 1369 qualibet
1772 1327 1804 1358 in
1833 1326 2033 1358 contrarium

194 1389 281 1424 edita
311 1400 374 1424 non
395 1388 556 1423 obstante.
578 1387 790 1422 Presentibus
811 1392 885 1433 post
906 1387 1075 1421 Biennium
1097 1390 1229 1420 minime
1249 1386 1406 1421 valituris.
1436 1386 1553 1419 Datum
1576 1386 1743 1419 Avinione
1764 1384 1837 1419 ΧΠ.
1866 1384 2033 1419 Kalendas

195 1450 343 1484 Januarii
372 1449 472 1483 Anno
500 1449 624 1483 Tertio.

501 1519 585 1549 (Nacti
609 1519 667 1545 dem
699 1518 772 1549 Oria.
799 1518 914 1549 Res-reste
938 1518 1039 1552 Papst's
1069 1518 1196 1544 Benedict
1218 1517 1272 1544 xit.
1302 1517 1374 1543 Jabr.
1407 1517 1449 1542 111.
1482 1517 1527 1542 Τ11.
1554 1516 1572 1542 1.
1599 1517 1639 1543 Er.
1666 1516 1737 1543 ¹251.
1768 1518 1800 1542 im
1825 1516 2032 1542 Vutitmnisctwn

605 1571 720 1597 Areliive
744 1579 775 1596 zu
800 1571 873 1597 Rom.
901 1570 994 1596 Vidim.
1021 1570 1158 1596 Abscbril't
1181 1571 1213 1596 im
1238 1578 1271 1595 m.
1296 1573 1328 1595 st.
1354 1569 1589 1599 Landesarrliive.)

1067 1664 1082 1699 1
1095 1664 1169 1699 82.

195 1736 304 1781 Papst
332 1735 498 1770 Benedici
526 1735 610 1769 XII.
640 1746 683 1768 an
720 1733 888 1768 de‘eselben
925 1733 1006 1767 aber
1041 1734 1094 1767 (1ἰο
1129 1732 1282 1778 qleicken
1324 1731 1534 1776 Uolum-misle
1569 1733 1627 1765 des
1664 1731 1818 1776 Ilerz-oqs
1853 1731 1963 1765 Bolels
1997 1732 2030 1764 in

196 1796 312 1841 Bezuq
340 1797 405 1840 auf
423 1796 483 1829 das
504 1796 645 1829 Kloster
664 1794 885 1829 Heinriclmn.
922 1794 979 1827 Dt.
1001 1794 1032 1827 A
1041 1796 1183 1836 circione,
1203 1793 1285 1827 XII.
1306 1793 1481 1826 li'alemlas
1501 1793 1663 1825 ,Iamno-a·
1683 1792 1765 1834 (21.
1788 1792 1894 1835 Dec.)
1920 1791 2030 1826 1337.

350 1864 570 1917 Benedictus
599 1881 784 1928 Episcopus
814 1880 941 1914 Servus
970 1881 1152 1914 Servorum
1181 1880 1242 1914 Dei
1270 1878 1514 1913 venerabilibus
1554 1878 1707 1912 fratribus
1739 1906 1745 1912 .
1778 1906 1784 1912 .
1815 1878 2028 1912 Otonmcensi

195 1948 228 1977 et
246 1969 254 1977 .
277 1970 284 1978 .
308 1943 521 1978 Posnaniensi
542 1942 730 1989 Episcopis,
751 1953 789 1976 ac
809 1942 927 1975 dilecto
951 1941 1015 1975 filio
1035 1941 1172 1975 Decano
1193 1940 1334 1974 ecclesie
1354 1943 1384 1973 in
1406 1939 1547 1973 Bndesin
1570 1939 1746 1973 Misnensis
1771 1939 1863 1972 Dioc.
1886 1938 2031 1972 Salutem

193 2009 226 2038 et
255 2004 479 2050 Apostolicam
510 2003 791 2037 Benedictionem.

346 2064 494 2099 Militanti
526 2092 532 2098 .
564 2091 570 2098 .
602 2064 691 2098 Sane
720 2063 912 2096 dilectorum
942 2062 1078 2096 liliorum
1111 2090 1116 2096 .
1148 2089 1155 2096 .
1186 2061 1324 2096 Abbatis
1353 2065 1384 2093 et
1413 2060 1606 2094 Conventus
1635 2059 1826 2093 Monosterii
1857 2059 1896 2092 110
1927 2059 2033 2093 110111-

195 2128 300 2159 ricow
329 2125 559 2159 Cisterciensis
588 2124 713 2158 ordinis
742 2123 1030 2157 Wratislaviensis
1060 2123 1204 2157 diocesis
1233 2123 1471 2167 conquestione
1500 2123 1721 2166 percepimus.
1759 2119 1844 2165 quod
1880 2121 1956 2154 licet
1985 2147 1992 2154 .
2024 2146 2031 2153 .

195 2190 303 2220 tamen
333 2185 470 2220 dilectus
499 2185 582 2219 lilius
611 2184 736 2218 Nobilis
766 2184 825 2218 Vir
854 2184 954 2217 Bolco
984 2183 1059 2217 Dux
1089 2183 1129 2217 de
1158 2181 1400 2225 Mnnsterberg.
1423 2181 1508 2214 dicte
1528 2181 1671 2214 diocesis
1692 2180 1751 2214 snb
1772 2183 1865 2214 euius
1886 2180 2031 2214 dominio

195 2247 364 2291 temporali
395 2249 499 2292 ipsum
528 2245 766 2280 Monastcrium
796 2247 992 2281 consistere.
1022 2255 1062 2277 ac
1091 2255 1202 2278 eorum
1240 2243 1322 2276 bona
1352 2242 1541 2287 temporalia
1573 2241 1695 2274 babere
1724 2241 1887 2281 (licuntur,
1917 2245 2030 2275 contra

195 2305 374 2339 libertatem
396 2307 671 2347 ecclesiasticam,
688 2305 725 2338 ad
747 2308 939 2349 gravamina
962 2304 1167 2346 Monasterii,
1184 2303 1335 2344 Abbatis,
1355 2306 1387 2335 ct
1402 2303 1592 2335 Conventus
1610 2301 1829 2347 predictorum
1846 2301 2031 2343 intendenS,

196 2368 362 2409 angarias,
384 2369 588 2409 exactiones,
610 2370 642 2400 et
661 2366 766 2399 tallias
786 2364 958 2407 indebitas,
980 2376 1018 2398 ac
1040 2367 1136 2398 etiam
1157 2362 1377 2409 importabiles
1398 2365 1446 2395 cis
1468 2365 1648 2407 imponere,
1677 2362 1811 2407 illasque
1838 2361 2030 2408 quibusdam

196 2425 352 2460 Militibus
380 2431 412 2459 et
440 2427 510 2460 aliis
539 2425 723 2460 feudalibus
752 2428 821 2459 suis
850 2425 1035 2470 exigendas
1066 2452 1073 2459 .
1104 2452 1111 2458 .
1141 2428 1217 2458 sunt
1243 2424 1384 2457 deserte.
1440 2422 1480 2456 Et
1513 2423 1641 2455 dennnn
1679 2422 1762 2456 idem
1791 2422 1867 2457 Dux
1901 2422 1962 2455 alia
2001 2426 2033 2455 et

195 2491 241 2520 tot
271 2491 303 2520 et
330 2490 416 2519 tanta
445 2489 639 2531 gravamina
670 2513 677 2520 .
709 2513 715 2520 .
746 2487 905 2520 valituris.
935 2485 1053 2519 Datum
1083 2486 1250 2519 Avinione
1279 2483 1353 2517 Xll.
1390 2482 1555 2516 Kalendas
1589 2483 1734 2517 Januarii
1770 2483 1869 2517 Anno
1906 2482 2029 2516 Tertio.

501 2558 583 2584 ‹Nm-n
609 2557 667 2583 dem
698 2557 770 2588 Orig.
803 2557 918 2587 itt-geste
943 2555 1043 2590 Pnpsss
1073 2555 1200 2581 Benedict
1224 2553 1278 2580 Nll.
1307 2553 1379 2578 Jalir.
1412 2553 1454 2578 ΙΙΙ.
1486 2553 1530 2578 Tb.
1558 2553 1574 2578 Ι,
1603 2553 1643 2579 111.
1671 2553 1740 2582 252,
1766 2555 1797 2579 1111
1823 2552 2030 2578 Vuntmnisuhen

608 2609 723 2634 Art-bive
747 2616 776 2634 zu
803 2609 875 2634 110111.
902 2608 996 2633 vidua.
1024 2607 1159 2632 Absebril‘t
1182 2607 1214 2632 im
1239 2614 1270 2631 111.
1296 2608 1328 2631 st.
1353 2605 1588 2634 Luinlesnrtbivei)
