2184 2828
1027 118 1099 151 459

141 244 254 267 eorum
284 231 484 271 redditibus‚
515 231 731 277 prouentibus
761 244 800 266 ae
830 233 1041 278 vtilitatibus‚
1070 245 1143 269 eum
1173 246 1275 280 aqua.
1305 242 1338 270 et
1367 242 1519 283 pascuis„
1556 252 1595 274 ae
1631 241 1803 286 quibusuis
1841 246 1986 290 ipsorum

142 294 373 340 pertinencijs,
412 296 567 338 omnique
603 292 685 326 Jure
720 305 759 327 ac
788 294 951 337 domium,
987 295 1103 340 quibus
1136 298 1207 341 ipsa
1246 296 1336 330 Bona
1374 298 1412 331 ad
1452 311 1513 333 uos
1549 305 1581 335 et
1609 302 1649 335 ad
1679 308 1812 337 nostros
1842 304 1986 340 heredes

139 356 297 399 legittime
325 357 572 398 spectauerunt‚
601 354 851 388 venerabilibus
880 360 912 389 et
940 356 1107 400 religiosis
1135 355 1331 391 dominabus
1361 358 1542 394 Abbatisse
1571 366 1602 395 et
1632 361 1817 397 Conuentui
1847 364 1987 400 Sancti—

141 414 327 449 monialium
357 413 492 447 Ordinis
522 413 781 460 Cysterciensis.
812 415 1007 460 Monasterij
1038 416 1113 450 dicti
1141 417 1227 450 Aula
1257 423 1372 452 sancte
1400 418 1505 454 Marie
1534 424 1565 455 iu
1600 425 1732 469 antiqua
1762 423 1896 459 Brunna
1926 438 1986 472 pro

138 476 324 519 Sexaginta
353 473 479 508 duabus
508 479 540 508 et
568 474 700 508 dimidia
730 478 850 509 marcis
879 487 1075 520 grossorum
1106 477 1322 522 Pragensimn
1353 479 1562 515 denariorum
1592 482 1753 518 Morauici
1782 489 1986 530 pagamenti„

136 536 211 570 Rite
239 539 273 569 et
300 534 548 569 racionabiliter
575 537 656 581 ipsis
686 547 745 581 per
773 547 834 570 nos
864 536 998 570 vendita
1019 540 1241 584 resignamus„
1271 542 1427 584 omnique
1446 540 1529 583 Juri,
1559 543 1644 588 quod
1665 544 1761 579 nobis
1782 550 1836 578 aut
1866 550 1987 580 nostris

137 595 316 629 heredibus
351 595 390 629 ad
426 606 568 641 presens
603 599 765 641 conpetit„
802 601 857 631 aut
891 600 923 630 in
954 597 1096 632 futurum
1125 604 1307 645 conpetere
1334 605 1468 646 posset⁷
1499 605 1531 635 in
1560 602 1656 638 bonis
1684 605 1825 650 prefatis
1855 610 1986 652 penitus

135 656 449 693 obrenunccianteffi
480 658 560 702 ipsis
589 656 737 690 cedimus
765 657 806 690 de
835 657 961 691 eisdem
990 657 1097 701 bonis,
1126 670 1187 705 per
1213 660 1381 705 predictas
1410 661 1561 696 dominas
1590 664 1805 700 Abbatissam
1835 671 1869 700 et
1889 666 1985 701 Con-

134 721 280 759 uentum‚
309 727 349 750 ac
378 719 524 762 ipsarum
554 716 793 751 Monasterium
823 718 1022 752 antedictum
1054 718 1214 754 habendis
1235 725 1267 754 et
1286 722 1451 764 tenendis,
1481 725 1758 767 quemadmodum
1788 738 1826 760 ea
1857 721 1986 773 posse-

133 778 240 811 dimus
274 782 307 811 et
342 776 535 819 babuimus,
574 789 612 811 ac
647 783 810 824 perpetuo
847 779 1070 824 possidendis.
1125 779 1196 814 Nos
1229 784 1342 827 itaque
1371 782 1523 817 Sdizlaus
1561 789 1832 830 prenominatis,
1863 792 1896 822 et
1924 799 1985 822 nos

132 841 257 884 pariter
294 837 500 872 Benesebius
541 838 581 871 de
617 838 839 881 Weitenmul,
875 840 976 873 frater
1010 840 1156 875 eiusdem
1194 841 1335 885 sumai,
1370 843 1591 889 Marquardus
1636 846 1742 881 dictus
1779 847 1915 894 Wfftlo,
1951 854 1985 882 et

130 898 291 932 Martinus
311 898 352 931 de
373 898 613 940 Chrisanteins‚
643 898 683 932 ad
704 903 836 933 votiuas
866 900 942 933 dicti
963 900 1085 935 Sdizlai
1114 913 1234 948 preces
1254 907 1403 948 presenti
1424 908 1568 949 negocio
1588 917 1650 940 nos
1670 907 1859 942 voluntarie
1880 911 1983 943 inno-

132 959 261 995 dantes.
291 969 407 993 omnes
428 961 460 992 in
481 959 633 1001 solidum,
664 964 696 993 et
725 963 858 993 sincera
881 960 944 994 lide
965 966 1078 995 nostra
1099 966 1171 996 sine
1192 963 1278 1005 dolo,
1309 964 1504 999 dominabus
1524 966 1710 1001 Abbatisse
1731 973 1763 1002 et
1784 968 1982 1012 Conuentui‚

131 1032 170 1053 ac
200 1020 404 1054 Monasterio
433 1019 636 1065 supradietis
672 1023 892 1066 promittimus
928 1021 1086 1067 prelibata
1121 1022 1206 1057 bona
1236 1023 1277 1057 ab
1306 1025 1459 1059 omnibus
1496 1029 1528 1060 in
1557 1030 1637 1073 ipsis
1666 1028 1762 1063 bouis
1792 1040 1850 1063 eas
1881 1032 1982 1075 inpe-

130 1080 285 1114 tentibus.
315 1084 369 1114 aut
396 1083 514 1125 quouis
542 1080 641 1114 modo
670 1081 931 1126 inpedientibus,
966 1082 1068 1116 Juxta
1104 1083 1246 1118 debitum
1282 1090 1313 1118 et
1341 1086 1400 1119 Jus
1435 1091 1589 1121 statutum
1621 1088 1727 1122 Terre
1754 1088 1982 1124 Moramensis

130 1141 214 1175 infra
243 1152 305 1175 sex
333 1143 555 1187 septimanas,
584 1146 757 1187 postquam
794 1142 834 1175 ab
870 1145 918 1176 eis
954 1146 1101 1188 requisiti
1138 1149 1169 1178 et
1203 1148 1316 1179 moniti
1345 1146 1521 1190 fuerimus,
1558 1151 1715 1183 continue
1744 1151 1980 1188 numerandas*

128 1201 232 1235 libere
261 1201 458 1246 disbrigare‚
489 1200 614 1242 Quodsi
644 1213 708 1236 non
739 1202 930 1245 seem-nnus,
960 1209 1014 1237 aut
1043 1210 1133 1238 certe
1161 1208 1187 1239 si
1216 1209 1285 1252 ipsa
1308 1206 1392 1241 bona
1423 1208 1568 1253 predicta
1591 1211 1772 1244 exsoluere
1801 1212 1855 1244 vel
1884 1211 1980 1244 redi-

128 1274 239 1305 mere7
276 1261 362 1308 quod
393 1263 484 1307 wigo
513 1262 698 1297 abselu'iten
728 1263 863 1299 dieitur.
900 1267 1061 1310 quispiam
1091 1270 1318 1312 attemptaret,
1355 1279 1450 1313 quem
1487 1269 1527 1302 ab
1564 1272 1634 1315 ipsa
1670 1271 1891 1305 exsolueione
1920 1283 1979 1306 seu

127 1326 343 1369 reempeione
371 1322 452 1357 Jure
480 1334 546 1356 non
574 1323 764 1357 valeremus
794 1324 970 1369 repellerQ
1000 1329 1124 1359 extunc
1152 1330 1336 1372 prenotatis
1374 1328 1571 1364 dominabus
1600 1330 1786 1365 Abbatisse
1824 1336 1855 1365 et
1885 1332 1980 1366 Con-

126 1387 239 1418 uentui
268 1395 307 1417 ac
337 1386 480 1429 ipsarum
500 1383 705 1417 Monasterio
726 1387 927 1430 prescriptas
948 1388 1126 1430 sexaginta
1147 1386 1227 1421 duas
1248 1392 1280 1421 et
1300 1388 1463 1423 dimidiam
1487 1401 1629 1433 marcas,
1660 1402 1734 1425 cum
1756 1403 1818 1425 nos
1840 1393 1979 1438 proinde

126 1447 331 1487 monuerint,
365 1443 450 1478 infra
486 1455 548 1478 sex
582 1447 804 1490 septimanas.
844 1444 884 1478 ab
920 1456 1033 1478 earum
1070 1449 1256 1481 municione
1285 1452 1478 1489 emninuas,
1515 1452 1724 1495 integraliter
1760 1464 1834 1486 cum
1864 1458 1978 1499 parata

125 1508 302 1539 restituere
331 1507 363 1538 in
392 1504 530 1538 solidum
560 1504 645 1539 bona
675 1505 739 1538 fide
767 1505 981 1551 spondemus„
1012 1518 1051 1540 ae
1079 1509 1214 1553 iusuper
1242 1513 1362 1543 tantam
1392 1513 1442 1544 eis
1463 1512 1692 1556 superaddere
1712 1516 1887 1558 pecuniam
1918 1525 1977 1560 pro

125 1577 224 1611 pena,
253 1576 317 1611 que
337 1565 515 1599 widcrwet
536 1566 627 1610 wigo
648 1565 775 1608 dicitur„
806 1570 926 1611 quauta
948 1566 1044 1601 uobis
1066 1579 1125 1613 per
1146 1568 1294 1603 Baroues
1316 1575 1405 1604 terre
1425 1570 1576 1605 Mei-anie
1604 1573 1763 1618 predicte,
1794 1576 1975 1608 secundum

125 1629 227 1672 ipsius
256 1630 345 1660 terre
374 1628 424 1659 ius
453 1625 609 1669 debitum,
639 1629 782 1672 inposita
812 1626 908 1660 suerit
938 1632 969 1660 et
998 1630 1154 1662 iniuncta.
1186 1629 1337 1664 Ceterum
1374 1634 1402 1665 si
1438 1638 1621 1666 memorata
1651 1633 1736 1667 bona
1766 1645 1826 1679 per
1855 1646 1976 1680 quem-

125 1698 267 1732 cumque
296 1689 444 1732 inpetita,
475 1687 558 1721 infra
589 1692 717 1733 tempus
747 1692 952 1733 prouolutum
982 1688 1168 1733 disin-igare
1197 1690 1420 1735 negligemus,
1451 1698 1506 1726 aut
1535 1693 1650 1727 facere
1680 1705 1744 1727 non
1775 1695 1975 1733 xalcbimusq

123 1758 166 1780 ex
197 1751 273 1781 tune
302 1747 366 1781 duo
396 1752 554 1790 nostrum,
584 1759 667 1793 quos
697 1748 824 1794 prefate
853 1748 985 1781 donnue
1014 1748 1194 1784 Abbatissa
1224 1755 1257 1784 et
1286 1751 1478 1786 Conuentus
1507 1757 1707 1796 monuerint,
1738 1755 1872 1798 quilibet
1901 1766 1974 1789 cum

122 1818 190 1841 vno
218 1807 341 1841 famulo
371 1813 404 1842 et
433 1808 560 1842 [luobus
591 1812 684 1854 equis
713 1809 884 1842 Ciuitatem
909 1809 1073 1843 Bruunam
1103 1810 1140 1843 ad
1171 1812 1383 1856 prestandum
1414 1813 1455 1847 ibi
1476 1816 1507 1847 in
1529 1814 1626 1848 domo
1656 1815 1794 1848 honesta
1825 1826 1885 1860 per
1913 1827 1973 1849 eas

123 1870 202 1912 ipsis
236 1873 371 1902 ostensa
411 1880 525 1902 verum
564 1869 751 1915 obstagiupi
789 1869 988 1903 tenebuntur
1017 1873 1157 1907 intrare.
1188 1870 1314 1912 Quibus
1344 1876 1375 1906 in
1406 1876 1476 1919 ipso
1505 1874 1660 1919 obstagio
1689 1875 1916 1916 morantibus7
1947 1879 1973 1909 si

124 1928 207 1961 infra
236 1933 362 1974 septem
393 1929 463 1963 dies
492 1929 531 1963 ab
554 1933 651 1963 inicio
680 1931 823 1975 obstagij
854 1933 1049 1965 continuos.
1086 1930 1170 1964 bona
1210 1932 1358 1977 predicta
1395 1936 1528 1980 inpetita
1566 1946 1633 1969 non
1662 1935 1971 1978 disbrigauei-iuius„

124 1987 176 2020 vel
211 1999 250 2022 ea
286 1989 471 2033 disbrigare
503 1993 715 2034 nequientes„
747 1994 922 2027 sexaginta
958 1991 1039 2024 duas
1068 1996 1099 2024 et
1128 1992 1291 2026 dimidiam
1322 2005 1451 2028 marcas
1489 2000 1682 2040 prenotatas
1713 2007 1855 2029 vnacum
1887 2008 1971 2042 pena

123 2047 249 2092 prefata
278 2052 308 2083 in
338 2055 405 2083 toto
435 2061 499 2084 non
529 2054 783 2090 restituerimus,v
814 2063 855 2084 cx
879 2056 955 2084 tune
975 2055 1076 2084 ceteri
1106 2051 1170 2084 duo
1200 2058 1360 2087 nostrum.
1391 2058 1498 2100 quiuis
1519 2059 1626 2089 eciam
1648 2068 1721 2089 cum
1752 2067 1819 2089 vno
1851 2057 1972 2089 saniulo

123 2113 154 2140 et
191 2107 316 2143 duobus
351 2113 444 2156 equis
479 2111 652 2144 Ciuitatem
689 2112 848 2157 prefatam
887 2111 925 2144 ad
963 2112 1172 2156 prestandum
1209 2112 1268 2146 sub
1304 2115 1461 2159 predictis
1497 2116 1751 2149 condicionibus
1780 2116 1970 2161 obstagium

125 2171 249 2201 intrare
277 2169 442 2204 debebunt
471 2172 615 2211 indilate„
647 2172 740 2212 Quod
771 2175 796 2205 si
828 2175 942 2204 iterum
974 2172 1057 2205 inl'ra
1087 2177 1211 2217 septem
1242 2174 1311 2207 dies
1340 2175 1380 2208 ab
1410 2177 1590 2210 eorundem
1619 2179 1773 2216 ingressu
1797 2178 1826 2209 in
1849 2176 1970 2211 obsta—

123 2232 212 2271 gium
248 2232 422 2264 continuos
462 2243 523 2265 nos
560 2232 730 2266 dumtaxat
770 2232 921 2265 omnibus
950 2237 1089 2277 quatuor
1117 2232 1301 2277 obstagium
1337 2236 1560 2279 prestantibus
1590 2236 1674 2269 bona
1706 2236 1834 2281 prelata
1864 2237 1969 2270 adbuc

122 2288 265 2334 inpedita
303 2300 366 2323 non
404 2291 712 2337 disin-igauei·1111us‚
754 2298 807 2327 aut
843 2297 912 2338 ipsa
954 2292 1141 2335 disbrigare
1183 2304 1247 2326 nou
1290 2295 1439 2330 valentes
1486 2299 1725 2342 prenominatis
1771 2296 1969 2331 dominabus

125 2348 304 2383 Abbatisse
333 2354 363 2383 et
393 2350 574 2386 Conuentui
605 2365 644 2386 ae
675 2356 820 2399 ipsarum
842 2353 1044 2387 Monasierio
1073 2353 1240 2398 predictas
1268 2359 1444 2399 sexaginta
1476 2357 1555 2390 duas
1584 2361 1615 2389 et
1644 2356 1806 2390 dimidiam
1837 2369 1967 2391 marcas

122 2421 188 2443 vna
224 2421 297 2443 cum
337 2421 420 2455 pena
458 2422 520 2445 uon
550 2413 808 2453 reddideriums,
845 2418 966 2447 extiuie
1006 2416 1054 2447 eis
1094 2417 1267 2458 pecuniam
1305 2425 1397 2449 suam
1427 2420 1490 2450 iam
1521 2417 1659 2459 ‹ln-uun,
1696 2428 1836 2450 vnacum
1868 2429 1965 2463 pena.

123 2470 206 2514 apud
238 2469 443 2503 Christianos
474 2472 524 2504 vel
553 2472 676 2507 Judeos
706 2473 760 2507 vbi
791 2477 870 2520 ipsi>>
900 2473 1060 2518 (Ἀρι-(ΗΝ
1090 2476 1195 2507 visum
1226 2474 1332 2518 fuerit,
1362 2487 1463 2521 super
1483 2480 1594 2509 nostra
1623 2476 1763 2522 dampna
1786 2478 1966 2523 recipiendi

122 2529 256 2563 liberam
287 2531 501 2563 concedimus
530 2536 561 2564 et
590 2537 804 2577 permittimus·
834 2538 1038 2579 potestatem.
1070 2533 1164 2566 nobis
1193 2534 1345 2568 omnibus
1374 2541 1515 2580 quatuor
1552 2547 1624 2569 cum
1654 2536 1784 2571 famulis
1814 2542 1842 2570 et
1874 2543 1966 2583 cquis

122 2593 304 2634 prenotatis
335 2593 364 2623 in
396 2590 545 2635 predicto
573 2591 725 2637 obstagio
755 2594 976 2628 manentilnis.
1008 2605 1068 2626 nec
1100 2594 1174 2627 inde
1204 2597 1410 2640 aliquatenus
1441 2599 1645 2640 recessuris,
1675 2608 1849 2642 quousque
1880 2598 1964 2632 bona

1759 2658 1775 2684 Ῑ)
1781 2662 1817 2679 *¹¹²
