2184 2828
1069 117 1144 152 498

190 239 219 267 et
250 237 400 279 insigniis
429 235 517 268 sedis
547 234 798 279 illi—tropolitane
827 234 978 268 duximus
1008 234 1249 275 decorandamq
1280 238 1476 269 auctoritate
1514 236 1660 282 predicta
1691 236 1921 270 nichilominus
1949 241 2022 270 sta-

191 299 331 337 tuentes,
361 295 445 340 (mod
477 298 545 339 ipsa
576 294 717 338 l'ragcn.
748 295 890 329 ecclesia
920 298 950 328 in
972 294 1246 339 llletripolitanam
1277 298 1307 328 in
1338 300 1528 340 perpetuum
1556 296 1732 330 haberetur
1760 301 1791 330 et
1820 299 1892 330 eius
1912 297 2021 342 presul

190 354 471 400 Archiepiscopus
501 357 599 387 etiam
629 359 834 388 censeretur.
865 355 905 388 Et
933 358 1006 398 quia
1036 354 1170 395 dignum
1208 360 1279 388 erat
1313 366 1356 388 ex
1392 366 1454 400 quo
1483 356 1566 390 dicta
1603 357 1746 401 Pragen.
1776 357 1918 391 ecclesia
1946 357 2021 390 olim

190 415 251 448 lilia
283 426 369 448 nunc
398 419 501 447 mater
529 414 644 447 ell'ecta
674 414 916 460 llletropolitice
945 414 1113 457 dignitatis
1142 418 1328 461 susciperet
1356 418 1496 459 insignia
1517 416 1747 461 sull'raganeos
1767 421 1798 450 ct
1817 419 2022 462 provinciam

190 475 361 508 decentem
393 474 529 507 haberet
558 479 590 507 et
618 474 656 507 ad
685 474 849 508 Judicium
871 474 1125 519 Archicpiscopi
1155 474 1296 519 Pragen.
1327 478 1380 520 qui
1408 487 1466 520 pro
1495 481 1642 522 tempore
1670 476 1756 510 soret
1775 488 1892 511 omnes
1920 487 2023 510 cause

191 535 484 579 Sullraganeoruni
506 534 745 580 Episcoporum
775 540 807 568 et
835 546 1050 580 personarum
1079 534 1382 569 ecclesiasticarum
1404 536 1576 570 Civitatum
1607 541 1638 570 ct
1666 536 1845 570 diocesium
1875 536 2023 570 eiusdem

191 597 361 640 provincie
390 598 480 628 iuxta
510 606 679 629 sacrorum
709 598 853 628 instituta
883 606 1047 628 canonum
1076 594 1292 631 reserrentur.
1315 595 1430 628 Villam
1452 595 1695 631 Luthomuslen.
1718 600 1794 629 tunc
1820 596 1860 629 de
1879 596 2021 641 Pragen.

190 655 313 688 diocesi
343 658 553 693 existentem„
584 655 689 688 locum
721 658 831 700 utique
860 655 1002 688 nobilem
1031 659 1063 688 et
1091 657 1254 699 insignem
1283 655 1322 688 ad
1352 655 1479 689 laudem
1501 656 1602 690 divini
1632 659 1773 690 nominis
1802 660 1834 689 et
1862 656 2021 690 honorem

189 726 250 748 nec
278 726 343 748 non
373 726 431 760 pro
461 718 680 755 incremento„
710 715 859 760 prosectu
888 719 920 748 et
948 715 1152 748 exaltatione
1181 715 1334 761 predictis
1364 718 1395 749 in
1425 715 1596 750 Civitatem
1627 719 1816 759 ereximus,
1852 719 2023 762 ipsamque

188 775 338 809 Civitatis
366 774 530 809 vocabulo
560 778 804 819 insignivimusq
835 780 867 808 et
888 775 1116 808 nichilominus
1138 763 1313 809 ecclesiam
1335 775 1527 809 Monasterii
1548 776 1730 810 huiusmodi
1752 787 1841 810 nove
1860 776 2022 818 Civitatis,

188 835 467 869 Premonstratcn.
499 834 631 870 Ordinis
661 838 691 868 in
722 834 953 868 Uathedralem
983 838 1079 869 etiam
1110 835 1270 879 erigendo
1299 846 1371 868 eam
1401 835 1609 869 decrevimus
1640 836 1711 869 sore
1732 840 1892 882 perpetuo
1922 839 2023 881 ipsius

186 895 282 930 Nove
317 896 468 929 Civitatis
506 896 682 929 ecclesiam
717 895 967 937 Gathedralem,
1005 899 1057 929 cui
1085 901 1210 929 certam
1246 900 1373 941 partem
1402 896 1442 929 de
1471 896 1564 930 dictis
1594 896 1787 930 Olomucen.
1818 901 1850 930 et
1881 896 2020 940 l'ragen.

186 955 372 990 diocesibus
407 956 613 989 adiacentem
649 955 755 989 eidem
792 960 824 989 ct
852 958 952 989 certis
983 955 1099 989 linibus
1128 956 1394 1000 distinguendam
1424 956 1674 990 intendebamus
1704 956 1816 990 facere
1846 959 2023 1001 assignari,

187 1016 397 1050 Postmodum
427 1027 509 1049 vcro
539 1015 579 1048 de
608 1027 752 1061 persona
782 1015 986 1050 venerabilis
1017 1015 1126 1050 fratris
1155 1020 1260 1050 nostri
1289 1016 1449 1050 Johannis
1478 1017 1634 1062 Episcopi
1663 1017 1737 1050 olim
1767 1017 1863 1050 electi
1894 1016 2021 1050 Lutho—

185 1077 322 1110 muslen.
353 1081 429 1109 tunc
450 1075 592 1109 Abbatis
614 1076 805 1120 lllonastcrii
834 1077 943 1109 lucen.
965 1076 1089 1110 ordinis
1110 1081 1141 1110 et
1162 1076 1355 1111 Olomucen.
1385 1077 1528 1111 diocesis
1556 1078 1775 1123 predictorum
1806 1077 1847 1111 de
1876 1080 2021 1123 ipsorum

185 1138 318 1170 fratrum
356 1136 495 1170 consilio
528 1136 636 1170 eidem
672 1136 817 1170 ecclesie
846 1136 1078 1170 luthomuslen.
1116 1137 1316 1182 prefecimus
1345 1140 1376 1170 in
1405 1137 1606 1183 Episcopum
1635 1142 1666 1171 et
1695 1142 1879 1183 pastorem,
1908 1147 2022 1171 curam

185 1202 217 1230 et
244 1197 560 1231 administrationem
590 1199 692 1243 ipsius
721 1197 866 1231 ecclesie
896 1196 958 1231 sibi
979 1200 1009 1230 in
1031 1197 1256 1243 spiritualibus
1276 1197 1519 1240 coimnittendo,
1549 1209 1588 1231 ac
1608 1197 1851 1243 subsequenter
1869 1197 2023 1231 volentes

184 1262 217 1291 ut
249 1257 356 1291 eidem
391 1258 536 1291 ecclesie
572 1257 816 1291 Luthomuslen.
860 1262 952 1291 certa
986 1269 1062 1303 pars
1098 1263 1131 1291 et
1166 1258 1207 1291 de
1244 1258 1339 1291 dictis
1369 1258 1561 1291 Olomucen.
1600 1263 1631 1291 et
1659 1258 1801 1302 l'ragen.
1833 1256 2022 1291 diocesibus

183 1318 342 1352 adiacens
383 1318 490 1351 eidem
532 1318 676 1351 ecclesie
712 1317 960 1351 Luthomuslen.
1003 1321 1092 1351 iuxta
1136 1321 1349 1352 intentionem
1384 1323 1530 1352 nostram
1573 1318 1756 1352 huiusmodi
1793 1321 2022 1362 assignaretur

185 1379 319 1411 realiter
346 1381 446 1412 certis
476 1378 592 1412 finibus
622 1378 855 1422 distinguenda
885 1378 940 1412 tibi
976 1377 1019 1412 sili
1048 1378 1162 1412 Abbas
1190 1378 1382 1412 Monasterii
1411 1378 1634 1412 Breuuovien.
1671 1384 1703 1412 et
1731 1379 1858 1412 dilectis
1886 1378 1976 1412 filiis.
2015 1405 2022 1411 .

186 1438 308 1472 Abbati
336 1437 529 1471 Monasterii
558 1441 590 1471 in
619 1437 684 1471 Zar
704 1438 845 1482 Pragen.
876 1438 1019 1472 diocesis
1048 1450 1104 1472 ac.
1124 1438 1278 1473 ‚Decano
1308 1439 1449 1472 ecclesie
1478 1438 1669 1472 Olomucen.
1701 1439 1741 1472 de
1770 1450 1908 1485 quorum
1937 1449 2023 1484 pro-

185 1498 297 1532 bitatis
327 1498 486 1532 industria
508 1498 685 1544 specialem
714 1501 745 1532 in
766 1498 908 1532 Domino
929 1499 1080 1532 fiduciam
1101 1498 1301 1543 gerebamus
1328 1510 1387 1546 per
1406 1499 1485 1533 alias
1505 1505 1637 1533 nostras
1658 1500 1780 1534 litteras
1801 1501 2024 1533 commisimus

186 1563 218 1592 et
256 1558 404 1593 dedimus
438 1561 469 1592 in
506 1558 689 1602 mandatis,
725 1564 758 1592 ut
793 1564 824 1593 tu
859 1564 891 1593 et
927 1562 987 1605 ipsi
1023 1559 1075 1593 vet
1112 1559 1175 1593 duo
1210 1564 1357 1593 vestrum
1392 1559 1430 1593 ad
1466 1564 1574 1605 partes
1604 1560 1675 1593 illas
1703 1560 1831 1593 sublato
1861 1559 2024 1593 dilationis

185 1619 355 1652 obstaculo
384 1619 603 1665 personaliter
633 1619 834 1653 accedentes
863 1623 1009 1654 vocatis.
1029 1620 1315 1666 .Archiepiscopo
1344 1625 1417 1654 et..
1435 1619 1628 1654 Oloniucen.
1659 1632 1699 1654 ac
1717 1648 1724 1654 .
1748 1647 1755 1654 .
1772 1620 2020 1654 Luthomuslen.

187 1679 363 1725 Episcopis
392 1684 469 1713 tunc
497 1679 613 1714 Electo
642 1679 800 1725 predictis
829 1691 868 1713 ac
888 1679 1045 1726 Capitulis
1075 1683 1217 1726 ipsarum
1239 1681 1454 1715 ecclesiarum
1484 1685 1516 1714 et
1534 1680 1605 1714 aliis
1634 1684 1687 1726 qui
1716 1680 1879 1714 evocandi
1908 1684 2023 1714 essent

186 1740 227 1773 de
255 1739 401 1785 predicta
438 1745 532 1773 certa
569 1745 662 1785 parte
699 1751 744 1773 ex
782 1740 877 1774 dictis
914 1740 1108 1775 Olomucen.
1146 1746 1179 1775 et
1212 1741 1353 1786 Pragen.
1390 1740 1579 1774 diocesihus
1614 1740 1849 1774 Luthomislen.
1880 1741 2024 1774 ecclesie

186 1800 360 1833 adiacente
389 1802 489 1834 certis
519 1800 637 1834 linibus
674 1805 707 1834 ut
735 1803 930 1846 premittitur
966 1801 1196 1846 distinguenda
1231 1806 1264 1835 et
1292 1801 1396 1835 eidem
1426 1801 1568 1835 ecclesie
1603 1804 1700 1835 etiam
1731 1800 1933 1845 assignanda
1962 1810 2025 1834 nec

187 1871 252 1894 non
282 1860 323 1894 de
351 1861 590 1894 ecclesiasticis
619 1860 831 1905 dignitatibus
860 1861 1091 1906 personatihus
1122 1867 1155 1895 et
1182 1861 1299 1896 officiis
1328 1872 1366 1895 ac
1394 1862 1465 1895 aliis
1494 1860 1664 1895 beneficiis
1693 1862 1932 1895 ecclesiasticis
1961 1870 2025 1904 que

186 1924 218 1954 in
248 1925 341 1966 parte
370 1920 515 1966 predicta
546 1920 652 1954 eidem
689 1922 834 1955 ecclesie
863 1921 1108 1956 Luthomnslen.
1144 1926 1179 1955 ut
1213 1924 1406 1968 premittitur
1443 1921 1643 1965 assignanda
1678 1924 1877 1963 consistunt,
1915 1932 1955 1954 ac
1983 1920 2025 1954 de

185 1985 328 2026 ipsorum
358 1981 474 2015 valore
495 1985 527 2014 et
546 1981 586 2014 de
616 1984 871 2016 circumstantiis
892 1993 930 2015 ac
953 1982 1025 2016 aliis
1054 1982 1205 2016 omnibus
1226 1987 1257 2016 et
1277 1982 1415 2026 singulis
1435 1984 1602 2016 universis
1631 1993 1695 2027 que
1723 1985 1816 2015 erant
1844 1984 1875 2014 in
1905 1981 2023 2015 talibus

187 2040 386 2075 attendenda
412 2040 524 2087 'super
553 2040 669 2086 quibus
698 2047 831 2076 vestras
861 2046 893 2076 et
920 2042 1094 2076 cuiuslibet
1121 2047 1268 2077 vestrum
1306 2045 1528 2076 conscientias
1558 2053 1736 2076 oneramus
1765 2041 1917 2076 omnibus
1946 2041 2023 2075 dili-

185 2104 298 2146 gentia
327 2105 359 2135 et
386 2101 594 2135 solicitudine
614 2101 766 2136 adhibitis
787 2113 851 2148 que
872 2113 972 2148 super
992 2102 1052 2137 hiis
1073 2103 1258 2137 adhibende
1280 2103 1386 2137 forent
1406 2104 1601 2136 auctoritate
1622 2107 1734 2136 nostra
1754 2114 1816 2136 nos
1837 2102 2023 2136 informetis

187 2166 218 2195 et
237 2173 276 2195 ea
299 2172 363 2206 que
383 2173 443 2207 per
464 2161 729 2196 informationem
751 2162 936 2197 huiusmodi
964 2163 1036 2197 fore
1064 2164 1154 2197 utilia
1184 2168 1215 2198 et
1243 2163 1392 2197 decentia
1414 2173 1472 2208 pro
1501 2165 1726 2206 assignatione
1754 2167 1787 2196 et
1815 2163 2023 2197 distinctione

187 2221 372 2256 huiusmodi
401 2222 561 2256 faciendis
590 2225 784 2268 reperiretis
813 2234 873 2269 per
900 2223 1154 2258 Instrumentum
1184 2223 1345 2270 publicum
1367 2222 1420 2256 vel
1439 2222 1564 2256 litteras
1593 2228 1727 2257 vestras
1755 2223 1872 2268 sigillis
1900 2225 2023 2257 vestris

188 2285 326 2316 munitas
355 2282 514 2317 dictarum
544 2283 722 2316 litterarum
752 2288 937 2318 vestrarum
967 2287 1086 2318 seriem
1124 2287 1323 2318 continentia
1359 2283 1448 2316 clare
1483 2282 1623 2316 dilucide
1658 2288 1691 2317 et
1725 2288 1837 2329 aperte
1866 2283 1961 2317 nobis
1991 2287 2024 2317 et

189 2342 334 2386 predicte
362 2343 432 2377 sedi
461 2346 622 2377 curaretis
651 2347 870 2388 quantocitius
907 2345 1047 2378 fideliter
1080 2347 1231 2378 intimare
1265 2348 1298 2377 ut
1327 2354 1425 2388 super
1445 2342 1505 2376 hiis
1526 2348 1617 2376 certa
1647 2347 1678 2376 et
1706 2343 1883 2377 indubitata
1912 2342 2022 2377 infor-

188 2405 329 2436 matione
358 2408 510 2449 suscepta
540 2403 925 2450 adpredictampartem
953 2405 1060 2438 eidem
1087 2405 1230 2439 ecclesie
1260 2403 1505 2438 Luthomuslen.
1539 2408 1573 2436 ut
1604 2407 1797 2449 premittitur
1838 2406 2021 2448 assignan-

188 2461 261 2494 dam
302 2467 334 2496 et
379 2466 476 2497 etiam
522 2464 787 2508 distinguendam
826 2466 976 2499 consulte
1017 2469 1049 2499 et
1083 2466 1236 2499 celeriter
1279 2463 1518 2509 procederetur
1558 2475 1616 2509 per
1652 2464 1892 2509 providentiam
1935 2464 2022 2498 dicte

189 2521 295 2555 Sedis.
339 2522 605 2558 Contradictores
641 2529 835 2559 auctoritate
872 2530 983 2559 nostra
1025 2525 1245 2571 appellatione
1273 2525 1452 2569 postposita
1474 2525 1729 2569 compescendo.
1773 2524 1891 2558 Testes
1923 2527 2019 2557 etiam

191 2585 243 2627 qui
283 2581 391 2616 forent
425 2588 581 2618 nominati
625 2588 652 2619 si
687 2596 724 2620 se
760 2589 868 2630 gratia
903 2585 978 2620 odio
1015 2586 1070 2620 vel
1111 2588 1228 2619 timore
1265 2583 1494 2619 subtraherent
1536 2596 1594 2630 per
1634 2596 1808 2619 censuram
1851 2585 2020 2618 ecclesia-
