2184 2828
999 108 1042 141 19

102 226 382 262 Schankhausern
411 225 470 259 auf
494 228 568 259 eine
595 225 695 259 Meile
724 229 766 259 im
795 225 959 270 Umfange
985 236 1051 259 von
1080 225 1139 258 der
1166 225 1260 259 stadt
1287 226 1350 259 und
1380 238 1504 272 wegen
1533 227 1590 261 der
1609 227 1849 274 Nichtzahlung
1876 229 1935 263 der

100 288 219 322 Steuer
245 298 310 320 von
340 286 403 320 den
433 285 626 320 ausser-halb
655 286 714 320 der
742 286 833 320 Stadt
861 286 1070 320 wolinenden
1098 285 1277 320 Kiinstlern
1311 287 1376 321 und
1403 287 1670 322 Handwerkern.
1726 289 1778 323 Dt.
1809 290 1932 334 Briinn7

99 359 151 382 am
179 346 351 391 Sonntage
379 346 463 380 nach
491 346 721 380 Bartholomaei
749 345 827 392 (28.
856 346 1003 392 August)
1033 345 1141 380 1334.

404 425 502 457 (Pelzel
527 425 557 451 K.
583 424 643 450 Karl
668 425 712 450 lV.
737 423 758 452 I.
784 425 830 451 Th.
856 425 1024 451 Urkundenb.
1050 426 1076 451 S.
1103 425 1130 451 8.
1156 434 1180 451 n.
1205 425 1263 452 vll.
1290 426 1404 453 Bohmer
1428 428 1496 453 Add.
1522 428 1553 454 ll.
1579 429 1606 455 S.
1633 427 1691 455 340
1717 437 1741 454 n.
1768 430 1810 461 6.)

978 536 1052 572 26.

94 615 284 660 Marquaf
303 615 394 649 Karl
422 618 589 660 qestattet
617 615 689 648 dem
730 614 953 650 Welelerader
979 615 1120 649 Kloster
1146 615 1209 649 den
1237 615 1355 661 ΒΕΖ-πῃ
1383 617 1442 650 des
1469 617 1579 651 Bau-
1608 619 1672 652 und
1699 619 1932 653 Brennlzolzes

95 688 158 710 aus
198 677 261 710 den
302 675 586 721 marquc'z'slicken
633 675 855 720 W'aldauyen.
910 676 970 710 Dt.
1011 675 1147 712 Bruuoe.
1190 677 1244 710 die
1285 677 1523 711 decollationis
1560 677 1589 711 b.
1625 679 1792 713 Jolmmeis
1826 680 1930 724 Bapt.

814 736 893 779 (29.
917 737 1072 781 Anyust)
1105 736 1213 771 1334.

249 812 339 866 Nos
350 831 492 866 Karolus
508 832 628 865 domini
643 831 858 876 nostriRegis
870 832 1003 866 Boemie
1013 831 1267 876 primogenitus,
1279 832 1427 866 Marchio
1445 832 1604 867 Morauie.
1622 833 1675 868 Ad
1694 833 1932 869 Vniuersorum

96 895 251 927 noticiam
291 892 442 927 volumus
484 897 600 926 tenore
641 895 849 938 presencium
885 893 1051 926 deuenire.
1088 891 1182 933 Quod
1217 904 1289 927 cum
1325 893 1433 927 deuoti
1465 897 1568 928 nostri
1601 894 1721 937 dilecti,
1756 895 1872 930 Abbas
1901 900 1933 930 et

93 953 282 987 Conuentus
315 952 510 998 Monasterij
545 953 822 998 Welegradensis
864 964 963 1000 super
994 952 1117 986 iuribus
1152 958 1183 987 et
1223 953 1376 988 limitibus
1417 954 1572 988 siluarum
1613 966 1672 1001 per
1712 955 1931 991 Purchrauios

92 1014 199 1048 Castri
239 1013 411 1057 Buchlaw,
455 1018 486 1047 et
513 1018 700 1048 nostrarum
740 1025 779 1047 ac
813 1017 914 1059 ipsius
954 1013 1143 1058 Monasterij
1181 1014 1344 1048 Siluarum
1377 1015 1569 1049 forestarios
1605 1016 1726 1050 fuerint
1759 1016 1930 1061 hactenus,

93 1079 188 1120 prout
216 1085 329 1108 eorum
358 1085 468 1108 coram
497 1074 592 1108 nobis
622 1074 859 1108 demonstrauit
887 1075 1030 1120 querela,
1060 1077 1192 1108 nimium
1221 1078 1356 1117 anxiati.
1386 1087 1486 1122 super
1512 1076 1627 1122 quibus
1647 1079 1707 1121 eis,
1728 1081 1763 1111 vt
1782 1082 1932 1112 tenemur

90 1139 246 1180 gerentes
280 1137 378 1168 animi
413 1138 656 1181 compassiuum
691 1146 729 1169 ac
763 1135 914 1169 volentes
949 1134 988 1169 ab
1021 1138 1101 1181 ipsis
1137 1135 1176 1169 de
1209 1138 1321 1170 innata
1356 1136 1451 1171 nobis
1487 1136 1691 1182 benignitate
1724 1141 1929 1182 grauamffla,

94 1195 211 1242 quibus
239 1206 282 1229 ex
311 1195 520 1230 dissensione
547 1199 633 1229 inter
660 1206 730 1238 eos,
760 1207 798 1228 ac
827 1195 929 1229 dictos
957 1195 1176 1230 Purchrauios
1205 1201 1236 1230 et
1270 1196 1462 1232 forestarios
1490 1198 1628 1232 durante
1656 1199 1828 1244 plurimum
1857 1203 1931 1233 sunt

90 1259 199 1293 attriti,
229 1258 426 1301 generosius
454 1268 641 1300 remouere,
670 1259 749 1302 ipsis
777 1256 896 1290 Abbati
932 1261 964 1290 et
998 1256 1181 1291 Conuentui
1215 1257 1397 1304 subscripta
1433 1258 1667 1304 compendiose
1703 1259 1742 1293 ab
1780 1259 1930 1293 omnibus

91 1316 320 1350 inuiolabiliter
339 1316 547 1351 obseruanda
567 1318 667 1351 saluis
686 1318 820 1352 iuribus.
838 1319 960 1362 gracijs
980 1322 1011 1351 et
1029 1318 1228 1352 libertatibus
1249 1331 1266 1352 a
1283 1319 1357 1353 diue
1371 1319 1616 1353 recordacionis
1632 1319 1928 1355 Predecessoribus

88 1381 221 1421 nostris,
242 1377 438 1411 Boemorum
458 1378 617 1423 Regibus,
639 1383 670 1412 et
684 1378 931 1412 Marcbionibus
946 1377 1105 1421 Morauie‚
1126 1379 1319 1421 Illusiribus.
1342 1383 1389 1414 eis
1415 1380 1498 1414 datis
1524 1385 1555 1414 et
1579 1384 1750 1415 concessis
1777 1381 1929 1415 duximus

91 1438 342 1472 conscribenda.
400 1438 578 1473 Statuimus
613 1442 710 1484 igitur
746 1443 849 1485 primo
885 1444 916 1473 et
944 1439 1101 1482 uolumus.
1136 1440 1220 1485 quod
1256 1443 1327 1486 ipse
1356 1440 1471 1474 Abbas
1507 1452 1566 1486 pro
1594 1442 1849 1476 necessitatibus
1878 1445 1928 1476 sui

89 1498 280 1543 Monasterij
301 1499 406 1544 Ligna
436 1499 475 1532 ad
504 1499 633 1533 edificia
663 1505 748 1545 apta,
779 1503 804 1534 si
839 1500 890 1534 illa
926 1503 956 1533 in
995 1503 1061 1534 suis
1090 1500 1180 1534 siluis
1208 1500 1345 1534 forsitan
1374 1513 1439 1535 non
1468 1501 1614 1545 haberet,
1641 1506 1673 1536 et
1700 1502 1928 1536 nichilominus

89 1560 178 1604 ligna
206 1559 394 1593 cremabilia
422 1563 454 1593 in
482 1559 632 1594 omnibus
661 1563 782 1594 nostris
810 1559 1006 1594 Nemoribus
1035 1560 1139 1594 eidem
1164 1560 1368 1595 Monasterio
1396 1562 1623 1597 adiacentibus
1650 1567 1859 1609 preterquam
1895 1566 1928 1597 in

89 1621 172 1654 locis
200 1623 253 1666 qui
289 1619 395 1654 Sasad
428 1620 527 1665 uulgo
562 1620 689 1655 dicitur.
726 1621 910 1663 succidere.
946 1625 977 1654 et
1011 1624 1141 1656 succisa
1177 1622 1216 1655 ad
1250 1621 1487 1656 Monasterium
1523 1635 1615 1657 suum
1650 1623 1775 1657 traduci
1813 1624 1925 1668 faciat,

89 1683 247 1727 quociens
275 1685 309 1714 et
336 1680 465 1726 quando
494 1680 556 1715 hoc
585 1682 645 1715 sibi
673 1686 868 1727 oportunum
903 1681 1010 1723 fuerit.
1040 1681 1079 1715 de
1107 1682 1228 1716 indulto
1263 1687 1295 1716 et
1323 1687 1433 1717 nostra
1462 1684 1599 1717 licencia
1629 1685 1776 1730 speciali.
1811 1684 1927 1718 Indul-

89 1752 207 1786 gemus
235 1744 369 1786 insuper
396 1745 427 1774 et
455 1741 604 1775 sauemus
633 1745 799 1776 vniuersis
829 1746 858 1775 et
887 1742 1021 1786 singulis
1051 1742 1125 1776 dicti
1143 1742 1336 1788 Monasterij
1367 1743 1562 1787 hominibus.
1591 1749 1627 1778 vt
1653 1748 1780 1790 virgaS.
1808 1745 1923 1780 fustes.

89 1801 312 1835 Stricholczer
329 1806 363 1835 et
391 1806 524 1845 statuas,
554 1814 617 1848 que
644 1801 836 1836 Nebensaul
856 1807 1094 1848 nuncupantur,
1110 1814 1168 1849 pro
1188 1807 1360 1838 structuris
1380 1805 1585 1851 reparandis.
1603 1808 1683 1851 ipsis
1704 1808 1925 1850 neccessarijS

89 1867 123 1896 et
163 1873 325 1908 expresse
357 1874 415 1908 pro
450 1874 511 1896 vsu
546 1866 644 1907 ignis.
679 1863 766 1908 ligna
809 1863 909 1896 arida.
945 1866 975 1896 in
1011 1863 1104 1896 dictis
1138 1867 1259 1898 nostris
1294 1866 1384 1899 siluis
1419 1866 1602 1907 succidant,
1639 1870 1670 1899 et
1706 1877 1745 1899 ea
1774 1866 1813 1900 de
1842 1870 1925 1901 scitu

88 1922 335 1956 forestariorum
377 1923 595 1968 predictorum
637 1927 807 1969 recipiant.
850 1924 973 1968 absque
1011 1924 1179 1958 solucione
1216 1929 1356 1971 pecunie
1397 1930 1635 1971 cuiuscungue,
1672 1926 1738 1960 Sed
1780 1930 1806 1960 si
1849 1927 1923 1961 dicti

88 1982 235 2017 homines
254 1982 386 2017 Robora
416 1988 448 2017 et
481 1984 568 2028 ligna
598 1984 776 2020 stubarum.
806 1984 846 2017 de
875 1984 966 2017 dictis
995 1987 1114 2017 nostris
1142 1984 1336 2020 Nemoribus
1366 1986 1487 2020 habere
1517 1987 1688 2030 noluerint,
1718 1987 1865 2020 uolumus
1889 1991 1924 2021 vt

90 2042 140 2076 illa
170 2046 281 2089 precio
310 2043 451 2077 debeant
479 2055 683 2090 comparare.
706 2044 861 2078 Preterea
891 2044 1108 2087 decernimus.
1137 2049 1169 2078 et
1193 2045 1222 2079 id
1247 2049 1350 2092 ipsum
1377 2050 1482 2081 eciam
1503 2050 1700 2093 precipimus
1721 2050 1779 2092 ipsi
1801 2047 1922 2082 Abbati

91 2107 123 2136 et
149 2102 349 2137 Monasterio
378 2115 437 2138 suo
466 2104 643 2141 antediem.
674 2116 713 2138 ac
742 2109 842 2151 ipsius
871 2104 1053 2138 hominibus
1080 2109 1268 2151 prenotatis.
1298 2107 1337 2140 ab
1366 2107 1516 2141 ommibus
1545 2111 1575 2141 in
1611 2112 1706 2141 antea
1736 2108 1919 2141 districcius

89 2163 269 2207 obseruari,
298 2169 332 2198 vt
359 2166 464 2198 nullus
494 2166 650 2211 deinceps
680 2166 754 2200 dicti
775 2166 878 2200 Castri
900 2166 1116 2200 Purcbrauius
1137 2167 1189 2199 ucl
1209 2178 1267 2199 suo
1294 2171 1425 2201 nomine
1445 2168 1637 2201 forestarius
1662 2168 1920 2215 qualiscumque,

90 2226 193 2269 ipsum
234 2224 409 2267 Abbatem.
445 2226 496 2259 uel
540 2225 688 2260 homines
728 2238 805 2261 suos
844 2227 1028 2272 sepedictus
1064 2230 1094 2260 in
1131 2227 1288 2261 Pecorum
1331 2233 1363 2262 et
1394 2229 1529 2262 aliorum
1565 2229 1750 2262 animalium
1787 2240 1920 2263 suorum

87 2286 230 2329 pascuis.
260 2295 321 2329 que
349 2289 380 2319 in
409 2286 504 2319 dictis
532 2285 728 2320 Nemoribus
764 2287 885 2321 habere
920 2291 948 2320 ct
985 2298 1123 2332 querere
1161 2293 1414 2325 consueuerant.
1450 2292 1575 2322 interim
1612 2289 1696 2334 quod
1730 2289 1861 2334 Hynule
1890 2294 1922 2323 et

87 2343 250 2390 Capreoli.
272 2345 374 2389 pullos
403 2358 480 2380 suos
508 2347 665 2392 pariendo
692 2358 755 2381 non
783 2347 962 2381 effuderint.
991 2358 1118 2381 necnon
1141 2352 1171 2381 ct
1191 2351 1220 2381 in
1242 2353 1440 2395 recepcione
1460 2352 1653 2391 gruininum,
1675 2361 1714 2383 ac
1734 2350 1920 2383 salt-acione

85 2403 153 2437 feni
181 2403 221 2437 de
249 2408 350 2449 pratis
377 2417 435 2440 seu
463 2407 544 2440 locis
573 2407 731 2441 dictorum
765 2407 942 2442 Nemorum
981 2407 1238 2454 quibuscumque
1280 2409 1398 2443 debeat
1439 2409 1607 2455 impedire,
1649 2420 1707 2444 seu
1742 2413 1845 2444 eciam
1888 2413 1918 2444 in

87 2464 328 2498 venacionibus
362 2465 506 2511 leporum
542 2479 623 2513 quas
664 2467 781 2502 ibidem
815 2468 965 2510 fecerint,
999 2473 1031 2502 et
1071 2469 1142 2512 alijs
1177 2469 1326 2503 omnibus
1363 2469 1558 2515 supradictis
1592 2469 1710 2504 audeat
1738 2471 1918 2516 aliqualiter

90 2535 223 2558 exnunc
245 2528 376 2558 inantea
405 2525 464 2559 sub
491 2527 625 2561 obtentu
653 2533 764 2562 nostre
789 2532 902 2573 gracie
923 2533 953 2561 et
972 2528 1095 2563 fauoris
1115 2529 1300 2563 molestare.
1323 2530 1358 2564 In
1379 2540 1514 2575 quorum
1535 2533 1677 2564 omnium
1697 2534 1916 2565 testimonium

89 2589 121 2618 et
149 2585 248 2619 robur
276 2590 434 2631 perpetuo
461 2587 630 2621 ualiturum
660 2594 831 2634 presentes
858 2589 968 2622 literas
994 2589 1062 2623 fieri
1089 2594 1120 2623 et
1146 2590 1241 2634 sigilli
1262 2593 1362 2624 nostri
1381 2593 1558 2624 munimine
1578 2594 1655 2636 ipsis
1675 2591 1742 2625 dari
1764 2594 1916 2625 iussimus

1777 2650 1813 2679 3ss
