2184 2828
1018 100 1090 135 149

131 231 192 254 nos
221 220 328 254 Sboro
365 219 555 264 Prepositus
593 223 625 252 et
660 218 793 253 Boczko
827 219 975 265 predicti,
1013 223 1068 253 aut
1100 220 1203 252 nostri
1239 217 1381 251 heredes
1416 218 1470 251 vel
1505 228 1721 252 successores
1754 217 1903 262 legittimi
1939 217 1981 251 ad

130 284 234 327 ipsam
269 280 444 313 ecclesiam
481 281 512 312 in
547 278 759 312 Mikulowicz
795 283 973 326 poterimus
1006 284 1038 313 et
1071 278 1229 312 debemus
1267 281 1368 324 partis
1403 278 1544 312 aduerse
1588 281 1704 324 quouis
1746 278 1980 324 impedimento

131 344 294 382 cessante,
325 351 363 373 ac
391 342 464 372 sine
492 341 714 384 requisicione
743 339 844 374 libere
873 345 1076 386 presentare.
1106 338 1187 373 Cum
1217 343 1326 372 autem
1357 339 1557 384 sepedictam
1588 339 1774 373 Ecclesiam
1803 341 1835 372 in
1864 339 1980 373 Miku-

130 401 249 435 lowicz
278 411 336 446 per
364 404 499 433 mortem
530 402 631 433 nostri
660 403 852 445 presentati.
882 405 934 434 aut
964 411 1168 447 quocumque
1196 399 1293 433 modo
1324 411 1445 433 vacare
1475 402 1685 444 contingerit,
1714 403 1790 433 tunc
1812 400 1979 445 predictus

130 461 236 495 Hinco
264 466 296 494 et
324 463 373 494 sui
402 460 554 502 heredes,
585 471 624 493 ac
658 471 876 494 successores
905 461 1052 506 legittimi
1081 460 1121 493 ad
1156 463 1260 506 ipsam
1295 459 1480 494 Ecclesiam
1510 463 1540 494 in
1570 460 1785 494 Milmlowicz
1815 459 1981 494 debebunt

130 526 161 555 et
190 524 332 567 poterint
361 520 461 554 altera
491 525 583 566 parte
611 523 795 565 irrequisita
825 522 972 555 similiter
991 525 1195 568 presentare,
1217 525 1249 554 et
1269 523 1318 554 sic
1338 523 1424 554 inter
1443 532 1502 554 nos
1524 533 1563 554 ac
1593 521 1734 555 heredes
1755 532 1794 554 ac
1815 521 1980 567 quoslibet

130 586 260 615 nostros
301 592 530 623 successores,
573 580 747 626 vtrobique
789 586 979 627 presentato
1016 584 1163 615 vicissim
1199 584 1367 628 perpetuis
1405 581 1608 627 temporibus
1646 582 1685 615 ad
1722 581 1908 615 Ecclesiam
1946 584 1978 615 in

130 641 342 676 Mikulowicz
379 641 611 675 inuiolabiliter
648 641 688 674 de
723 646 836 675 cetero
872 642 1056 688 pertinebit.
1111 642 1146 676 In
1183 653 1319 688 quorum
1356 645 1499 676 omnium
1535 645 1754 676 testimonium
1784 647 1978 689 presentem

130 702 269 736 litteram
298 705 491 748 premissam
521 701 768 735 ordinacionem
799 706 1019 737 continentem
1047 714 1106 749 per
1140 702 1385 749 infrascriptum
1422 703 1588 748 publicum
1626 706 1786 737 notarium
1817 703 1917 737 scribi
1946 708 1979 737 et

131 763 319 808 Sigillorum
350 767 535 796 nostrorum
565 762 728 796 Sboronis
758 762 928 808 Prepositi.
960 763 1145 797 Roczlzonis
1174 763 1214 796 de
1244 763 1375 797 Plawcz
1404 764 1638 809 predictorum.
1669 775 1707 797 ac
1738 764 1978 798 honorabilium

130 826 276 857 virorum
306 823 509 857 dominorum
539 822 761 856 Bartholomei
800 823 1036 858 i-chhidiaconi
1075 824 1326 859 Prerowiensis.
1365 823 1543 858 Mikulonis
1579 824 1738 868 Ratiborij
1769 824 1977 867 Swrczonis,

131 883 372 918 Canonicorum
394 883 674 919 Olomucensium.
705 895 743 917 ac
765 883 928 917 Nobilium
958 887 1103 918 vii-orum
1123 884 1329 919 dominorum
1352 884 1487 918 Henrici
1509 885 1549 918 de
1569 885 1791 919 Senkenherk
1815 885 1977 919 Gerliardi

130 944 171 978 de
192 944 364 978 Bukowan
385 943 533 979 Militum.
556 943 689 988 Stiborij
721 944 760 977 de
781 943 948 978 Nemcicz.
971 945 1147 979 Stanconis
1176 945 1216 979 de
1244 945 1433 979 Dobronicz
1462 948 1714 991 procurauimus
1744 950 1775 979 et
1803 949 1978 992 petiuimus

129 1008 162 1039 in
188 1004 289 1039 robur
316 1009 474 1050 perpetue
503 1005 661 1038 firmitatis
691 1008 895 1050 appensione
924 1008 1128 1039 communiri.
1158 1007 1278 1040 Actum
1309 1010 1340 1039 et
1360 1006 1468 1039 datum
1490 1005 1672 1040 Olomuncz
1692 1009 1723 1040 in
1753 1006 1850 1040 domo
1880 1006 1980 1040 liabi-

130 1068 270 1100 tacionis
298 1070 423 1105 nostre,
453 1065 553 1100 Anno
582 1065 703 1099 domini
731 1065 906 1099 Millesimo
944 1066 1194 1100 Trecentesimo
1230 1067 1415 1100 Tricesimo
1451 1071 1580 1109 octauo,
1610 1066 1808 1101 Jndiccione
1838 1067 1894 1101 vl.
1926 1067 1978 1101 die

129 1126 238 1161 XXV.
260 1128 384 1160 mensis
403 1125 492 1170 Julij.
515 1126 728 1160 Pontificatus
750 1126 957 1160 Sanctissimi
978 1130 1010 1160 in
1027 1127 1155 1161 Christo
1171 1127 1276 1161 Patris
1297 1127 1418 1161 domini
1439 1127 1609 1161 Benedicti
1631 1128 1740 1161 diuina
1760 1128 1977 1174 prouidencia

128 1198 214 1234 pape
241 1186 316 1222 ΧΠ.
346 1197 433 1220 anno
461 1191 589 1231 quarto,
619 1186 698 1220 hora
728 1190 823 1233 quasi
851 1198 949 1231 nona,
978 1187 1169 1221 Honorabili
1206 1190 1279 1222 viro
1308 1188 1440 1222 domino
1469 1187 1701 1222 Bartholomeo
1730 1188 1978 1222 Archidiacono

130 1247 331 1293 supradicto,
361 1258 401 1280 ac
429 1247 580 1281 discretis
609 1250 690 1281 viris
720 1247 859 1281 dominis
889 1247 1058 1282 Stancone
1087 1248 1201 1282 Sancti
1228 1248 1315 1282 Petri
1344 1251 1377 1283 in
1407 1248 1602 1292 Olomuncz,
1638 1249 1773 1283 Henrici
1803 1252 1834 1283 in
1863 1249 1977 1291 Pracz7

129 1307 355 1342 Ecclesiarum
375 1307 536 1353 plebanis.
554 1307 668 1341 Vlrico
688 1311 815 1341 vicario
835 1313 994 1354 perpetuo
1010 1308 1201 1354 Monasterij
1220 1309 1525 1343 Sanctimonialium
1542 1309 1656 1343 Sancti
1671 1309 1788 1344 Jacohi
1806 1310 1977 1349 Olomucz,

129 1368 266 1402 Andrea
295 1368 479 1414 presbitero
509 1373 540 1402 et
569 1368 708 1402 Nicolao
738 1372 864 1402 vicario
895 1369 1125 1403 Olomucensis
1151 1369 1304 1404 Ecclesie
1333 1370 1464 1416 publico
1492 1369 1630 1404 Notario
1660 1382 1698 1404 ac
1727 1371 1801 1415 alijs
1829 1370 1977 1417 pluribus

131 1429 268 1463 testibus
297 1428 505 1475 presentibus
534 1429 708 1473 lidedignis
737 1432 866 1462 vocatis
897 1429 937 1462 ad
966 1429 1026 1463 hoc
1057 1431 1242 1476 specialiter
1270 1436 1301 1465 et
1329 1434 1467 1476 rogatis

284 1489 324 1523 Et
352 1501 416 1534 ego
441 1489 605 1523 Michahel
635 1490 813 1524 Tlieodrici
842 1490 881 1524 de
910 1490 1015 1534 Praga
1046 1491 1192 1525 Clericus
1221 1491 1403 1537 Pragensis
1432 1492 1576 1526 diocesis
1605 1491 1754 1538 publicus
1784 1495 1979 1526 auctoritate

130 1550 294 1596 Imperiali
323 1549 477 1584 Notarius
507 1550 712 1584 ordinacioni
741 1551 920 1585 concordie
950 1563 988 1584 ac
1019 1551 1182 1586 amicabili
1210 1555 1447 1598 composicioni
1476 1557 1508 1586 et
1536 1552 1607 1597 alijs
1636 1556 1806 1598 premissis
1835 1564 1977 1587 vnacum

130 1614 368 1657 prenominatis
389 1610 526 1645 testibus
546 1622 686 1657 presens
715 1611 846 1645 interfui
877 1616 907 1645 et
936 1624 973 1645 ea
1005 1615 1033 1644 in
1065 1612 1149 1645 lianc
1176 1612 1339 1658 publicam
1359 1613 1497 1647 formam
1518 1613 1635 1657 redegi
1656 1625 1796 1659 meoque
1816 1619 1977 1647 consueto

131 1675 226 1717 signo
255 1674 385 1716 signaui
414 1683 473 1718 per
502 1677 612 1717 partes
641 1676 798 1718 Vtrasque
827 1673 945 1706 ibidem
974 1678 1145 1718 presentes
1174 1677 1349 1718 requisitus
1379 1674 1566 1720 specialiter
1595 1678 1625 1707 et
1653 1679 1789 1719 rogatus
1818 1677 1851 1708 in
1880 1678 1975 1708 testi-

131 1735 272 1767 inonium
303 1736 549 1779 premissorum.

285 1792 324 1827 Et
351 1804 415 1838 ego
445 1792 601 1827 Nicolaus
639 1794 802 1839 quondam
839 1794 924 1827 Petri
955 1794 993 1827 de
1032 1793 1181 1827 Trebecz
1216 1795 1356 1829 clericus
1387 1794 1618 1829 Olomucensis
1653 1795 1795 1829 diocesis
1828 1796 1978 1841 publicus

130 1853 293 1899 Imperiali
321 1857 515 1888 auctoritate
543 1854 698 1888 ,Notarius
727 1855 933 1888 ordinacioni
963 1859 1024 1888 etc.
1056 1858 1121 1888 wie
1150 1854 1246 1890 oben.

440 1925 506 1955 (Das
532 1926 606 1955 ΟΠΞ.
633 1925 850 1956 πιιΥΡενειηηειιῑ
875 1927 917 1951 mit
947 1925 981 1951 tu
1003 1925 1107 1950 titt-ineu
1129 1926 1249 1958 Sigillen,
1274 1934 1325 1952 von
1351 1927 1436 1952 denen
1457 1927 1559 1960 jedocli
1584 1927 1631 1953 das
1658 1927 1683 1952 7.
1710 1928 1784 1954 l'elilt,
1809 1928 1841 1953 im
1863 1928 1978 1953 Arcliive

543 1976 590 2002 der
614 1977 803 2004 Pramonstrat.
830 1978 907 2003 Abtei
933 1986 971 2002 am
997 1978 1115 2002 Sirtiltou
1146 1986 1175 2003 zu
1201 1978 1267 2011 Prag
1290 1979 1384 2005 xxm.
1411 1979 1443 2004 Α.
1470 1979 1513 2011 8.)

1004 2071 1110 2106 205.

133 2138 255 2183 Hyneli·
281 2150 344 2173 ron
374 2139 558 2173 Jx'ilclon-itz-
585 2140 764 2174 schliesset
793 2143 850 2174 mit
886 2141 955 2174 dem
988 2141 1159 2174 omnin-m·
1187 2141 1436 2186 Domprobsten
1467 2142 1582 2176 Zboro
1612 2143 1677 2176 med
1708 2143 1828 2176 dessen
1858 2143 1980 2188 Neffen

135 2199 252 2233 Boe‘eh·
279 2210 343 2233 *con
378 2200 521 2234 Platsclt
555 2202 651 2234 einen
694 2201 867 2245 l'erqleiclc
904 2201 1079 2245 bez-afflicte
1117 2202 1175 2235 des
1211 2202 1537 2237 I’alronatsrechles
1575 2202 1657 2236 iiber
1693 2203 1746 2236 die
1781 2203 1909 2237 lx'ae'rclee
1945 2205 1979 2237 in

570 2261 764 2296 Nimowitz.
796 2263 854 2296 Dt.
887 2263 1055 2305 (Horreum,
1086 2263 1139 2295 die
1167 2262 1282 2297 XXV.
1313 2263 1399 2297 Jnlz'c·
1429 2263 1535 2297 1338.

289 2317 334 2371 1η
365 2341 494 2372 nomine
523 2339 643 2373 domini
675 2341 795 2374 Amen.
827 2340 872 2374 Ea
903 2352 964 2386 quc
990 2345 1150 2377 <geruntur
1171 2343 1200 2373 in
1221 2345 1368 2386 tempore
1389 2353 1430 2375 ne
1451 2342 1544 2375 simul
1567 2341 1717 2375 labantur
1736 2353 1808 2376 cum
1830 2346 1980 2388 tempore

135 2409 278 2433 necesse
306 2403 357 2431 est
385 2409 424 2431 ea
454 2403 637 2434 testimonio
667 2402 842 2435 litterarum
873 2400 1082 2446 perliemiari.
1140 2400 1208 2435 Nos
1244 2401 1349 2435 llinco
1378 2402 1418 2435 de
1451 2402 1646 2436 Miculouicz
1676 2402 1716 2436 ad
1745 2406 1978 2437 vniuersorum

135 2463 198 2493 tam
227 2461 436 2505 presencium
472 2471 567 2505 quam
604 2460 786 2495 futurorum
823 2464 974 2495 noticiam
1009 2464 1156 2507 cupimus
1192 2465 1368 2507 peruenire
1403 2462 1496 2503 Quod
1533 2474 1606 2496 cum
1636 2465 1721 2497 inter
1749 2475 1811 2498 nos
1840 2475 1883 2497 ex
1913 2475 1979 2498 vna

136 2523 168 2553 et
201 2519 427 2554 honorabilem
463 2523 566 2554 virum
603 2522 768 2556 dominum
799 2522 982 2556 Sboronem
1013 2526 1212 2568 prepositum
1250 2523 1393 2556 ecclesie
1436 2524 1688 2558 (nomuncensis
1726 2536 1764 2558 ac
1801 2524 1979 2558 Strenuum

136 2579 268 2614 Militem
306 2580 471 2614 dominum
510 2580 716 2616 Boczconem
753 2583 792 2617 de
831 2583 963 2616 l'lawcz
1000 2587 1152 2629 nepotem
1189 2586 1289 2629 ipsius
1324 2583 1444 2616 domini
1480 2586 1637 2629 prepositi
1675 2590 1768 2630 parte
1804 2596 1846 2618 ex
1875 2585 1980 2618 altera
