2184 2828
1009 128 1119 184 -.2⁶ss

168 251 303 281 munire.
339 247 457 281 Datum
487 252 517 280 ct
549 246 665 278 Actum
696 249 746 279 est
773 248 805 278 in
835 244 998 278 Montibus
1028 244 1163 277 t'tiutnis
1192 247 1222 278 in
1251 244 1409 278 dictorum
1438 250 1622 279 nostrorum
1653 244 1795 279 fidelium
1825 248 1997 290 presencia

169 312 197 340 in
227 307 338 352 vigilia
366 310 468 341 sancti
499 306 625 339 Tbome
655 305 802 350 Apostoli
831 305 930 338 Auno
959 305 1078 338 domini
1108 303 1362 338 M⁴¹CCC⁰XL1⁰.

471 385 541 415 (Ans
566 384 623 409 dem
649 384 830 409 liandscbril'tl.
857 384 922 409 (od.
948 383 995 408 des
1020 382 1075 408 XV.
1102 382 1315 409 Jahrliundertcs
1339 383 1382 408 Μ’.
1408 382 1446 409 34
1471 384 1487 409 f.
1515 382 1551 409 ‘lo
1578 391 1600 408 v.
1627 384 1659 408 im
1686 382 1800 408 Archive
1825 382 1872 407 der
1896 382 1997 415 konigl.

575 436 649 461 siadt
673 435 783 465 11111110.)

1031 553 1137 588 374.

167 635 278 678 Ii'anigy
315 634 467 666 [iaz-imit·
505 644 565 666 ron
597 632 725 665 Polelen
759 632 918 665 sehliesst
951 633 1047 664 einen
1081 630 1440 675 Freetntlsclzas’tsbmed
1473 633 1531 665 neit
1559 632 1629 664 clem
1659 629 1884 674 Markyrafen
1913 630 2002 663 Kar!

694 704 756 725 ron
787 692 942 724 illaleren.
998 691 1057 724 Dt.
1088 691 1214 735 Palae.
1244 704 1271 725 s.
1300 691 1330 724 cl.
1363 691 1470 725 1341.

321 768 366 821 ln
387 791 519 821 nomine
549 787 669 820 domini
690 787 810 819 Amen.
841 785 1020 819 Laudabile
1041 785 1112 818 fore
1140 785 1297 830 probatur
1325 789 1527 831 permaxime
1557 790 1589 819 et
1614 785 1810 827 Honestum,
1838 783 1895 819 vbi
1923 789 2000 818 vota

169 848 350 893 Principum
390 849 429 881 ad
459 847 635 881 concordie
664 846 837 879 flectuntur
865 849 1038 887 vnioncm.
1068 856 1128 891 per
1156 856 1252 891 quam
1281 857 1347 891 pax
1375 849 1531 888 nutritur.
1566 850 1597 879 et
1627 845 1781 879 Comodis
1809 844 2003 878 Prouidetur

167 908 386 943 subditorum.
424 908 574 948 Proinde.
618 906 686 940 Nos
715 906 912 951 Kazymirus
940 906 992 939 dei
1020 908 1134 949 gracia
1168 905 1243 939 Rex
1272 905 1407 939 Polonie
1431 934 1437 939 .
1462 905 1692 940 Indissolubile
1720 905 1889 939 vinculum
1916 907 2002 938 inter

165 980 224 1001 nos
249 996 255 1001 .
284 973 314 1001 et
335 969 588 1002 Serenissimum
619 969 799 1012 principem
829 966 1003 999 Dominum
1025 965 1179 999 Karolum
1209 965 1430 1016 Marchionem
1460 966 1609 1000 Morauie
1638 966 1798 999 Illustrem
1823 992 1829 998 .
1854 965 2002 999 Fratrem

165 1034 193 1062 et
232 1029 400 1062 Sororium
436 1032 581 1061 nostrum
618 1027 827 1060 karissimum
861 1029 1028 1072 perpetuis
1066 1037 1265 1071 permanere
1301 1026 1502 1072 temporibus
1537 1031 1569 1060 et
1604 1029 1709 1072 ipsum
1744 1029 1778 1059 111
1814 1024 2002 1060 visceribus

165 1093 322 1133 gerentes
359 1087 523 1123 karitatis.
560 1099 599 1120 ac
634 1092 700 1120 toto
736 1092 846 1120 nostro
882 1090 1056 1120 conamine
1090 1089 1245 1132 prosequi
1279 1089 1310 1120 in
1338 1086 1486 1121 omnibus
1521 1090 1690 1132 cupientes
1714 1113 1721 1120 .
1744 1097 1810 1120 non
1838 1085 2002 1128 obstante,

166 1149 260 1189 Quod
295 1148 443 1182 eiusdem
478 1148 609 1181 Domini
646 1147 847 1181 Mai-chionis
891 1146 1023 1180 Soror.
1047 1146 1188 1180 Domina
1216 1146 1427 1191 Margaretha
1456 1174 1463 1181 .
1494 1146 1669 1181 Comitissa
1704 1146 1849 1180 Palatina
1877 1146 1963 1180 Reni
1987 1172 1994 1178 .

166 1208 307 1242 Ducissa
336 1208 479 1242 Bauarie
502 1235 509 1240 .
533 1208 637 1241 felicis
666 1207 912 1241 recordacionis
940 1218 1003 1252 que
1031 1206 1125 1240 nobis
1145 1207 1427 1241 Matrimonialiter
1454 1206 1562 1240 debuit
1591 1207 1749 1253 copulari,
1778 1209 1817 1240 sit
1845 1209 2003 1241 vniuerse

167 1272 276 1302 carnis
304 1272 391 1302 viam
420 1272 573 1313 ingressa
599 1296 603 1301 .
628 1268 667 1301 Et
700 1279 741 1301 ne
774 1272 909 1313 propter
944 1267 1007 1300 hoc
1039 1267 1104 1311 liga
1134 1268 1324 1301 dileccionis
1357 1279 1396 1301 ac
1424 1267 1603 1301 amicabilis
1632 1269 1820 1301 coniunctio
1850 1266 2002 1300 videatur

165 1334 195 1362 et
224 1329 298 1362 fidei
326 1332 450 1374 puritas
470 1328 612 1373 disiungi
642 1332 804 1362 internos
833 1332 864 1361 et
893 1327 1028 1361 dissolui
1052 1355 1058 1361 .
1083 1327 1153 1361 Sibi
1182 1331 1290 1361 animo
1319 1331 1444 1372 ingenti
1473 1339 1511 1361 ac
1540 1327 1749 1361 desiderabili
1777 1332 2002 1373 perpetueque

166 1393 296 1423 vnionis
325 1392 372 1423 sic
400 1389 498 1423 facte.
529 1388 748 1422 Promittimus
771 1388 854 1422 bona
876 1388 938 1422 fide
967 1392 1131 1434 tamquam
1160 1388 1251 1421 fratri
1279 1391 1407 1422 vterino
1431 1416 1437 1421 .
1462 1388 1498 1421 In
1527 1388 1678 1422 omnibus
1704 1388 1850 1432 consilijs
1871 1387 2003 1431 auxilijs

164 1449 434 1495 placitacionibus
455 1449 645 1483 tractatibus
667 1449 840 1486 adherere.
869 1448 910 1482 Et
939 1451 1084 1482 maxime
1105 1448 1141 1482 111
1163 1448 1402 1483 Contrahendis
1432 1450 1558 1493 amicijs
1588 1448 1668 1494 (sic)
1698 1447 2001 1489 inatrimoiiiatibuS‚

166 1521 246 1554 quas
275 1509 355 1543 deus
383 1509 478 1543 nobis
499 1509 659 1543 concedet
682 1509 840 1542 faciendis
870 1509 910 1542 de
938 1513 1051 1542 nostra
1079 1512 1211 1554 propria
1239 1519 1392 1554 persona,
1422 1520 1460 1542 ac
1481 1520 1658 1554 puerorum
1678 1513 1867 1542 nostrorum
1894 1510 2002 1554 ipsum

167 1573 331 1616 prosequi.
387 1569 427 1603 Et
461 1573 532 1603 sine
566 1569 714 1603 eiusdem
752 1570 922 1603 voluntate
950 1569 1050 1602 nichil
1079 1568 1192 1603 facere
1221 1573 1274 1602 aut
1302 1573 1494 1614 attemptare
1530 1569 1783 1613 quoquomodo,
1818 1571 1880 1602 nisi
1914 1571 2003 1614 prius

167 1634 268 1676 ipsius
298 1629 442 1664 Consilio
471 1630 596 1663 auxilio
625 1630 798 1663 Consensu
827 1641 866 1663 ac
895 1629 1031 1676 speciali
1059 1640 1159 1675 super
1187 1629 1248 1663 hoc
1276 1632 1432 1675 requisita
1462 1630 1632 1662 voluntate
1656 1657 1661 1662 .
1687 1628 1759 1670 Que
1788 1631 1897 1662 omnia
1917 1628 2003 1663 Pro-

167 1694 318 1724 mittimus
352 1695 383 1724 et
419 1691 548 1734 singula
584 1690 619 1723 In
655 1690 717 1733 hijs
752 1693 882 1736 scriptis
917 1686 1153 1724 Inuiolabiliter
1185 1689 1374 1723 obseruare.
1430 1689 1552 1723 Actum
1586 1689 1695 1734 Prage
1716 1717 1722 1723 .
1744 1690 1845 1723 Anno
1881 1688 2002 1723 domini

168 1750 352 1793 Millesimo,
383 1750 644 1784 Trecentesimo.
675 1750 941 1795 Quadragesimo
969 1754 1085 1796 primo.

473 1829 556 1860 [Meli
581 1830 654 1854 einer
679 1829 814 1855 Abscbrit't
839 1831 871 1854 im
897 1829 922 1854 k.
948 1829 1037 1855 11011111.
1063 1830 1181 1855 Museum
1206 1837 1251 1855 aus
1274 1829 1333 1854 dem
1358 1827 1431 1862 Orig.
1457 1828 1504 1853 des
1529 1828 1554 1853 k.
1582 1828 1607 1853 k.
1632 1829 1748 1862 geheim.
1773 1827 1948 1854 Hofarchives
1972 1835 2002 1853 zu

574 1880 663 1906 Wicu.
709 1881 885 1914 Abgedruckt
916 1881 958 1907 bei
989 1881 1100 1908 Goldast
1131 1883 1155 1907 in
1187 1881 1300 1916 append.
1325 1880 1509 1906 dot-unienter.
1537 1880 1563 1905 S.
1591 1879 1626 1905 53
1653 1889 1677 1905 n.
1703 1879 1782 1906 XXX.
1807 1880 1917 1905 Dobnei·
1938 1879 1998 1905 Μο-

578 1936 692 1958 nument.
719 1932 764 1959 lv.
790 1934 816 1958 S.
843 1932 903 1958 306
929 1941 952 1958 11,
979 1933 1088 1959 CLXIV,
1115 1941 1161 1959 aus
1186 1932 1298 1959 Balbiu‘s
1322 1932 1385 1958 Dee.
1411 1931 1429 1958 1.
1455 1931 1479 1957 L.
1506 1931 1533 1958 S.
1559 1931 1619 1957 Vol.
1646 1931 1664 1958 1.
1690 1932 1716 1957 S.
1744 1931 1809 1965 35.)

1034 2062 1139 2097 375.

169 2139 315 2175 johann.
348 2131 472 2172 (jemin
502 2139 567 2172 und
594 2138 765 2172 Hmtlieb.
796 2139 930 2173 Brialer
960 2151 1021 2173 1·οη
1050 2140 1183 2184 Poma.
1219 2138 1400 2182 verlfanfen
1428 2137 1502 2171 ihre
1532 2139 1639 2172 Giiter
1668 2140 1699 2171 ἱη
1730 2137 1902 2172 Zbrc'tslau
1930 2138 2000 2172 dem

422 2198 695 2232 Xonnenlrloster
722 2199 837 2233 illaria
866 2200 956 2234 Saul
983 2201 1015 2233 in
1043 2200 1227 2233 Altbrmm.
1281 2198 1339 2232 Dt.
1370 2209 1400 2232 0.
1433 2198 1470 2231 O.
1502 2211 1531 2232 u.
1566 2199 1602 2232 T.
1634 2198 1744 2233 1341.

320 2274 409 2327 Ros
437 2293 630 2328 ι1011301105.
660 2292 851 2337 oza-mnus„
888 2299 919 2328 et
955 2294 1131 2329 Hartlebus
1166 2294 1285 2328 fratres
1321 2292 1396 2326 dicti
1431 2292 1471 2326 de
1500 2292 1619 2339 Popiez
1649 2298 1764 2327 tenore
1791 2295 1999 2339 presencium

170 2353 206 2385 :id
243 2357 472 2387 vniuersorum
507 2358 571 2387 tam
606 2358 814 2399 presencium
851 2366 947 2400 quam
982 2354 1162 2388 futurorum
1197 2356 1349 2388 noticiam
1391 2356 1539 2398 cupimus
1575 2357 1769 2398 peruenire,
1808 2352 1905 2394 Quod
1938 2362 1998 2386 nos

170 2413 277 2445 habita
314 2425 415 2460 super
448 2414 511 2448 hoc
544 2413 719 2448 sufficienti
755 2419 945 2448 nostrorum
979 2418 1159 2448 amicorum
1187 2413 1446 2455 deliberacione,
1482 2418 1515 2447 et
1549 2414 1688 2448 consilio
1716 2425 1782 2448 non
1810 2414 1914 2447 coacti
1941 2411 1999 2446 sed

170 2473 338 2506 voluntate
372 2474 474 2508 libera
511 2479 542 2508 et-
579 2478 758 2520 spontanea
795 2474 978 2509 venerabili
1012 2478 1043 2508 in
1085 2474 1215 2508 Christo
1249 2473 1397 2515 domine.
1433 2473 1563 2507 domine
1597 2474 1777 2508 Katherine
1804 2472 1997 2514 AbbaHsse,

170 2531 338 2566 Elizabeth
373 2533 549 2577 Priorisse‚
593 2534 732 2580 Totique
767 2534 951 2569 Conuentui
992 2534 1287 2569 sanctimonialium
1323 2532 1516 2578 Monasterij
1560 2535 1646 2569 Aule
1680 2539 1797 2568 sancte
1829 2532 1933 2567 Marte
1966 2535 1998 2566 in

172 2593 315 2639 Antiqua
337 2592 481 2636 Bromia,
512 2594 643 2629 Ordinis
664 2595 920 2641 Cysterciensis,
942 2594 1171 2629 Olomucensis
1191 2594 1358 2640 dyocesis,
1388 2605 1450 2639 que
1479 2599 1553 2628 sunt
1581 2599 1613 2628 et
1639 2599 1735 2628 erunt
1752 2604 1812 2640 pro
1840 2597 1998 2638 tempore,
