2184 2828
982 114 1055 149 703

248 236 354 271 Nemo
383 241 493 270 autem
525 236 565 269 de
594 247 730 270 numero
760 246 921 270 annorum
950 234 1130 270 resultandi
1160 239 1269 268 sumat
1296 235 1475 270 fomentum
1509 239 1582 282 quia
1613 243 1750 271 sanctae
1784 248 1945 272 romanae

96 299 282 333 aecclesiae
317 299 369 330 cui
396 296 470 330 Deo
506 300 643 330 auctore
678 300 842 331 §eruimus
875 296 1048 342 priuilegia
1083 306 1169 341 quae
1201 298 1233 328 in
1268 294 1360 329 firma
1396 296 1481 331 beati
1511 297 1598 331 Petri
1633 297 1817 332 stabilitatis
1852 304 1945 346 petra

98 361 257 404 suscepit,
287 357 384 391 nulliS
412 356 615 403 temporibus
645 362 873 402 angustantur,
905 357 1001 391 nullis
1028 367 1208 401 regnorum
1237 357 1474 402 particionibus
1504 356 1761 404 preiudicantu'r.
1819 360 1885 393 Sed
1915 365 1946 394 et

94 418 310 454 uenerandae
338 429 497 452 romanae
527 418 618 463 leges
654 418 810 452 diuinitus
840 430 899 464 per
927 429 986 452 ora
1013 419 1142 464 piorum
1175 419 1358 463 principum
1388 419 1594 463 promulgata
1622 430 1733 453 rerum
1762 423 1833 454 eius
1862 432 1947 466 pro-

94 483 307 526 scriptionem
336 490 403 513 non
430 482 494 513 nisi
524 484 597 525 post
627 478 652 512 C
681 490 787 513 annos
817 479 999 512 admittunt.

402 558 597 588 (wattenbach
622 560 645 584 in
672 559 722 584 den
747 558 889 587 liciti-agen
922 566 967 583 zur
991 557 1150 583 Geschicbte
1175 557 1223 582 der
1247 557 1417 583 cliristlicben
1443 558 1538 584 Kirrbe
1569 560 1592 584 in
1619 559 1724 584 Maliren
1750 559 1803 585 und
1827 559 1946 586 Bohmen

506 619 531 644 p.
552 609 600 637 49.
627 610 654 637 Β,
680 619 726 636 aus
751 612 834 636 ciuem
861 608 928 635 Ceu.
955 610 1002 635 des
1026 609 1082 635 ΧΗ.
1099 608 1192 634 Jahrb.
1218 610 1251 634 im
1276 608 1411 635 Olinutzer
1434 609 1646 644 Kapitelarcbive
1671 619 1696 636 n.
1716 610 1776 636 205
1802 610 1888 639 1267,
1906 627 1947 630 —-

506 663 598 696 Vergt.
624 662 753 688 Boczek's
778 663 844 688 Cod.
871 662 980 696 diplom.
1005 661 1024 687 Ι.
1051 670 1076 695 p.
1103 660 1141 686 34
1167 670 1190 686 n.
1218 661 1283 689 49.»

1004 783 1045 817 5.

246 858 371 913 Pabst
390 878 523 913 Johann
543 878 632 912 VIII.
662 878 834 912 ermabnet
854 878 917 911 den
938 877 1173 914 Montemerus.
1203 877 1340 924 Herzog
1358 889 1426 913 von
1448 878 1655 923 Slawonien,
1686 883 1717 914 in
1738 881 1790 914 die
1810 881 1947 916 Panno-

94 937 213 975 nische
233 939 356 974 Dioces
375 938 674 973 zuruckzukebren
696 939 760 972 und
780 938 851 973 sich
871 943 967 972 unter
990 939 1043 972 die
1063 937 1172 972 Obhut
1200 939 1260 973 des
1281 939 1354 973 dort
1383 938 1558 973 bestellten
1580 939 1756 975 Bischoses
1777 941 1947 987 (Methodjt

92 1012 132 1035 zu
160 1000 324 1045 begeben.
380 1011 429 1034 cc.
460 999 547 1034 875.

399 1078 503 1111 (Erben
529 1079 636 1112 aegest.
661 1078 771 1105 Bohem.
797 1083 822 1105 et
847 1079 945 1105 Μυῖαν.
978 1088 1002 1113 p.
1029 1078 1068 1104 16
1093 1087 1117 1104 n.
1143 1078 1199 1114 40,
1235 1079 1302 1105 nach
1327 1079 1418 1105 Timon
1446 1080 1490 1106 Im.
1517 1084 1571 1106 ant.
1596 1080 1683 1115 Huug.
1714 1080 1782 1108 143.
1813 1098 1842 1100 —
1873 1083 1949 1117 Fejer

505 1131 533 1157 C.
560 1129 595 1157 Ι).
621 1131 651 1157 11.
678 1131 695 1157 I.
723 1140 747 1166 p.
778 1131 843 1157 ¹96.
874 1147 904 1150 —-
934 1130 1001 1157 saffe‘
1026 1131 1092 1165 Reg.
1116 1130 1142 1156 P.
1168 1130 1196 1156 R.
1220 1140 1245 1165 p.
1272 1130 1332 1157 2613
1360 1141 1384 1157 n.
1409 1130 1520 1162 2259.)

1000 1251 1044 1287 6.

91 1330 200 1365 Pabst
219 1331 358 1365 Joleann
385 1331 478 1366 VIII.
509 1330 659 1364 schreibt
679 1342 723 1364 au
752 1331 813 1364 deu
837 1331 967 1374 Grafen
989 1330 1107 1364 e'laocit
1134 1341 1248 1375 weyen
1278 1332 1338 1364 det·
1358 1331 1690 1376 Ne'chtcerstossmaey
1718 1333 1779 1366 der
1797 1334 1945 1367 Fraueu.

931 1390 992 1424 Dt.
1021 1390 1108 1424 877.
1690 1392 1693 1395 ’

247 1467 418 1522 «loannes
446 1487 537 1522 VIII.
573 1500 656 1534 papa
686 1488 788 1522 Cozili
822 1491 931 1521 comiti
965 1487 1006 1521 de
1040 1487 1090 1521 his
1127 1491 1181 1534 qui
1219 1499 1344 1522 uxores
1374 1499 1454 1522 suas
1488 1488 1683 1523 dimiserunt
1710 1491 1763 1524 uel
1792 1491 1831 1524 ad
1865 1493 1948 1525 alias

90 1549 154 1583 illis
181 1548 369 1583 uiuentibus
398 1552 637 1593 migraueruut.

247 1609 351 1644 Porro
381 1621 439 1643 eos
468 1613 522 1656 qui
553 1622 677 1644 uxores
708 1621 786 1644 suas
815 1610 1010 1643 dimiserunt
1038 1610 1091 1643 uel
1119 1610 1183 1644 illis
1212 1609 1253 1644 ad
1282 1610 1363 1645 alias
1393 1611 1584 1646 uiuentibus
1612 1614 1840 1657 migraueruut
1859 1625 1949 1660 nup-

90 1673 160 1705 cias
189 1675 254 1705 tam
275 1670 327 1704 diu
357 1682 430 1705 cum
452 1673 688 1704 consentaneis
717 1681 831 1704 eorum
853 1673 1183 1705 excommunicamus
1204 1682 1379 1717 quousque
1399 1672 1642 1718 posterioribus
1662 1676 1798 1707 remotis
1817 1677 1947 1720 priores

90 1730 269 1778 penitendo
298 1734 499 1778 receperint.
545 1731 639 1765 Sicut
667 1734 753 1765 enim
784 1733 902 1777 nupcie
933 1744 950 1764 a
979 1730 1052 1764 Deo
1081 1734 1123 1765 ita
1153 1731 1337 1766 dium-cium
1365 1744 1383 1766 a
1413 1732 1545 1768 diabolo
1575 1738 1625 1767 est
1653 1737 1736 1767 teste
1765 1733 1800 1768 S.
1823 1735 1947 1779 Augu-

89 1795 176 1830 stino
204 1797 383 1838 repertum.
432 1791 526 1833 Quod
557 1795 643 1826 enim
673 1795 845 1826 coniunxit
875 1791 965 1825 Deus
994 1791 1092 1825 homo
1121 1803 1188 1826 non
1217 1797 1360 1838 separet.
1413 1792 1577 1839 Precipue
1607 1805 1680 1827 cum
1711 1794 1773 1827 hec
1802 1797 1946 1840 pessima

91 1853 297 1888 consuetudo
326 1864 371 1887 ex
407 1864 613 1899 paganorum
644 1864 736 1886 more
773 1856 969 1886 remanserit
999 1863 1138 1897 quorum
1173 1856 1205 1886 in
1234 1852 1353 1888 talibus
1382 1864 1449 1888 non
1485 1854 1568 1888 alius
1598 1857 1658 1887 nisi
1695 1858 1766 1900 ipse
1795 1855 1946 1889 diabolus

91 1904 348 1959 erat‘magister
376 1918 410 1948 et
437 1918 542 1948 autor.

393 1993 590 2026 (Waltenbacli
615 1994 640 2019 in
665 1994 717 2019 deu
742 1993 883 2026 Beitragcn
915 2001 960 2017 zur
986 1992 1147 2018 Gcseliicbte
1174 1993 1222 2018 der
1246 1992 1416 2020 christlicben
1443 1994 1537 2020 Kirtbv
1571 1996 1593 2020 iii
1620 1994 1726 2019 ,ilaliren
1752 1995 1803 2019 und
1829 1994 1945 2020 Bolimeu

503 2054 528 2080 p.
548 2046 586 2071 42³
613 2054 662 2072 aus
680 2047 765 2071 <finoni
785 2046 851 2072 (sod.
877 2045 925 2069 des
949 2044 1005 2070 ΧΗ.
1025 2044 1119 2070 Jahrb.
1138 2046 1161 2069 in
1180 2046 1228 2070 ‹ler
1245 2046 1381 2072 (Jtmutzer
1398 2045 1655 2080 Kapita-iluibliotbelx
1681 2054 1706 2071 u.
1726 2044 1786 2071 205
1806 2046 1822 2071 l'.
1842 2046 1890 2072 (37.
1906 2062 1946 2065 —

504 2098 595 2132 Vergt,
623 2098 752 2124 Boczek's
778 2098 843 2123 (od.
871 2097 979 2130 diplom.
1006 2096 1024 2122 l.
1052 2106 1076 2130 p.
1104 2096 1142 2122 36
1169 2105 1193 2122 u.
1221 2095 1287 2133 53.)

1003 2216 1042 2252 ἵ.

248 2292 388 2357 Konig
422 2314 547 2348 Arnult'
576 2314 717 2349 scbenkt
750 2314 822 2347 dem
860 2312 948 2347 Abte
984 2313 1148 2358 Snelpero
1187 2313 1369 2359 „quasdam
1402 2326 1458 2348 res
1495 2316 1706 2359 proprietatis
1739 2318 1875 2348 nostrae
1912 2318 1944 2349 in

91 2377 260 2420 proprium
294 2393 358 2408 —.
393 2372 456 2407 hoc
492 2381 542 2409 est
578 2381 644 2409 tres
682 2376 783 2409 hobas
819 2374 1034 2407 dominicales
1064 2375 1159 2418 juxta
1197 2377 1304 2408 rivum
1339 2374 1498 2410 Scalaba.
1536 2377 1565 2407 in
1597 2377 1752 2408 comitatu
1782 2374 1941 2417 Arbonis.

92 2445 174 2480 quas
207 2436 299 2481 prius
336 2434 399 2467 duo
429 2434 558 2479 Solam,
589 2436 763 2470 Wartman
799 2440 830 2468 et
860 2436 952 2468 Saxo
980 2436 1179 2479 nuncupati.
1212 2439 1398 2469 tenuerunt.
1433 2456 1473 2459 —
1509 2435 1592 2468 Data
1622 2434 1789 2469 Kalendas
1818 2436 1942 2481 Aprilis

92 2506 180 2530 anno
208 2495 296 2529 dom.
327 2497 391 2528 inc.
423 2493 753 2530 DCCCLXXXVlll.
785 2496 853 2529 lud.
887 2494 940 2528 Vl.
971 2505 1060 2529 anuo
1088 2494 1217 2529 Arnolli
1246 2498 1335 2541 regis
1363 2493 1387 2530 l.
1418 2497 1538 2530 Actum
1569 2495 1608 2528 ad
1637 2499 1876 2530 monasterium
1906 2495 1941 2529 S.

92 2556 271 2591 Floriani.“
309 2577 320 2579 -
338 2576 349 2579 -

403 2617 505 2646 (Erben
523 2615 635 2653 Regest.
654 2619 753 2646 Bohem
792 2623 816 2645 rt
835 2619 934 2646 Mei-av.
960 2627 984 2652 p.
1008 2618 1044 2644 19
1070 2627 1093 2644 n.
1112 2618 1162 2654 46,
1187 2619 1253 2644 nach
1279 2619 1329 2645 den
1347 2619 1415 2645 Mon.
1435 2618 1507 2645 Boic.
1533 2618 1626 2645 xxxi.
1652 2619 1672 2647 Ι.
1697 2628 1723 2653 μ.
1749 2619 1807 2645 126
1834 2628 1858 2645 n.
1878 2619 1942 2647 59.»

1740 2668 1806 2698 89ss
