2184 2828
1018 112 1090 147 909

1003 265 1110 301 353.

127 328 194 362 Die
222 327 435 372 Marhyrc'ifin
463 339 526 360 ron
555 327 700 361 Maleren
729 327 922 361 *cereremlet
949 326 1022 360 sicle
1050 325 1135 360 heim
1161 325 1291 359 Pabste
1316 328 1373 370 seir
1402 328 1497 361 ihren
1524 328 1697 372 Isapellsm
1716 329 1840 363 Jalmh.
1863 329 1978 363 Dom-

127 389 228 422 herm
264 387 320 421 bei
352 388 412 421 der
447 387 577 422 lsirehe
613 389 672 421 des
707 388 739 421 Ιι.
769 387 912 421 Marlms
948 399 989 421 zu
1033 386 1192 431 Venediq,
1228 398 1279 420 ηηι
1314 387 1500 433 ΕΓΙιοῚ-ιιης]
1534 391 1649 423 seiuer
1684 392 1980 435 rorzntragyenden

710 448 818 482 Bitle.
849 460 879 481 o.
909 448 954 482 D.
985 459 1015 481 ιι.
1049 448 1087 481 0.
1119 447 1385 484 1334—1346.

281 497 401 551 Pater
430 520 638 551 sanctissime
666 522 697 551 et
726 520 768 551 mi
798 517 929 551 domine
953 517 1168 560 Reverende,
1194 517 1367 551 Sanctitati
1392 523 1506 553 vestre
1531 520 1694 566 supplico,
1718 525 1782 554 tam
1803 520 1979 566 humiliter,

124 588 221 623 quam
251 578 383 621 devote,
413 582 575 624 quatenus
603 581 635 612 in
664 589 810 624 persona
837 578 955 612 Jacobi
983 577 1113 612 Nicolai
1142 578 1184 612 de
1211 578 1332 622 Pecca,
1361 578 1402 612 de
1422 578 1584 623 Venetiis,
1609 580 1981 627 Can011[ici)Ecclesie

123 641 230 673 sancti
261 638 367 673 Marci
401 638 554 673 Venetiis
591 639 792 686 presbyteri,
831 638 1000 685 Capeliani
1038 642 1114 683 mei,
1151 639 1331 685 specialem
1370 639 1447 673 mihi
1484 644 1623 685 gratiam
1660 642 1834 684 facientes,
1873 646 1981 689 ipsum

124 699 305 745 dignemini
324 703 356 733 in
376 710 441 733 una
461 700 715 746 supplicatione,
736 711 833 745 quam
855 700 1030 734 Sanctitati
1055 704 1171 735 vestre
1196 699 1329 734 duxerit
1349 700 1564 745 offerendam,
1585 706 1784 747 generosius
1805 703 1980 747 exaudire⁷

122 765 220 807 prout
248 760 328 794 alias
357 760 465 794 eidem
495 763 663 794 sanctitati
691 765 804 795 vestre
833 760 999 794 humiliter
1027 761 1222 807 supplicavi.
1262 760 1455 796 Reddentes
1491 765 1523 795 in
1557 762 1620 796 lioc
1649 774 1701 797 me
1730 765 1826 798 solita
1855 767 1981 810 pietate

124 820 296 855 favoribus
325 821 517 867 apostolicis
553 821 772 864 consolatum,
807 826 873 855 tam
910 832 1089 867 personam
1122 826 1269 856 vestram
1305 825 1548 856 sanctissimam
1582 825 1981 870 conservare.‹lig11etur

124 882 302 916 altissimus
321 893 382 928 per
400 886 549 927 tempora
570 882 722 927 longiora
744 882 783 915 ad
804 885 954 927 regimen
974 881 1129 916 Ecclesie
1150 893 1210 917 sue
1231 887 1357 917 sancte.
1379 882 1510 917 Datum.
1536 883 1588 918 Ex
1607 889 1702 930 parte
1723 885 1980 921 Marchionisse.

433 943 544 977 (Jacobi
569 944 630 969 cod.
657 944 765 978 epistol.
791 943 924 970 =lobannis
948 945 1022 977 regis
1047 943 1202 970 Boliemiae.
1228 944 1255 970 S.
1281 944 1330 970 47.
1356 953 1381 970 η.
1410 944 1496 979 101.)

1003 1064 1110 1099 354.

123 1124 314 1169 Murhyraf
335 1124 425 1158 Karl
452 1124 588 1169 besiehlt
617 1125 678 1158 den
708 1124 868 1169 Bilrssern
905 1137 966 1159 rote
995 1125 1157 1167 Jamm'lz,
1192 1126 1272 1159 dass
1306 1127 1357 1159 sie
1390 1126 1463 1160 dem
1492 1126 1665 1172 Znagsmer
1693 1128 1802 1162 ιΙιιᾱεη
1833 1129 1981 1164 Neclzlm

329 1185 505 1230 hez-iiqle'clc
533 1187 648 1219 see'ner
675 1185 852 1230 Erhqit'ter
877 1186 1021 1230 yerechl
1051 1187 1196 1220 werden.
1232 1198 1263 1221 o.
1293 1186 1337 1220 D.
1368 1199 1400 1221 τι.
1432 1187 1471 1221 0.
1505 1187 1771 1224 1334—13sto‘.

280 1244 373 1298 Vos
401 1263 618 1309 Henrsicum)
647 1263 813 1307 Judicem,
849 1268 880 1298 et
913 1263 1050 1298 Juratos
1085 1264 1236 1299 Civitatis
1272 1265 1542 1311 Gemnicentsis)
1580 1266 1676 1301 nobis
1712 1268 1863 1312 dilectos‚
1893 1272 1981 1303 scire

124 1325 287 1368 volumus,
322 1336 383 1359 nos
419 1324 545 1359 vidisse
579 1323 728 1359 Civitatis
762 1328 878 1359 vestre
913 1330 1066 1371 patentes
1104 1326 1229 1361 litteras
1263 1331 1294 1361 et
1323 1329 1411 1371 J'ura‚
1447 1339 1511 1374 que
1541 1327 1703 1362 Nechlino
1727 1329 1831 1373 judeo
1859 1329 1982 1377 Znoy-

122 1385 278 1432 men(si),
307 1385 448 1419 Camere
475 1389 590 1419 nostre
619 1396 721 1420 servo
750 1390 942 1432 competunt
977 1389 1008 1420 in
1043 1386 1174 1420 domum
1209 1388 1284 1421 olim
1318 1387 1482 1433 Berngeri
1512 1388 1688 1434 Clu-igleri,
1726 1390 1818 1424 Civis
1846 1390 1982 1425 Jemui-

123 1446 269 1492 cen(sis)
293 1451 326 1480 et
349 1449 540 1491 integritate
567 1457 736 1491 agrorum,
766 1446 806 1480 ad
832 1449 937 1492 ipsam
964 1446 1094 1481 domum
1121 1451 1354 1494 spectantiunn
1375 1453 1471 1495 prout
1492 1453 1522 1483 in
1543 1452 1625 1496 ipsis
1645 1451 1761 1485 litteris
1781 1455 1980 1496 continetur,

121 1512 155 1541 et
196 1507 281 1552 quod
319 1507 466 1553 predicta
499 1508 575 1551 jura
615 1505 831 1552 Nechli(nus)
871 1507 1059 1542 obtinuerat
1097 1513 1175 1542 aute
1212 1512 1482 1555 persecutionem
1516 1511 1693 1555 judeorum
1733 1517 1765 1546 et
1802 1517 1979 1559 antequam

121 1567 249 1602 Civitas
285 1567 554 1613 Genmicen(sis)
590 1567 687 1602 suerit
723 1573 863 1614 paterno
902 1573 933 1602 et
969 1573 1085 1603 nostro
1120 1569 1207 1603 fideli
1240 1569 1459 1616 Vt'tllffielnw)
1499 1571 1539 1605 de
1573 1571 1744 1607 Lantstain
1782 1572 1911 1608 subdita
1947 1578 1980 1608 et

120 1631 308 1663 commissa.
344 1628 385 1662 Et
424 1631 497 1675 quia
531 1631 723 1663 asseruistis
756 1633 789 1662 et
821 1632 987 1673 asseritis,
1023 1630 1109 1676 quod
1143 1630 1183 1664 ad
1219 1631 1407 1665 mandatum
1442 1632 1581 1679 predicti
1611 1633 1817 1679 Willi(elmi)
1846 1635 1980 1669 domum

119 1694 304 1736 pretactam
333 1690 572 1723 Alienaveritis
602 1702 619 1723 a
648 1689 778 1736 prefato
813 1689 988 1734 NechlinQ
1024 1695 1089 1724 tam
1127 1696 1310 1726 memorato
1340 1692 1526 1738 Berngero,
1561 1705 1657 1739 quam
1688 1698 1757 1729 suis
1787 1695 1979 1740 heredibus,

119 1750 326 1785 restituendo
355 1753 386 1784 in
416 1753 518 1797 ipsius
547 1749 701 1785 Nechlini
729 1751 947 1797 prejudicium
977 1756 1010 1785 et
1038 1763 1234 1797 gravamen.
1271 1752 1400 1787 Idcirco
1428 1765 1529 1798 nunc,
1560 1766 1633 1788 cum
1664 1758 1787 1790 nostris
1815 1756 1979 1791 mandatis

120 1810 270 1846 debeatis
307 1811 480 1846 intendere
516 1823 555 1845 ac
590 1822 721 1857 parere,
758 1811 855 1846 vohis
890 1815 1093 1859 precipimus
1129 1817 1160 1847 et
1197 1814 1392 1849 mandamus
1427 1818 1561 1861 precise
1601 1816 1767 1860 volentes,
1805 1816 1979 1858 Quatenus

120 1871 239 1906 dictum
268 1871 465 1906 Nechlinum
494 1877 676 1906 memorate
705 1872 822 1907 domus
851 1877 884 1906 et
913 1884 1068 1918 agrorum
1104 1878 1135 1907 et
1173 1878 1317 1909 omnium
1348 1879 1575 1922 spectancinm
1605 1877 1645 1910 ad
1675 1877 1815 1912 eandem
1846 1878 1979 1914 faciatis

119 1937 300 1978 potentem,
329 1933 540 1980 presentibus
570 1936 678 1967 statim
706 1936 800 1976 visis,
830 1933 940 1968 Nichil
968 1937 1001 1968 in
1030 1938 1230 1969 contrarium
1260 1936 1500 1981 pretendendo.
1532 1937 1571 1971 Et
1601 1940 1628 1971 si
1659 1941 1730 1984 quis
1756 1943 1871 1972 contra
1894 1951 1978 1985 pre—

118 1991 222 2027 fatum
251 1993 448 2028 Nechlinum
478 1999 508 2028 et
536 1999 704 2040 pretaetas
734 1994 885 2028 Civitatis
915 1999 1027 2028 vestre
1055 1996 1182 2029 litteras
1210 1997 1353 2031 voluerit
1382 2000 1413 2031 in
1443 1998 1575 2032 Judicio
1600 1999 1741 2043 litigare.
1769 2000 1798 2033 id
1823 2000 1977 2035 volumus

119 2052 192 2087 fieri
228 2065 339 2088 coram
378 2055 605 2089 venerabilem
641 2055 829 2089 Johannem
867 2055 1069 2102 Episcopum
1106 2056 1414 2102 OlomtuccnsemJ,
1453 2058 1670 2105 Capitaneum
1706 2059 1906 2107 Moravtie}
1944 2065 1977 2096 in

118 2116 259 2148 termino
287 2120 318 2149 et
346 2116 432 2160 loco,
462 2128 525 2162 que
550 2116 636 2150 idem
662 2115 851 2162 Episcopus
876 2116 916 2149 ad
944 2116 1006 2151 hoc
1032 2117 1165 2151 duxerit
1189 2118 1394 2164 prefigenda.
1427 2119 1579 2154 Pretacto
1600 2120 1756 2155 neclilino
1776 2121 1976 2166 inhibemus,

119 2178 153 2209 ut
187 2174 308 2209 nullum
343 2187 486 2222 querere
519 2176 638 2211 debeat
672 2188 773 2223 super
805 2176 955 2224 predicta
990 2177 1087 2212 domo
1120 2178 1285 2213 Judicium
1321 2190 1433 2214 coram
1474 2181 1569 2216 vohis
1604 2181 1663 2216 sed
1701 2185 1825 2216 tantam
1863 2194 1976 2218 coram

118 2234 288 2281 Episcopo
325 2241 356 2270 et
393 2241 569 2284 capitaneo
606 2237 795 2272 Antedicto.
839 2237 912 2272 Tibi
953 2249 1084 2284 quoque
1123 2239 1318 2286 llenr(ico]‚
1355 2240 1464 2275 Judici
1502 2242 1663 2287 predicto,
1703 2246 1906 2290 precipimus
1944 2249 1976 2278 et

119 2295 312 2330 mandamus
340 2297 505 2342 volentes,
533 2303 565 2332 ut
590 2298 761 2345 sepedicto
785 2297 949 2333 Neclilino
975 2310 1078 2346 super
1102 2303 1243 2346 pecunia
1270 2301 1324 2335 vel
1349 2302 1411 2336 alia
1433 2314 1547 2345 cansa,
1569 2314 1631 2348 qua
1653 2314 1790 2338 monere
1810 2304 1975 2348 habuerit⁷

113 2358 287 2401 justitiam,
324 2357 486 2393 mediante
519 2359 573 2405 [Ὁ
609 2359 669 2394 sibi
703 2371 814 2394 coram
848 2359 1018 2405 Episcopo
1054 2365 1085 2394 et
1119 2360 1301 2407 Capitaneo
1335 2363 1497 2408 prelibato
1531 2363 1570 2396 ad
1609 2363 1739 2408 objecta
1769 2365 1912 2411 quelibet
1942 2369 1974 2400 in

117 2417 191 2451 loco
220 2421 252 2451 et
282 2420 433 2461 termino,
463 2423 643 2465 assignatis
672 2420 745 2464 sibi,
775 2419 901 2454 debeas
937 2421 1156 2467 respondere,
1193 2422 1290 2456 nullis
1323 2423 1397 2458 aliis
1433 2424 1550 2458 litteris
1587 2428 1720 2469 nostris,
1750 2429 1777 2461 si
1808 2438 1870 2472 que
1900 2426 1975 2459 date

117 2476 270 2521 fuissent,
305 2482 361 2512 aut
394 2478 560 2524 darentur,
597 2484 629 2516 in
664 2483 864 2515 contrarium
901 2481 1065 2525 valituris,
1104 2482 1220 2528 quihus
1257 2490 1433 2529 presentes
1471 2485 1624 2520 volumus
1662 2487 1839 2532 prevalere
1875 2488 1974 2531 sigilli

117 2541 219 2573 nostri
249 2542 455 2585 appensione
484 2544 625 2576 munitas
655 2547 687 2576 et
716 2547 796 2576 ectr.

427 2601 537 2631 (Jvu-obi
563 2603 624 2629 cod.
651 2605 757 2638 epistol.
781 2601 913 2631 Johannis
938 2613 995 2639 reg.
1021 2605 1146 2632 Boliemia
1173 2608 1198 2632 S,
1227 2607 1275 2633 GC.
1302 2616 1326 2634 n.
1356 2608 1438 2639 15⁸2)

1772 2663 1779 2688 l
1795 2663 1827 2688 Ιῖ)
